{"host":"7oiwk103j2prpym5","time":1612123528,"event":{"mods":["BaseMod","BetterRewards","Colored Map","Colored Powertips","GifTheSpireLib","Infinite Spire","Minty Spire (QoL Compilation)","Permanent Neow","Relic Filter Mod","Reliquary","Remove Card Discount Mod","Replay The Spire","StSLib","Stuff the Spire","Weighted Paths"],"gold_per_floor":[112,127,127,202,212,212,212,222,299,334,348,348,360,370,370,465,465,485,475,475,486,401,428,49,64,64,92,107,107,107],"floor_reached":29,"language":"ENG","playtime":2047,"items_purged":["Strike_G","Defend_G","Strike_G"],"score":269,"play_id":"19b1b915-f970-4b3c-b9fe-60e5d6f7d3b1","local_time":"20210131140528","is_ascension_mode":false,"campfire_choices":[{"floor":6,"key":"REST"},{"floor":12,"key":"REST"},{"floor":15,"key":"DIG"}],"circlet_count":0,"master_deck":["Strike_G","Strike_G","Strike_G","Defend_G","Defend_G","Defend_G","Defend_G","Survivor","Neutralize","StuffTheSpire:DoubleShiv","Deadly Poison","Dagger Spray","Blur","Slice","Deflect","Poisoned Stab","Dagger Spray+1","Blade Dance","Deflect+1","Poisoned Stab","Toxin Wave","Toxin Wave","Accuracy","Flechettes+1","Crippling Poison+1"],"relics":["Painkiller Herb","Potion Belt","HornCleat","Gambling Chip","Strawberry","Ring of Chaos","Replay:Kaleidoscope","Bronze Scales","Singing Bowl","reliquary:TatteredRug","reliquary:PorcupineQuills"],"acts_visited":["Exordium","TheCity"],"potions_floor_usage":[10,16,23,27,29],"damage_taken":[{"damage":0,"enemies":"2 Louse","floor":1,"turns":4},{"damage":1,"enemies":"Jaw Worm","floor":2,"turns":5},{"damage":0,"enemies":"Cultist","floor":5,"turns":3},{"damage":13,"enemies":"Large Slime","floor":8,"turns":7},{"damage":31,"enemies":"Gremlin Nob","floor":10,"turns":5},{"damage":0,"enemies":"Looter","floor":11,"turns":3},{"damage":6,"enemies":"3 Louse","floor":13,"turns":3},{"damage":0,"enemies":"Large Slime","floor":14,"turns":5},{"damage":18,"enemies":"Slime Boss","floor":16,"turns":5},{"damage":5,"enemies":"Shell Parasite","floor":18,"turns":7},{"damage":2,"enemies":"2 Thieves","floor":19,"turns":4},{"damage":16,"enemies":"Shelled Parasite and Fungi","floor":21,"turns":9},{"damage":11,"enemies":"Replay:Snechameleon","floor":23,"turns":7},{"damage":13,"enemies":"Centurion and Healer","floor":25,"turns":6},{"damage":15,"enemies":"Book of Stabbing","floor":27,"turns":5},{"damage":7,"enemies":"Cultist and Chosen","floor":28,"turns":6},{"damage":22,"enemies":"Shelled Parasite and Fungi","floor":29,"turns":2}],"seed_played":"-232606617249132964","potions_obtained":[{"floor":2,"key":"SteroidPotion"},{"floor":8,"key":"Reflective Coating"},{"floor":14,"key":"Death Potion"},{"floor":21,"key":"FearPotion"},{"floor":23,"key":"CultistPotion"},{"floor":28,"key":"Fire Potion"}],"is_trial":false,"path_per_floor":["?","?","?","?","?","T","T","?","T","E","?","T","?","?","R_BF","B",null,"?","?","?","?","?","E","T","?","T","E","?","?"],"character_chosen":"THE_SILENT","items_purchased":["Singing Bowl","Toxin Wave","Accuracy"],"campfire_rested":2,"item_purchase_floors":[24,24,24],"current_hp_per_floor":[70,69,57,46,46,67,67,54,54,23,23,44,38,38,45,27,77,72,70,70,54,54,43,43,32,32,17,10,0,0],"gold":107,"neow_bonus":"BOSS_RELIC","is_daily":false,"chose_seed":false,"campfire_upgraded":0,"win_rate":0.0,"timestamp":1612123528,"path_taken":["?","?","?","?","?","T","?","?","T","E","?","T","?","?","R_BF","BOSS","?","?","?","?","?","E","T","?","T","E","?","?"],"items_purchased_type":["Relic","Card","Card"],"build_version":"2020-12-22","purchased_purges":3,"victory":false,"max_hp_per_floor":[70,70,70,70,70,70,70,70,70,70,70,70,70,70,77,77,77,77,77,77,77,77,77,77,79,79,79,79,79,79],"card_choices":[{"not_picked":["Deflect","Slice"],"picked":"StuffTheSpire:DoubleShiv","floor":1},{"not_picked":["Underhanded Strike","StuffTheSpire:Python"],"picked":"Deadly Poison","floor":2},{"not_picked":["Underhanded Strike","Reflex"],"picked":"Dagger Spray","floor":5},{"not_picked":["Outmaneuver","Skewer"],"picked":"Blur","floor":8},{"not_picked":["StuffTheSpire:Incursion","Tools of the Trade","Choke"],"picked":"SKIP","floor":10},{"not_picked":["Quick Slash","StuffTheSpire:Python"],"picked":"Slice","floor":11},{"not_picked":["Sneak Up","Dagger Spray"],"picked":"Deflect","floor":13},{"not_picked":["Prepared","Caltrops"],"picked":"Poisoned Stab","floor":14},{"not_picked":["Fluid Movement","Bane"],"picked":"Dagger Spray+1","floor":18},{"not_picked":["Blur","Underhanded Strike"],"picked":"Blade Dance","floor":19},{"not_picked":["Finisher","Hidden Blade"],"picked":"Deflect+1","floor":21},{"not_picked":["Reflex","Night Terror"],"picked":"Poisoned Stab","floor":23},{"not_picked":["StuffTheSpire:Injection+1","Dagger Throw","Well Laid Plans"],"picked":"Singing Bowl","floor":25},{"not_picked":["Fluid Movement","Dodge and Roll"],"picked":"Flechettes+1","floor":27},{"not_picked":["Blade Dance+1","Sucker Punch"],"picked":"Crippling Poison+1","floor":28}],"player_experience":819965,"relics_obtained":[{"floor":9,"key":"HornCleat"},{"floor":10,"key":"Gambling Chip"},{"floor":15,"key":"Strawberry"},{"floor":23,"key":"Bronze Scales"},{"floor":26,"key":"reliquary:TatteredRug"},{"floor":27,"key":"reliquary:PorcupineQuills"}],"event_choices":[{"damage_healed":0,"gold_gain":0,"player_choice":"Success","damage_taken":12,"relics_obtained":["Potion Belt"],"max_hp_gain":0,"max_hp_loss":0,"event_name":"Scrap Ooze","floor":3,"gold_loss":0},{"damage_healed":0,"gold_gain":75,"player_choice":"Gather Gold","damage_taken":11,"max_hp_gain":0,"max_hp_loss":0,"event_name":"World of Goop","floor":4,"gold_loss":0},{"damage_healed":0,"gold_gain":0,"player_choice":"Ignored","damage_taken":0,"max_hp_gain":0,"max_hp_loss":0,"event_name":"Ghosts","floor":20,"gold_loss":0},{"damage_healed":0,"gold_gain":0,"player_choice":"Obtained Relic","damage_taken":0,"relics_obtained":["Replay:Kaleidoscope"],"max_hp_gain":0,"max_hp_loss":0,"event_name":"Addict","floor":22,"gold_loss":85}],"is_beta":false,"boss_relics":[{"not_picked":["reliquary:WritOfMandamus","Runic Pyramid"],"picked":"Ring of Chaos"}],"items_purged_floors":[24,24,24],"is_endless":false,"potions_floor_spawned":[2,8,14,21,23,28],"killed_by":"Shelled Parasite and Fungi","ascension_level":0}}