{"host":"d5i1qeb9dejicw1z","time":1612070916,"event":{"mods":["AchievementEnabler","BaseMod","Better Note","BetterRewards","Gold Saver","Minty Spire (QoL Compilation)","Permanent Neow","Relic Filter Mod","Reliquary","Replay The Spire","StSLib"],"gold_per_floor":[16,16,16,35,54,54,54,71,97,112,112,137,137,151,151,151,151],"floor_reached":16,"language":"ENG","playtime":647,"items_purged":[],"score":199,"play_id":"07410e46-cc24-4b71-8b51-078f737cbb5f","local_time":"20210130212836","is_ascension_mode":true,"campfire_choices":[{"data":"Adrenaline","floor":6,"key":"SMITH"},{"floor":13,"key":"REST"},{"floor":15,"key":"REST"}],"circlet_count":0,"master_deck":["AscendersBane","Strike_G","Strike_G","Strike_G","Strike_G","Defend_G","Defend_G","Defend_G","Defend_G","Survivor","Neutralize","Adrenaline+1","Blade Dance","Cloak And Dagger","Escape Plan","Blade Dance"],"relics":["Ring of the Snake","Blue Doll","reliquary:QuartzCube","Blood Vial"],"acts_visited":["Exordium"],"potions_floor_usage":[8,10],"damage_taken":[{"damage":0,"enemies":"2 Louse","floor":1,"turns":5},{"damage":0,"enemies":"Small Slimes","floor":4,"turns":3},{"damage":1,"enemies":"Cultist","floor":5,"turns":4},{"damage":2,"enemies":"3 Louse","floor":8,"turns":3},{"damage":6,"enemies":"Blue Slaver","floor":10,"turns":3},{"damage":41,"enemies":"Lagavulin","floor":12,"turns":7},{"damage":0,"enemies":"Looter","floor":14,"turns":2},{"damage":44,"enemies":"Fading Forest","floor":16,"turns":8}],"seed_played":"6098139018507938542","potions_obtained":[{"floor":4,"key":"AttackPotion"},{"floor":5,"key":"Swift Potion"},{"floor":12,"key":"SmokeBomb"}],"is_trial":false,"path_per_floor":["M","?","?","M","M","R","?","M","T","M","T","E","R","M","R","B"],"character_chosen":"THE_SILENT","items_purchased":[],"campfire_rested":2,"item_purchase_floors":[],"current_hp_per_floor":[59,52,52,52,51,51,51,49,49,43,43,2,21,23,42,0,0],"gold":151,"neow_bonus":"THREE_RARE_CARDS","is_daily":false,"chose_seed":false,"campfire_upgraded":1,"win_rate":0.0,"timestamp":1612070916,"path_taken":["M","?","?","M","?","R","?","M","T","M","?","E","R","M","R","BOSS"],"items_purchased_type":[],"build_version":"2020-12-22","purchased_purges":0,"victory":false,"max_hp_per_floor":[66,66,66,66,66,66,66,66,66,66,66,66,66,66,66,66,66],"card_choices":[{"not_picked":["A Thousand Cuts","Tools of the Trade"],"picked":"Adrenaline","floor":0},{"not_picked":["ReplayTheSpireMod:The Works","Expertise"],"picked":"Blade Dance","floor":1},{"not_picked":["PiercingWail","Catalyst"],"picked":"Cloak And Dagger","floor":4},{"not_picked":["Quick Slash","Flying Knee","Concentrate"],"picked":"SKIP","floor":5},{"not_picked":["ReplayTheSpireMod:Tripwire","Outmaneuver"],"picked":"Escape Plan","floor":8},{"not_picked":["Poisoned Stab","Acrobatics"],"picked":"Blade Dance","floor":10},{"not_picked":["Sucker Punch","Underhanded Strike","ReplayTheSpireMod:Tripwire"],"picked":"SKIP","floor":12},{"not_picked":["ReplayTheSpireMod:Tripwire","All Out Attack","Underhanded Strike"],"picked":"SKIP","floor":14}],"player_experience":1188011,"relics_obtained":[{"floor":9,"key":"Blue Doll"},{"floor":11,"key":"reliquary:QuartzCube"},{"floor":12,"key":"Blood Vial"}],"event_choices":[{"cards_removed":["Defend_G"],"damage_healed":0,"gold_gain":0,"player_choice":"Card Removal","damage_taken":7,"max_hp_gain":0,"max_hp_loss":0,"event_name":"Golden Wing","floor":2,"gold_loss":0},{"cards_removed":["Strike_G"],"damage_healed":0,"gold_gain":0,"player_choice":"Purged","damage_taken":0,"max_hp_gain":0,"max_hp_loss":0,"event_name":"Purifier","floor":3,"gold_loss":0},{"damage_healed":0,"gold_gain":0,"player_choice":"Leave","damage_taken":0,"max_hp_gain":0,"max_hp_loss":0,"event_name":"The Cleric","floor":7,"gold_loss":0}],"is_beta":false,"boss_relics":[],"items_purged_floors":[],"is_endless":false,"potions_floor_spawned":[4,5,12],"killed_by":"Fading Forest","ascension_level":19}}