{"host":"l12hrjjiowxu1z6t","time":1612108572,"event":{"mods":["BaseMod","Colored Map","GifTheSpireLib","Minty Spire (QoL Compilation)","Permanent Neow","StSLib","SuperFastMode"],"gold_per_floor":[114,114,9406,9406,9406,9421,9451,9451,9526,9556,9556,9571,9586,9154,9154,9254,9254,9269,8307,8307,8322,8322,8322,8352,8352,8352,8352,8352],"floor_reached":27,"language":"KOR","playtime":2173,"items_purged":["Strike_R","Pain","Biased Cognition"],"score":312,"play_id":"162c77b6-17e9-429e-8b86-4ba1d455375d","local_time":"20210201005612","daily_mods":["Allstar","Diverse","Elite Swarm"],"is_ascension_mode":false,"campfire_choices":[{"data":"Discovery","floor":8,"key":"SMITH"},{"floor":11,"key":"REST"},{"floor":15,"key":"REST"},{"data":"Inflame","floor":23,"key":"SMITH"},{"data":"Rainbow","floor":25,"key":"SMITH"}],"circlet_count":0,"master_deck":["Strike_R","Strike_R","Strike_R","Defend_R","Defend_R","Defend_R","Bash","Discovery+1","Blind","Transmutation+1","Impatience","Panacea","Conserve Battery","Secret Weapon","Inflame+1","Limit Break","Reprogram","Bloodletting","Jack Of All Trades","Secret Weapon","Acrobatics","Hyperbeam","Cleave","Outmaneuver","Blind","Magnetism","Hello World","Skewer","A Thousand Cuts","Berserk","Rainbow+1"],"relics":["Burning Blood","Incense Burner","Regal Pillow","Happy Flower","Chemical X","WarpedTongs","Self Forming Clay","Paper Frog","Bronze Scales","Sozu","Question Card","Cauldron","Akabeko","Blood Vial","Potion Belt"],"acts_visited":["Exordium","TheCity"],"potions_floor_usage":[16],"damage_taken":[{"damage":0,"enemies":"Small Slimes","floor":1,"turns":2},{"damage":0,"enemies":"Jaw Worm","floor":6,"turns":1},{"damage":40,"enemies":"Lagavulin","floor":7,"turns":11},{"damage":17,"enemies":"3 Sentries","floor":10,"turns":4},{"damage":4,"enemies":"Cultist","floor":12,"turns":2},{"damage":14,"enemies":"Lots of Slimes","floor":13,"turns":4},{"damage":55,"enemies":"Slime Boss","floor":16,"turns":10},{"damage":25,"enemies":"2 Thieves","floor":18,"turns":4},{"damage":29,"enemies":"Shell Parasite","floor":21,"turns":5},{"damage":35,"enemies":"Gremlin Leader","floor":24,"turns":6},{"damage":16,"enemies":"Slavers","floor":27,"turns":2}],"seed_played":"7510361231737359051","potions_obtained":[{"floor":12,"key":"Ancient Potion"},{"floor":13,"key":"Weak Potion"}],"is_trial":false,"path_per_floor":["M","?","$","?","?","M","E","R","T","E","R","M","M","$","R","B",null,"M","$","?","M","?","R","E","R","T","E"],"character_chosen":"IRONCLAD","items_purchased":["Regal Pillow","Happy Flower","Chemical X","Secret Weapon","Jack Of All Trades","Secret Weapon","Acrobatics","Question Card","Cauldron","Akabeko","Outmaneuver","Blind","Magnetism"],"campfire_rested":2,"item_purchase_floors":[3,3,3,3,14,14,14,19,19,19,19,19,19],"current_hp_per_floor":[80,62,62,46,46,52,18,18,18,7,46,48,40,40,79,30,80,61,61,61,38,38,38,9,9,9,0,0],"gold":8352,"neow_bonus":"","is_daily":true,"chose_seed":false,"campfire_upgraded":3,"win_rate":0.0,"timestamp":1612108572,"path_taken":["M","?","$","?","?","?","E","R","T","E","R","M","?","$","R","BOSS","M","$","?","M","?","R","E","R","T","E"],"items_purchased_type":["Relic","Relic","Relic","Card","Card","Card","Card","Relic","Relic","Relic","Card","Card","Card"],"build_version":"2020-12-22","purchased_purges":3,"victory":false,"max_hp_per_floor":[80,80,80,80,80,80,80,80,80,80,80,80,80,80,80,80,80,80,80,80,80,80,80,80,80,80,80,80],"card_choices":[{"not_picked":["Heavy Blade","Beam Cell"],"picked":"Conserve Battery","floor":1},{"not_picked":["Hologram","Conserve Battery"],"picked":"Inflame","floor":6},{"not_picked":["Envenom","All For One"],"picked":"Biased Cognition","floor":7},{"not_picked":["Machine Learning","Multi-Cast"],"picked":"Limit Break","floor":10},{"not_picked":["Poisoned Stab","Steam Power"],"picked":"Reprogram","floor":12},{"not_picked":["Sword Boomerang","Evolve"],"picked":"Bloodletting","floor":13},{"not_picked":["After Image","Wraith Form v2"],"picked":"Hyperbeam","floor":16},{"not_picked":["Hologram","Steam"],"picked":"Cleave","floor":18},{"not_picked":["Consume","Doom and Gloom","Hemokinesis"],"picked":"Skewer","floor":21},{"not_picked":["Tools of the Trade","Fission","Glass Knife"],"picked":"Rainbow","floor":24}],"player_experience":17850,"relics_obtained":[{"floor":7,"key":"Self Forming Clay"},{"floor":9,"key":"Paper Frog"},{"floor":10,"key":"Bronze Scales"},{"floor":24,"key":"Blood Vial"},{"floor":26,"key":"Potion Belt"}],"event_choices":[{"damage_healed":0,"gold_gain":0,"player_choice":"Success","damage_taken":18,"relics_obtained":["Incense Burner"],"max_hp_gain":0,"max_hp_loss":0,"event_name":"Scrap Ooze","floor":2,"gold_loss":0},{"damage_healed":0,"gold_gain":0,"player_choice":"Entered Light","damage_taken":16,"max_hp_gain":0,"max_hp_loss":0,"event_name":"Shining Light","floor":4,"gold_loss":0,"cards_upgraded":["Transmutation","Defend_R"]},{"damage_healed":0,"gold_gain":0,"player_choice":"Rummage","damage_taken":0,"relics_obtained":["WarpedTongs"],"max_hp_gain":0,"max_hp_loss":0,"event_name":"Accursed Blacksmith","floor":5,"gold_loss":0,"cards_obtained":["Pain"]},{"damage_healed":0,"gold_gain":0,"player_choice":"Read","damage_taken":0,"max_hp_gain":0,"max_hp_loss":0,"event_name":"The Library","floor":20,"gold_loss":0,"cards_obtained":["Hello World"]},{"damage_healed":0,"gold_gain":0,"cards_transformed":["Strike_R","Defend_R"],"player_choice":"Became Test Subject","damage_taken":0,"max_hp_gain":0,"max_hp_loss":0,"event_name":"Drug Dealer","floor":22,"gold_loss":0,"cards_obtained":["A Thousand Cuts","Berserk"]}],"is_beta":false,"boss_relics":[{"not_picked":["Mark of Pain","SlaversCollar"],"picked":"Sozu"}],"items_purged_floors":[3,14,19],"is_endless":false,"potions_floor_spawned":[12,13,18,24],"killed_by":"Slavers","ascension_level":0}}