{"host":"w4b7hmige5bnqipq","time":1612102575,"event":{"mods":["2.2 Compatiblity","BaseMod","Colored Map","DeckTracker","Keyboard Shortcuts","Minty Spire (QoL Compilation)","Permanent Neow","Rare Cards Sparkle","SuperFastMode","everything is the same but u backflip on backflip","slay the spire mod where everything is the same but ironclad has a cowboy hat"],"gold_per_floor":[209,0,13,26,26,58,114,140,166,176,192,210,210,210,210,283,283,294,57,57,70,84,113,113,144,144,157,173,11,11,11],"floor_reached":30,"language":"KOR","playtime":1020,"items_purged":["Strike_G"],"score":564,"play_id":"0d5d2076-221b-4de8-9f6c-e44a10c7496c","local_time":"20210131231615","is_ascension_mode":true,"campfire_choices":[{"data":"Bane","floor":13.0,"key":"SMITH"},{"data":"Neutralize","floor":15.0,"key":"SMITH"},{"data":"Noxious Fumes","floor":24.0,"key":"SMITH"}],"circlet_count":0,"master_deck":["AscendersBane","Strike_G","Strike_G","Strike_G","Strike_G","Defend_G","Defend_G","Defend_G","Defend_G","Defend_G","Survivor","Neutralize+1","Poisoned Stab","Backstab","Predator","PiercingWail","Noxious Fumes+1","Backflip","Catalyst","Bane+1","Tools of the Trade","Dash","Blade Dance","Blade Dance","Dash+1","Reflex","Tactician","Acrobatics"],"relics":["Ring of the Snake","Bag of Preparation","Potion Belt","Orichalcum","HornCleat","Vajra","Sozu","Nunchaku","SsserpentHead","Sundial","Smiling Mask","Happy Flower","Medical Kit"],"acts_visited":["Exordium","TheCity"],"potions_floor_usage":[],"damage_taken":[{"damage":3.0,"enemies":"Small Slimes","floor":1.0,"turns":6.0},{"damage":1.0,"enemies":"Cultist","floor":3.0,"turns":3.0},{"damage":0.0,"enemies":"2 Louse","floor":4.0,"turns":2.0},{"damage":8.0,"enemies":"Gremlin Nob","floor":6.0,"turns":3.0},{"damage":29.0,"enemies":"Lagavulin","floor":8.0,"turns":6.0},{"damage":0.0,"enemies":"Red Slaver","floor":10.0,"turns":3.0},{"damage":0.0,"enemies":"3 Louse","floor":11.0,"turns":3.0},{"damage":0.0,"enemies":"Large Slime","floor":12.0,"turns":5.0},{"damage":22.0,"enemies":"Slime Boss","floor":16.0,"turns":8.0},{"damage":3.0,"enemies":"2 Thieves","floor":18.0,"turns":4.0},{"damage":0.0,"enemies":"Chosen","floor":21.0,"turns":4.0},{"damage":0.0,"enemies":"Snake Plant","floor":22.0,"turns":4.0},{"damage":24.0,"enemies":"Gremlin Leader","floor":23.0,"turns":9.0},{"damage":26.0,"enemies":"Book of Stabbing","floor":25.0,"turns":5.0},{"damage":0.0,"enemies":"3 Cultists","floor":27.0,"turns":5.0},{"damage":0.0,"enemies":"Centurion and Healer","floor":28.0,"turns":5.0},{"damage":6,"enemies":"Snake Plant","floor":30,"turns":3}],"seed_played":"-7744460672635275462","potions_obtained":[{"floor":4.0,"key":"AttackPotion"},{"floor":12.0,"key":"Block Potion"},{"floor":14.0,"key":"Fruit Juice"},{"floor":14.0,"key":"Fruit Juice"}],"is_trial":false,"path_per_floor":["M","$","M","M","?","E","?","E","T","M","M","M","R","?","R","B",null,"M","$","?","M","M","E","R","E","T","M","M","$","M"],"character_chosen":"THE_SILENT","items_purchased":["Bag of Preparation","Backstab","Nunchaku","Medical Kit"],"campfire_rested":0,"item_purchase_floors":[2,2,19,29],"current_hp_per_floor":[56,56,55,55,50,42,42,13,13,13,13,13,13,13,23,1,57,54,54,54,54,54,30,30,4,4,4,4,4,0,0],"gold":11,"neow_bonus":"HUNDRED_GOLD","is_daily":false,"chose_seed":false,"campfire_upgraded":3,"win_rate":0.0,"timestamp":1612102575,"path_taken":["M","$","M","M","?","E","?","E","T","M","M","M","R","?","R","BOSS","M","$","?","M","M","E","R","E","T","M","M","$","M"],"items_purchased_type":["Relic","Card","Relic","Relic"],"build_version":"2020-12-22","purchased_purges":1,"victory":false,"max_hp_per_floor":[66,66,66,66,66,66,66,66,66,66,66,66,66,66,76,76,76,76,76,76,76,76,76,76,76,76,76,76,76,76,76],"card_choices":[{"not_picked":["Acrobatics","Flying Knee"],"picked":"Poisoned Stab","floor":1.0},{"not_picked":["Bane","Slice"],"picked":"Predator","floor":3.0},{"not_picked":["Poisoned Stab","Predator"],"picked":"PiercingWail","floor":4.0},{"not_picked":["Dagger Throw","Deadly Poison"],"picked":"Noxious Fumes","floor":6.0},{"not_picked":["Quick Slash","Underhanded Strike"],"picked":"Backflip","floor":8.0},{"not_picked":["Underhanded Strike","Deflect","Quick Slash"],"picked":"SKIP","floor":10.0},{"not_picked":["PiercingWail","Burst"],"picked":"Catalyst","floor":11.0},{"not_picked":["Dodge and Roll","Blade Dance"],"picked":"Bane","floor":12.0},{"not_picked":["Die Die Die","Envenom"],"picked":"Tools of the Trade","floor":16.0},{"not_picked":["Quick Slash","Flying Knee"],"picked":"Dash","floor":18.0},{"not_picked":["Deflect","Backflip"],"picked":"Blade Dance","floor":21.0},{"not_picked":["PiercingWail+1","Skewer"],"picked":"Blade Dance","floor":22.0},{"not_picked":["Outmaneuver","Blade Dance"],"picked":"Dash+1","floor":23.0},{"not_picked":["Backstab","Unload"],"picked":"Reflex","floor":25.0},{"not_picked":["Backflip","Noxious Fumes"],"picked":"Tactician","floor":27.0},{"not_picked":["Choke","Slice"],"picked":"Acrobatics","floor":28.0}],"player_experience":685731,"relics_obtained":[{"floor":6.0,"key":"Orichalcum"},{"floor":8.0,"key":"HornCleat"},{"floor":9.0,"key":"Vajra"},{"floor":23.0,"key":"Sundial"},{"floor":25.0,"key":"Smiling Mask"},{"floor":26.0,"key":"Happy Flower"}],"event_choices":[{"damage_healed":0.0,"max_hp_gain":0.0,"max_hp_loss":0.0,"gold_gain":0.0,"event_name":"Scrap Ooze","player_choice":"Success","floor":5.0,"gold_loss":0.0,"damage_taken":5.0,"relics_obtained":["Potion Belt"]},{"damage_healed":0.0,"max_hp_gain":0.0,"max_hp_loss":0.0,"gold_gain":56.0,"event_name":"Golden Wing","player_choice":"Gained Gold","floor":7.0,"gold_loss":0.0,"damage_taken":0.0},{"damage_healed":0.0,"max_hp_gain":0.0,"max_hp_loss":0.0,"gold_gain":0.0,"event_name":"Lab","player_choice":"Got Potions","floor":14.0,"gold_loss":0.0,"damage_taken":0.0},{"damage_healed":0.0,"max_hp_gain":0.0,"max_hp_loss":0.0,"gold_gain":0.0,"event_name":"FaceTrader","player_choice":"Trade","floor":20.0,"gold_loss":0.0,"damage_taken":0.0,"relics_obtained":["SsserpentHead"]}],"is_beta":false,"boss_relics":[{"not_picked":["Velvet Choker","Snecko Eye"],"picked":"Sozu"}],"items_purged_floors":[19],"is_endless":false,"potions_floor_spawned":[4,12,21,23,28],"killed_by":"Snake Plant","ascension_level":20}}