{"host":"640uue19m79c7wbt","time":1612112859,"event":{"mods":["BaseMod","Colored Map","Googly Eyes","Highlight Path","Minty Spire (QoL Compilation)","Quick Restart","StSLib"],"gold_per_floor":[113,113,127,127,143,172,172,200,200,235,235,235,235],"floor_reached":12,"language":"ENG","playtime":294,"items_purged":[],"score":230,"play_id":"e335ad40-a22d-4ef4-b719-dcc3a5124ce6","local_time":"20210131120739","is_ascension_mode":true,"campfire_choices":[{"floor":7.0,"key":"REST"},{"floor":11.0,"key":"REST"}],"circlet_count":0,"master_deck":["AscendersBane","Strike_G","Strike_G","Strike_G","Strike_G","Defend_G","Defend_G","Defend_G","Defend_G","Defend_G","Survivor","Neutralize","Well Laid Plans","Terror","Dagger Spray","Accuracy","After Image"],"relics":["Ring of the Snake","NeowsBlessing","FaceOfCleric","Happy Flower","Ninja Scroll","Pantograph","Nunchaku"],"acts_visited":["Exordium"],"potions_floor_usage":[],"damage_taken":[{"damage":0.0,"enemies":"Small Slimes","floor":1.0,"turns":1.0},{"damage":0.0,"enemies":"Cultist","floor":3.0,"turns":1.0},{"damage":0.0,"enemies":"Jaw Worm","floor":5.0,"turns":1.0},{"damage":47.0,"enemies":"Gremlin Nob","floor":6.0,"turns":5.0},{"damage":30.0,"enemies":"3 Sentries","floor":8.0,"turns":8.0},{"damage":0.0,"enemies":"Gremlin Nob","floor":10.0,"turns":1.0},{"damage":24,"enemies":"3 Sentries","floor":12,"turns":4}],"seed_played":"8711009472082589261","potions_obtained":[{"floor":1.0,"key":"SpeedPotion"},{"floor":5.0,"key":"Explosive Potion"},{"floor":8.0,"key":"SteroidPotion"}],"is_trial":false,"path_per_floor":["M","?","M","?","M","E","R","E","T","E","R","E"],"character_chosen":"THE_SILENT","items_purchased":[],"campfire_rested":2,"item_purchase_floors":[],"current_hp_per_floor":[59,59,60,60,61,15,35,6,6,7,28,4,4],"gold":235,"neow_bonus":"THREE_ENEMY_KILL","is_daily":false,"chose_seed":false,"campfire_upgraded":0,"win_rate":0.0,"timestamp":1612112859,"path_taken":["M","?","?","?","M","E","R","E","T","E","R","E"],"items_purchased_type":[],"build_version":"2020-12-22","purchased_purges":0,"victory":false,"max_hp_per_floor":[66,66,67,67,68,69,69,70,70,71,71,71,71],"card_choices":[{"not_picked":["Prepared","Finisher"],"picked":"Well Laid Plans","floor":1.0},{"not_picked":["Cloak And Dagger","Deflect"],"picked":"Terror","floor":3.0},{"not_picked":["Dagger Throw","Sucker Punch"],"picked":"Dagger Spray","floor":5.0},{"not_picked":["Expertise","Well Laid Plans","Outmaneuver"],"picked":"SKIP","floor":6.0},{"not_picked":["Infinite Blades","Malaise"],"picked":"Accuracy","floor":8.0},{"not_picked":["PiercingWail","Venomology"],"picked":"After Image","floor":10.0}],"player_experience":648735,"relics_obtained":[{"floor":6.0,"key":"Happy Flower"},{"floor":8.0,"key":"Ninja Scroll"},{"floor":9.0,"key":"Pantograph"},{"floor":10.0,"key":"Nunchaku"}],"event_choices":[{"damage_healed":0.0,"max_hp_gain":0.0,"max_hp_loss":0.0,"gold_gain":0.0,"event_name":"FaceTrader","player_choice":"Trade","floor":2.0,"gold_loss":0.0,"damage_taken":0.0,"relics_obtained":["FaceOfCleric"]},{"cards_removed":["Strike_G"],"damage_healed":0.0,"max_hp_gain":0.0,"max_hp_loss":0.0,"gold_gain":0.0,"event_name":"Purifier","player_choice":"Purged","floor":4.0,"gold_loss":0.0,"damage_taken":0.0}],"is_beta":false,"boss_relics":[],"items_purged_floors":[],"is_endless":false,"potions_floor_spawned":[1,5,8],"killed_by":"3 Sentries","ascension_level":18}}