{"host":"o67iw34xdwlyp80a","time":1612088953,"event":{"mods":["BaseMod","Colored Map","Minty Spire (QoL Compilation)","Relic Stats","StSLib"],"gold_per_floor":[117,117,117,136,159,194,206,218,218],"floor_reached":8,"language":"ENG","playtime":396,"items_purged":[],"score":76,"play_id":"c071fb1f-6409-403f-bec9-cf51c16f639d","local_time":"20210131102913","is_ascension_mode":true,"campfire_choices":[{"data":"Body Slam","floor":7,"key":"SMITH"}],"circlet_count":0,"master_deck":["Strike_R","Strike_R","Strike_R","Strike_R","Defend_R","Defend_R","Defend_R","Defend_R","Bash","Flex","Body Slam+1","Heavy Blade","Clothesline"],"relics":["Burning Blood","NeowsBlessing","Golden Idol","MawBank"],"acts_visited":["Exordium"],"potions_floor_usage":[6,6],"damage_taken":[{"damage":0,"enemies":"Small Slimes","floor":1,"turns":1},{"damage":0,"enemies":"Cultist","floor":4,"turns":1},{"damage":0,"enemies":"2 Louse","floor":5,"turns":1},{"damage":56,"enemies":"Lagavulin","floor":6,"turns":8},{"damage":25,"enemies":"3 Sentries","floor":8,"turns":4}],"seed_played":"-3239721155418488691","potions_obtained":[{"floor":4,"key":"Weak Potion"},{"floor":5,"key":"Fruit Juice"},{"floor":6,"key":"SpeedPotion"}],"is_trial":false,"path_per_floor":["M","?","?","M","M","E","R","E"],"character_chosen":"IRONCLAD","items_purchased":[],"campfire_rested":0,"item_purchase_floors":[],"current_hp_per_floor":[78,58,58,64,70,25,25,0,0],"gold":218,"neow_bonus":"THREE_ENEMY_KILL","is_daily":false,"chose_seed":false,"campfire_upgraded":1,"win_rate":0.0,"timestamp":1612088953,"path_taken":["M","?","?","?","M","E","R","E"],"items_purchased_type":[],"build_version":"2020-12-22","purchased_purges":0,"victory":false,"max_hp_per_floor":[80,80,80,80,80,85,85,85,85],"relic_stats":{"counters":[5,15],"Golden Idol":16,"MawBank":24,"obtain_stats":[{"NeowsBlessing":0,"Golden Idol":2,"MawBank":6,"Burning Blood":0},{"NeowsBlessing":0,"Golden Idol":1,"MawBank":4,"Burning Blood":0},{"NeowsBlessing":0,"Golden Idol":1,"MawBank":11,"Burning Blood":0}],"Burning Blood":24},"card_choices":[{"not_picked":["Intimidate","Havoc"],"picked":"Flex","floor":1},{"not_picked":["Headbutt","Disarm"],"picked":"Body Slam","floor":4},{"not_picked":["Twin Strike","Infernal Blade"],"picked":"Heavy Blade","floor":5},{"not_picked":["Warcry","Offering"],"picked":"Clothesline","floor":6}],"player_experience":1124613,"relics_obtained":[{"floor":6,"key":"MawBank"}],"event_choices":[{"damage_healed":0,"gold_gain":0,"player_choice":"Take Damage","damage_taken":20,"relics_obtained":["Golden Idol"],"max_hp_gain":0,"max_hp_loss":0,"event_name":"Golden Idol","floor":2,"gold_loss":0},{"cards_removed":["Strike_R"],"damage_healed":0,"gold_gain":0,"player_choice":"Offered Basic","damage_taken":0,"max_hp_gain":0,"max_hp_loss":0,"event_name":"Bonfire Elementals","floor":3,"gold_loss":0}],"is_beta":false,"boss_relics":[],"items_purged_floors":[],"is_endless":false,"potions_floor_spawned":[4,5,6],"killed_by":"3 Sentries","ascension_level":7}}