{"host":"pzgr3gbl0nac7xxx","time":1612096258,"event":{"mods":["BaseMod","Downfall","Minty Spire (QoL Compilation)","Replay The Spire","StSLib","The Blue Laboratory","The Cursed","The Servant 0.9.4"],"gold_per_floor":[118,136,211,133,133,133,163,182,182,182,234,234,234,251,211,312,312,325,250,22,33,33,66,83,83,83,98,98,98,197,246,246,348,348,369,392,406,406,28,28,58,58,58,110,110,110,135,60,60,72],"floor_reached":51,"language":"ENG","playtime":2629,"items_purged":["Strike_B"],"score":746,"play_id":"746710f0-79e2-4e89-8575-21189f9df49e","local_time":"20210131063058","is_ascension_mode":true,"campfire_choices":[{"data":"Static Discharge","floor":6,"key":"SMITH"},{"data":"Static Discharge","floor":10,"key":"SMITH"},{"floor":12,"key":"REST"},{"floor":25,"key":"REST"},{"data":"Buffer","floor":28,"key":"SMITH"},{"floor":32,"key":"DIG"},{"floor":40,"key":"REST"},{"floor":42,"key":"REST"},{"floor":46,"key":"REST"},{"floor":49,"key":"REST"}],"circlet_count":0,"master_deck":["Strike_B","Defend_B","Defend_B","Defend_B","Defend_B+1","Zap","Dualcast","Core Surge","Static Discharge+1","Conserve Battery","Static Discharge+1","Electrodynamics+1","Ball Lightning","Buffer+1","Melter","CommonCold","Static Discharge","Ball Lightning+1","Echo Form","Loop+1","Static Discharge","Panic Button+1","Go for the Eyes+1","Lockon"],"relics":["Cracked Core","Replay:Bottled Snecko","Art of War","Inserter","Runic Capacitor","Ring of Shattering","Iron Hammer","Replay:Antivirus Software","Replay:Bandana","Divine Protection","Sozu","Pocketwatch","InkBottle","Replay:Multitool","Gambling Chip"],"acts_visited":["Exordium","TheCity","TheBeyond"],"potions_floor_usage":[7,16,23,23,23,33],"damage_taken":[{"damage":6,"enemies":"Jaw Worm","floor":1,"turns":2},{"damage":0,"enemies":"2 Louse","floor":2,"turns":2},{"damage":19,"enemies":"Lagavulin","floor":7,"turns":5},{"damage":1,"enemies":"Cultist","floor":8,"turns":3},{"damage":4,"enemies":"Large Slime","floor":14,"turns":3},{"damage":3,"enemies":"Fading Forest","floor":16,"turns":11},{"damage":12,"enemies":"Shell Parasite","floor":18,"turns":5},{"damage":0,"enemies":"Spheric Guardian","floor":21,"turns":1},{"damage":13,"enemies":"Book of Stabbing","floor":23,"turns":4},{"damage":1,"enemies":"Cultist and Chosen","floor":24,"turns":3},{"damage":4,"enemies":"Centurion and Healer","floor":27,"turns":3},{"damage":52,"enemies":"Automaton","floor":33,"turns":7},{"damage":0,"enemies":"3 Shapes","floor":35,"turns":3},{"damage":7,"enemies":"3 Darklings","floor":36,"turns":2},{"damage":24,"enemies":"Jaw Worm Horde","floor":37,"turns":3},{"damage":18,"enemies":"R_Hoarder","floor":41,"turns":6},{"damage":28,"enemies":"Mind Bloom Boss Battle","floor":44,"turns":2},{"damage":15,"enemies":"Transient","floor":47,"turns":5},{"damage":33,"enemies":"Donu and Deca","floor":50,"turns":6}],"seed_played":"-5357432915416131296","potions_obtained":[{"floor":1,"key":"Energy Potion"},{"floor":5,"key":"champ:CounterPotion"},{"floor":5,"key":"blueLaboratory:RelayPotion"},{"floor":14,"key":"Swift Potion"},{"floor":16,"key":"blueLaboratory:RememoryPotion"},{"floor":24,"key":"blueLaboratory:SystemWipe"}],"is_trial":false,"path_per_floor":["M","M","?","$","?","R","E","M","T","R","?","R","?","M","R","B",null,"M","?","$","M","?","E","M","R","T","M","R","$","?","T","R","B",null,"M","M","M","?","$","R","E","R","T","?","?","R","M","$","R","B",null],"character_chosen":"DEFECT","items_purchased":["Static Discharge","Runic Capacitor","Melter","Static Discharge","Pocketwatch"],"campfire_rested":6,"item_purchase_floors":[4,20,20,39,39],"current_hp_per_floor":[69,69,58,58,58,58,39,38,38,38,38,60,60,56,56,63,75,63,63,63,63,63,50,49,71,71,67,67,67,67,67,67,15,75,75,68,44,44,44,66,48,70,70,42,42,64,49,49,71,38],"gold":72,"neow_bonus":"ONE_RANDOM_RARE_CARD","is_daily":false,"chose_seed":false,"campfire_upgraded":3,"win_rate":0.0,"timestamp":1612096258,"path_taken":["M","M","?","$","?","R","E","?","T","R","?","R","?","M","R","BOSS","M","?","$","M","?","E","M","R","T","M","R","$","?","?","R","BOSS","M","M","M","?","$","R","E","R","T","?","?","R","?","?","R","BOSS"],"items_purchased_type":["Card","Relic","Card","Card","Relic"],"build_version":"2020-12-22","purchased_purges":1,"victory":true,"max_hp_per_floor":[75,75,75,75,75,75,75,75,75,75,75,75,75,75,75,75,75,75,75,75,75,75,75,75,75,75,75,75,75,75,75,75,75,75,75,75,75,75,75,75,75,75,75,75,75,75,75,75,75,75],"card_choices":[{"not_picked":["ReplaySort","Hello World"],"picked":"Static Discharge","floor":1},{"not_picked":["Steam","Force Field"],"picked":"Conserve Battery","floor":2},{"not_picked":["Beam Cell","Hologram"],"picked":"Electrodynamics","floor":7},{"not_picked":["Turbo","Barrage"],"picked":"Ball Lightning","floor":8},{"not_picked":["Conserve Battery","Recycle","Panic Button"],"picked":"SKIP","floor":14},{"not_picked":["Hyperbeam","Fission"],"picked":"Buffer","floor":16},{"not_picked":["Panic Button","Stack","Coolheaded+1"],"picked":"SKIP","floor":18},{"not_picked":["Panic Button","Chaos","Force Field+1"],"picked":"SKIP","floor":21},{"not_picked":["Steam Power+1","Core Surge"],"picked":"Static Discharge","floor":23},{"not_picked":["Steam Power","Barrage"],"picked":"Ball Lightning+1","floor":24},{"not_picked":["Ball Lightning","Go for the Eyes","BasicCrystalCard"],"picked":"SKIP","floor":27},{"not_picked":["ReplayTheSpireMod:Fabricate Wheel","Meteor Strike"],"picked":"Echo Form","floor":33},{"not_picked":["Beam Cell","Panic Button+1","Force Field+1"],"picked":"SKIP","floor":35},{"not_picked":["Panic Button","Crystallizer+1"],"picked":"Loop+1","floor":36},{"not_picked":["Sunder","Panic Button","ReplayTheSpireMod:GoodbyeWorld+1"],"picked":"SKIP","floor":37},{"not_picked":["Scrape","Stack+1"],"picked":"Panic Button+1","floor":41},{"not_picked":["ReplaySort","Capacitor+1"],"picked":"Go for the Eyes+1","floor":44},{"not_picked":["Chill+1","Cold Snap"],"picked":"Lockon","floor":47}],"player_experience":153277,"relics_obtained":[{"floor":7,"key":"Replay:Bottled Snecko"},{"floor":9,"key":"Art of War"},{"floor":22,"key":"Ring of Shattering"},{"floor":23,"key":"Iron Hammer"},{"floor":26,"key":"Replay:Antivirus Software"},{"floor":31,"key":"Replay:Bandana"},{"floor":32,"key":"Divine Protection"},{"floor":41,"key":"InkBottle"},{"floor":43,"key":"Replay:Multitool"},{"floor":44,"key":"Gambling Chip"}],"event_choices":[{"damage_healed":0,"gold_gain":75,"player_choice":"Gather Gold","damage_taken":11,"max_hp_gain":0,"max_hp_loss":0,"event_name":"World of Goop","floor":3,"gold_loss":0},{"damage_healed":0,"gold_gain":0,"player_choice":"Got Potions","damage_taken":0,"max_hp_gain":0,"max_hp_loss":0,"event_name":"Lab","floor":5,"gold_loss":0},{"damage_healed":0,"gold_gain":52,"player_choice":"Gained Gold","damage_taken":0,"max_hp_gain":0,"max_hp_loss":0,"event_name":"Golden Wing","floor":11,"gold_loss":0},{"cards_removed":["Strike_B"],"damage_healed":0,"gold_gain":0,"player_choice":"Offered Basic","damage_taken":0,"max_hp_gain":0,"max_hp_loss":0,"event_name":"Bonfire Elementals","floor":13,"gold_loss":0},{"damage_healed":0,"gold_gain":0,"player_choice":"Upgraded Two","damage_taken":0,"max_hp_gain":0,"max_hp_loss":0,"event_name":"Designer","floor":15,"gold_loss":40,"cards_upgraded":["Defend_B","Electrodynamics"]},{"cards_removed":["Strike_B"],"damage_healed":0,"gold_gain":0,"player_choice":"Gave Gold","damage_taken":0,"max_hp_gain":0,"max_hp_loss":0,"event_name":"Beggar","floor":19,"gold_loss":75},{"damage_healed":0,"gold_gain":99,"player_choice":"Stole From Cult","damage_taken":0,"max_hp_gain":0,"max_hp_loss":0,"event_name":"Nest","floor":30,"gold_loss":0},{"damage_healed":0,"gold_gain":0,"player_choice":"Ignored","damage_taken":0,"max_hp_gain":0,"max_hp_loss":0,"event_name":"Tomb of Lord Red Mask","floor":38,"gold_loss":0},{"damage_healed":0,"gold_gain":0,"player_choice":"Fight","damage_taken":0,"max_hp_gain":0,"max_hp_loss":0,"event_name":"MindBloom","floor":44,"gold_loss":0}],"is_beta":false,"boss_relics":[{"not_picked":["SlaversCollar","Cursed Key"],"picked":"Inserter"},{"not_picked":["Replay:Drink Me","Replay:Wanted Poster"],"picked":"Sozu"}],"items_purged_floors":[48],"is_endless":false,"potions_floor_spawned":[1,14,16,24,33,35,47],"ascension_level":1}}