{"host":"neeznpvpgo0qgfkd","time":1612082122,"event":{"mods":["AchievementEnabler","BaseMod","BetterRewards","Colored Map","Colored Powertips","Exacting","Minty Spire (QoL Compilation)","Permanent Neow","Quick Restart","Shop Mod"],"gold_per_floor":[126,156,156,186,226,269,340,340,363,427,502,652,702,742,742,832,832,847,878,878,341,380,421,421,470,470,470,493,532,532,565,565,655,655,685,703,703,703,724,760,783,829,855,888,888,661,661,705,705,705,705,705,219,263,263],"floor_reached":56,"language":"ENG","playtime":2883,"items_purged":["Doubt","Injury"],"score":3011,"play_id":"88e2e2b2-6b6b-4032-9636-0dacf2d8cbc5","local_time":"20210131033522","is_ascension_mode":true,"campfire_choices":[{"data":"1","floor":8.0,"key":"LIFT"},{"data":"2","floor":15.0,"key":"LIFT"},{"data":"3","floor":24.0,"key":"LIFT"},{"floor":32,"key":"RECALL"},{"data":"After Image","floor":45,"key":"SMITH"},{"data":"Infinite Blades","floor":49,"key":"SMITH"},{"data":"Envenom","floor":52,"key":"SMITH"}],"circlet_count":0,"master_deck":["AscendersBane","Strike_G","Strike_G","Strike_G","Strike_G","Strike_G","Defend_G","Defend_G+1","Defend_G","Defend_G","Defend_G","Survivor","Neutralize","Noxious Fumes","Violence","Outmaneuver+1","Dagger Spray","Outmaneuver","Tools of the Trade","Endless Agony","Riddle With Holes","Prepared","Slice","Adrenaline","Dagger Spray","Slice","Adrenaline+1","Dramatic Entrance+1","Venomology+1","Blade Dance+1","Backflip+1","Deflect+1","After Image+1","Phantasmal Killer+1","Dash+1","Envenom+1","Blade Dance+1","Dodge and Roll+1","Infinite Blades+1","Apotheosis+1","Reflex+1","Masterful Stab+1","Accuracy","Blade Dance+1","Riddle With Holes+1","Footwork","Blade Dance+1","Trip+1","Magnetism","Infinite Blades"],"relics":["Ring of the Serpent","Membership Card","Girya","Meat on the Bone","Sling","Torii","Calipers","StoneCalendar","Golden Idol","InkBottle","Toy Ornithopter","Lantern","Prayer Wheel","MutagenicStrength","Toxic Egg 2","Molten Egg 2","OrangePellets","Oddly Smooth Stone","Red Mask","Paper Crane","PreservedInsect","WristBlade","Darkstone Periapt","Gambling Chip","Blood Vial","Ancient Tea Set","Question Card","MerchantsRug","StrikeDummy","Anchor","CaptainsWheel","TheAbacus","Shuriken"],"acts_visited":["Exordium","TheCity","TheBeyond","TheEnding"],"potions_floor_usage":[28,29,33,36,39,41,44,48,50,55,55,55],"damage_taken":[{"damage":0.0,"enemies":"Cultist","floor":1.0,"turns":4.0},{"damage":1.0,"enemies":"Jaw Worm","floor":2.0,"turns":5.0},{"damage":7.0,"enemies":"Small Slimes","floor":4.0,"turns":3.0},{"damage":16.0,"enemies":"3 Louse","floor":5.0,"turns":4.0},{"damage":34.0,"enemies":"Gremlin Nob","floor":6.0,"turns":4.0},{"damage":12.0,"enemies":"3 Sentries","floor":7.0,"turns":5.0},{"damage":11.0,"enemies":"Lagavulin","floor":10.0,"turns":5.0},{"damage":0.0,"enemies":"2 Fungi Beasts","floor":13.0,"turns":3.0},{"damage":8.0,"enemies":"Gremlin Nob","floor":14.0,"turns":3.0},{"damage":18.0,"enemies":"Hexaghost","floor":16.0,"turns":9.0},{"damage":0.0,"enemies":"Spheric Guardian","floor":18.0,"turns":1.0},{"damage":22.0,"enemies":"3 Byrds","floor":19.0,"turns":4.0},{"damage":0.0,"enemies":"Cultist and Chosen","floor":22.0,"turns":3.0},{"damage":8.0,"enemies":"Slavers","floor":23.0,"turns":2.0},{"damage":0.0,"enemies":"Masked Bandits","floor":25.0,"turns":1.0},{"damage":0,"enemies":"Shelled Parasite and Fungi","floor":28,"turns":2},{"damage":0,"enemies":"Gremlin Leader","floor":29,"turns":3},{"damage":0,"enemies":"Book of Stabbing","floor":31,"turns":2},{"damage":36,"enemies":"Automaton","floor":33,"turns":7},{"damage":0,"enemies":"3 Darklings","floor":35,"turns":2},{"damage":0,"enemies":"Orb Walker","floor":36,"turns":2},{"damage":0,"enemies":"Spire Growth","floor":39,"turns":2},{"damage":17,"enemies":"Nemesis","floor":40,"turns":3},{"damage":13,"enemies":"Sphere and 2 Shapes","floor":41,"turns":2},{"damage":7,"enemies":"4 Shapes","floor":42,"turns":3},{"damage":0,"enemies":"Reptomancer","floor":44,"turns":3},{"damage":0,"enemies":"Giant Head","floor":48,"turns":3},{"damage":8,"enemies":"Awakened One","floor":50,"turns":6},{"damage":7,"enemies":"Shield and Spear","floor":54,"turns":3},{"damage":79,"enemies":"The Heart","floor":55,"turns":6}],"seed_played":"6072739606409982105","potions_obtained":[{"floor":1.0,"key":"Fruit Juice"},{"floor":5.0,"key":"EntropicBrew"},{"floor":7.0,"key":"GhostInAJar"},{"floor":7.0,"key":"CultistPotion"},{"floor":10.0,"key":"Block Potion"},{"floor":19.0,"key":"BlessingOfTheForge"},{"floor":23.0,"key":"PowerPotion"},{"floor":28,"key":"GamblersBrew"},{"floor":30,"key":"CunningPotion"},{"floor":40,"key":"AttackPotion"},{"floor":42,"key":"ColorlessPotion"},{"floor":48,"key":"Fire Potion"}],"is_trial":false,"path_per_floor":["M","M","?","M","M","E","E","R","T","E","?","?","M","E","R","B",null,"M","M","?","$","M","E","R","?","T","?","M","E","?","E","R","B",null,"M","M","?","T","M","E","M","M","T","E","R","$","?","E","R","B",null,"R","$","E","B",null],"character_chosen":"THE_SILENT","items_purchased":["Membership Card","Meat on the Bone","WingedGreaves","Fruit Juice","Sling","Pear","Noxious Fumes","Violence","Outmaneuver","Toxic Egg 2","Molten Egg 2","OrangePellets","Adrenaline+1","Dramatic Entrance+1","War Paint","Question Card","MerchantsRug","Footwork","Anchor","CaptainsWheel","Trip+1","TheAbacus","Magnetism"],"campfire_rested":0,"item_purchase_floors":[0,0,0,0,0,0,0,0,0,21,21,21,21,21,46,46,46,46,53,53,53,53,53],"current_hp_per_floor":[79,78,78,71,55,45,45,45,45,51,40,40,45,49,49,43,75,75,53,53,53,53,55,55,55,62,62,67,72,72,72,72,53,83,83,88,88,88,93,76,68,61,61,68,68,68,93,93,93,85,91,91,91,93,31],"gold":263,"neow_bonus":"","is_daily":false,"chose_seed":false,"campfire_upgraded":3,"win_rate":0.0,"timestamp":1612082122,"path_taken":["M","?","?","M","M","E","E","R","T","E","?","?","M","E","R","BOSS","M","M","?","$","M","E","R","?","T","?","M","E","?","E","R","BOSS","M","?","?","?","M","E","M","M","T","E","R","$","?","E","R","BOSS","R","$","E","BOSS"],"items_purchased_type":["Relic","Relic","Relic","Potion","Relic","Relic","Card","Card","Card","Relic","Relic","Relic","Card","Card","Relic","Relic","Relic","Card","Relic","Relic","Card","Relic","Card"],"build_version":"2020-12-22","purchased_purges":2,"victory":true,"max_hp_per_floor":[86,86,86,86,86,86,86,86,86,86,86,86,86,86,86,86,86,86,86,86,86,86,86,86,86,93,93,93,93,93,93,93,93,93,93,93,93,93,93,93,93,93,93,93,93,93,93,93,93,93,93,93,93,93,93],"card_choices":[{"not_picked":["Blade Dance","Calculated Gamble"],"picked":"Dagger Spray","floor":1.0},{"not_picked":["Deflect","Acrobatics"],"picked":"Outmaneuver","floor":2.0},{"not_picked":["Leg Sweep","Skewer","Dagger Spray"],"picked":"SKIP","floor":4.0},{"not_picked":["Backflip","Terror"],"picked":"Tools of the Trade","floor":5.0},{"not_picked":["Underhanded Strike","Eviscerate","Poisoned Stab"],"picked":"SKIP","floor":5.0},{"not_picked":["Flying Knee","Dagger Throw"],"picked":"Endless Agony","floor":6.0},{"not_picked":["Doppelganger","Sucker Punch"],"picked":"Riddle With Holes","floor":7.0},{"not_picked":["Poisoned Stab","Malaise"],"picked":"Prepared","floor":10.0},{"not_picked":["Dagger Spray","Eviscerate"],"picked":"Slice","floor":13.0},{"not_picked":["Dagger Throw","Underhanded Strike","Quick Slash"],"picked":"SKIP","floor":14.0},{"not_picked":["Burst","A Thousand Cuts"],"picked":"Adrenaline","floor":16.0},{"not_picked":["Predator","Prepared"],"picked":"Dagger Spray","floor":18.0},{"not_picked":["Poisoned Stab","Distraction","PiercingWail"],"picked":"SKIP","floor":18.0},{"not_picked":["Backflip","Prepared"],"picked":"Slice","floor":19.0},{"not_picked":["Deadly Poison","Deflect"],"picked":"Reflex","floor":19.0},{"not_picked":["Endless Agony+1","Caltrops"],"picked":"Venomology+1","floor":22.0},{"not_picked":["Predator+1","Dagger Throw+1","Masterful Stab+1"],"picked":"SKIP","floor":22.0},{"not_picked":["Blur+1","Footwork"],"picked":"Blade Dance+1","floor":23.0},{"not_picked":["Flying Knee+1","Slice+1"],"picked":"Backflip+1","floor":25.0},{"not_picked":["Crippling Poison+1","Heel Hook+1"],"picked":"Deflect+1","floor":28},{"not_picked":["Deadly Poison+1","Dagger Throw+1"],"picked":"After Image","floor":28},{"not_picked":["Outmaneuver+1","Dagger Throw+1"],"picked":"Phantasmal Killer+1","floor":29},{"not_picked":["Backflip+1","Grand Finale+1"],"picked":"Dash+1","floor":31},{"not_picked":["Unload+1","Phantasmal Killer+1"],"picked":"Envenom","floor":33},{"not_picked":["Acrobatics+1","Bouncing Flask+1"],"picked":"Blade Dance+1","floor":35},{"not_picked":["Sucker Punch+1","Poisoned Stab+1"],"picked":"Dodge and Roll+1","floor":35},{"not_picked":["Noxious Fumes","Acrobatics+1"],"picked":"Infinite Blades","floor":36},{"not_picked":["Well Laid Plans","Prepared+1","Quick Slash+1"],"picked":"SKIP","floor":36},{"not_picked":["The Bomb+1","Bandage Up+1"],"picked":"Apotheosis+1","floor":37},{"not_picked":["Prepared+1","Deadly Poison+1"],"picked":"Reflex+1","floor":39},{"not_picked":["Dodge and Roll+1","Blade Dance+1","Dagger Throw+1"],"picked":"SKIP","floor":39},{"not_picked":["Heel Hook+1","Distraction+1"],"picked":"Masterful Stab+1","floor":40},{"not_picked":["Flechettes+1","Bane+1"],"picked":"Accuracy","floor":41},{"not_picked":["Slice+1","Deadly Poison+1"],"picked":"Blade Dance+1","floor":41},{"not_picked":["Acrobatics+1","Caltrops","Night Terror+1"],"picked":"SKIP","floor":42},{"not_picked":["Quick Slash+1","Poisoned Stab+1","Calculated Gamble+1"],"picked":"SKIP","floor":42},{"not_picked":["Distraction+1","Dagger Throw+1"],"picked":"Riddle With Holes+1","floor":44},{"not_picked":["Noxious Fumes","Doppelganger+1","Bane+1"],"picked":"Blade Dance+1","floor":48},{"not_picked":["Flying Knee+1","Riddle With Holes+1","Slice+1"],"picked":"Infinite Blades","floor":54}],"player_experience":1944362,"relics_obtained":[{"floor":6.0,"key":"InkBottle"},{"floor":7.0,"key":"Toy Ornithopter"},{"floor":10.0,"key":"Lantern"},{"floor":14.0,"key":"Prayer Wheel"},{"floor":23.0,"key":"Oddly Smooth Stone"},{"floor":25.0,"key":"Red Mask"},{"floor":26.0,"key":"Strawberry"},{"floor":29,"key":"Paper Crane"},{"floor":31,"key":"PreservedInsect"},{"floor":38,"key":"Darkstone Periapt"},{"floor":40,"key":"Gambling Chip"},{"floor":43,"key":"Blood Vial"},{"floor":44,"key":"Ancient Tea Set"},{"floor":48,"key":"StrikeDummy"},{"floor":54,"key":"Shuriken"}],"event_choices":[{"damage_healed":0.0,"max_hp_gain":0.0,"max_hp_loss":0.0,"gold_gain":0.0,"event_name":"Golden Idol","player_choice":"Take Wound","floor":3.0,"gold_loss":0.0,"damage_taken":0.0,"relics_obtained":["Golden Idol"],"cards_obtained":["Injury"]},{"damage_healed":0.0,"max_hp_gain":0.0,"max_hp_loss":0.0,"gold_gain":75.0,"event_name":"World of Goop","player_choice":"Gather Gold","floor":11.0,"gold_loss":0.0,"damage_taken":11.0},{"damage_healed":0.0,"max_hp_gain":0.0,"max_hp_loss":0.0,"gold_gain":150.0,"event_name":"Liars Game","player_choice":"AGREE","floor":12.0,"gold_loss":0.0,"damage_taken":0.0,"cards_obtained":["Doubt"]},{"damage_healed":0.0,"max_hp_gain":0.0,"max_hp_loss":0.0,"gold_gain":0.0,"event_name":"Drug Dealer","player_choice":"Inject Mutagens","floor":20.0,"gold_loss":0.0,"damage_taken":0.0,"relics_obtained":["MutagenicStrength"]},{"damage_healed":0.0,"max_hp_gain":0.0,"max_hp_loss":0.0,"gold_gain":0.0,"event_name":"Masked Bandits","player_choice":"Fought Bandits","floor":25.0,"gold_loss":0.0,"damage_taken":0.0},{"damage_healed":0.0,"max_hp_gain":0.0,"max_hp_loss":0.0,"gold_gain":0.0,"event_name":"Ghosts","player_choice":"Ignored","floor":27.0,"gold_loss":0.0,"damage_taken":0.0},{"damage_healed":0,"gold_gain":0,"player_choice":"Got Potions","damage_taken":0,"max_hp_gain":0,"max_hp_loss":0,"event_name":"Lab","floor":30,"gold_loss":0},{"damage_healed":0,"gold_gain":0,"player_choice":"Memory 1","damage_taken":0,"max_hp_gain":0,"max_hp_loss":0,"event_name":"SensoryStone","floor":37,"gold_loss":0},{"cards_removed":["Reflex"],"damage_healed":25,"gold_gain":0,"player_choice":"Offered Uncommon","damage_taken":0,"max_hp_gain":0,"max_hp_loss":0,"event_name":"Bonfire Elementals","floor":47,"gold_loss":0}],"is_beta":false,"boss_relics":[{"not_picked":["Tiny House","HoveringKite"],"picked":"Ring of the Serpent"},{"not_picked":["Snecko Eye","Cursed Key"],"picked":"WristBlade"}],"items_purged_floors":[21,46],"is_endless":false,"potions_floor_spawned":[1,5,7,10,19,28,40,42,44,48],"ascension_level":18}}