{"host":"ziko4uwynam20dv9","time":1612128704,"event":{"mods":["Aspiration","BaseMod","BetterRewards","Downfall","Hubris","Infinite Spire","Minty Spire (QoL Compilation)","Remilia??????","Replay The Spire","Shop Mod","StSLib","The Animator","The Jungle"],"gold_per_floor":[109,109,128,128,143,143,159,176,256,256,289,485,500,520,520,615,615,625,625,641,641,18,18,38,38,38,66,84,84,116,131,131,227,227,261,261,261,295,324,324,357,61,61,79,79,97,113,113,113,113,113,113,10,45,45,45],"floor_reached":55,"language":"FRA","playtime":3023,"items_purged":["ReplayTheSpireMod:Splinters"],"score":1294,"play_id":"efe276db-ae25-43fe-b556-2b1ecc5cd31c","local_time":"20210131223144","is_ascension_mode":true,"campfire_choices":[{"data":"Coolheaded","floor":6,"key":"SMITH"},{"data":"Glacier","floor":15,"key":"SMITH"},{"floor":23,"key":"RECALL"},{"data":"BasicCrystalCard","floor":29,"key":"SMITH"},{"data":"Chaos","floor":32,"key":"SMITH"},{"data":"ReplayTheSpireMod:Omega Cannon","floor":40,"key":"SMITH"},{"floor":45,"key":"REST"},{"floor":49,"key":"REST"},{"data":"Loop","floor":52,"key":"SMITH"}],"circlet_count":0,"master_deck":["Strike_B","Defend_B","Defend_B","Defend_B","Zap+1","Coolheaded+1","Chill","Leap","ReplayTheSpireMod:From All Sides","aspiration:Lunge","Go for the Eyes","Conserve Battery","Stack","Defragment","Self Repair","Lockon","Recycle","Glacier+1","All For One","Buffer+1","Beam Cell+1","FIFO Queue+1","BootSequence","RitualDagger","Crystallizer","ReplayTheSpireMod:System Scan+1","Go for the Eyes+1","BasicCrystalCard+1","Loop+1","Hologram+1","Reboot","Chaos+1","ReplaySort","Aggregate","Fission","CurseOfTheBell","BasicCrystalCard+1","Compile Driver+1","Crystallizer","ReplayTheSpireMod:Omega Cannon+1","Beam Cell+1","Redo+1","White Noise+1","Loop+1","Conserve Battery","Pot Of Greed","Pot Of Greed","Pot Of Greed","Pot Of Greed","Turbo","Coolheaded+1","Pot Of Greed","White Noise+1","Melter","Mirror Shield"],"relics":["Cracked Core","Replay:Baseball","Replay:Accelerometer","Guardian:PocketSentry","Prayer Wheel","Astrolabe","hubris:GlazedTorus","Meat on the Bone","Turnip","Shuriken","aspiration:TomeofQuesting","infinitespire:EvilPickle","Calling Bell","ReplayTheSpireMod:Lightbulb","aspiration:SeaSaltIceCream","aspiration:Headhunter","Unceasing Top","hubris:EmptyBottle","aspiration:EnhancedActuators","Grinning Jar","infinitespire:FocusingShard","downfall:ExtraCursedKey","DataDisk"],"acts_visited":["Exordium","TheCity","TheBeyond","TheEnding"],"potions_floor_usage":[16,16,20,20,30,30,50,50,50,50,50,50,54,54,55,55],"damage_taken":[{"damage":0,"enemies":"Small Slimes","floor":1,"turns":3},{"damage":0,"enemies":"Cultist","floor":3,"turns":3},{"damage":2,"enemies":"Jaw Worm","floor":5,"turns":2},{"damage":0,"enemies":"Exordium Wildlife","floor":7,"turns":4},{"damage":7,"enemies":"Large Slime","floor":8,"turns":3},{"damage":25,"enemies":"3 Sentries","floor":11,"turns":10},{"damage":2,"enemies":"3 Louse","floor":13,"turns":3},{"damage":3,"enemies":"Exordium Wildlife","floor":14,"turns":2},{"damage":0,"enemies":"Slime Boss","floor":16,"turns":6},{"damage":5,"enemies":"3 Byrds","floor":18,"turns":4},{"damage":2,"enemies":"Chosen","floor":20,"turns":5},{"damage":18,"enemies":"Centurion and Healer","floor":24,"turns":12},{"damage":45,"enemies":"Gremlin Leader","floor":27,"turns":7},{"damage":8,"enemies":"Snecko","floor":28,"turns":5},{"damage":0,"enemies":"Replay:Snechameleon","floor":30,"turns":6},{"damage":3,"enemies":"Cultist and Chosen","floor":31,"turns":6},{"damage":9,"enemies":"Pondfish","floor":33,"turns":9},{"damage":27,"enemies":"3 Darklings","floor":35,"turns":8},{"damage":1,"enemies":"Orb Walker","floor":38,"turns":4},{"damage":0,"enemies":"Sphere and 2 Shapes","floor":39,"turns":1},{"damage":0,"enemies":"Maw","floor":41,"turns":8},{"damage":40,"enemies":"Writhing Mass","floor":44,"turns":7},{"damage":16,"enemies":"3 Darklings","floor":46,"turns":5},{"damage":13,"enemies":"Sphere and 2 Shapes","floor":47,"turns":3},{"damage":0,"enemies":"Time Eater","floor":50,"turns":1},{"damage":58,"enemies":"Shield and Spear","floor":54,"turns":5},{"damage":27,"enemies":"The Heart","floor":55,"turns":2}],"seed_played":"6404815021139762676","potions_obtained":[{"floor":1,"key":"Fire Potion"},{"floor":5,"key":"CultistPotion"},{"floor":14,"key":"SteroidPotion"},{"floor":16,"key":"DuplicationPotion"},{"floor":18,"key":"Milkshake"},{"floor":24,"key":"Guardian:BlockOnCardUsePotion"},{"floor":27,"key":"Swift Potion"},{"floor":38,"key":"PowerPotion"},{"floor":44,"key":"Milkshake"},{"floor":46,"key":"FocusPotion"}],"is_trial":false,"path_per_floor":["M","?","M","?","M","R","M","M","T","T","E","?","M","M","R","B",null,"M","?","M","?","$","R","M","$","T","E","M","R","E","M","R","B",null,"M","AVR","?","M","M","R","M","$","T","M","R","M","M","?","R","B",null,"R","$","E","B"],"character_chosen":"DEFECT","items_purchased":["Replay:Baseball","Coolheaded","hubris:GlazedTorus","Meat on the Bone","aspiration:EnhancedActuators","Grinning Jar","FocusPotion","SkillPotion"],"campfire_rested":2,"item_purchase_floors":[0,0,22,22,42,42,53,53],"current_hp_per_floor":[68,68,68,68,66,66,66,59,59,59,34,34,39,43,43,43,67,69,63,68,68,68,68,57,57,57,31,42,42,42,39,39,49,69,49,49,49,48,48,48,55,55,55,34,56,40,39,39,61,61,72,72,72,26,0,0],"gold":45,"neow_bonus":"","is_daily":false,"chose_seed":false,"campfire_upgraded":6,"win_rate":0.0,"timestamp":1612128704,"path_taken":["M","?","?","?","M","R","M","M","T","?","E","?","M","M","R","BOSS","M","?","M","?","?","R","M","$","T","E","M","R","E","M","R","BOSS","M","AVR","?","M","M","R","M","$","T","M","R","M","?","?","R","BOSS","R","$","E","BOSS"],"items_purchased_type":["Relic","Card","Relic","Relic","Relic","Relic","Potion","Potion"],"build_version":"2020-12-22","purchased_purges":1,"victory":false,"max_hp_per_floor":[75,75,75,75,75,75,75,75,75,75,75,75,75,75,75,75,75,75,75,75,75,75,75,75,75,75,75,75,75,75,75,75,75,75,75,75,75,75,75,75,75,75,75,75,75,75,75,75,75,75,75,75,75,75,75,75],"card_choices":[{"not_picked":["BasicCrystalCard","Redo"],"picked":"Leap","floor":1},{"not_picked":["Chill","Fusion"],"picked":"Go for the Eyes","floor":3},{"not_picked":["Storm","Fission"],"picked":"Conserve Battery","floor":5},{"not_picked":["Storm","Streamline"],"picked":"Stack","floor":7},{"not_picked":["ReplayTheSpireMod:System Scan","Streamline"],"picked":"Defragment","floor":8},{"not_picked":["Coolheaded","BasicCrystalCard"],"picked":"ReplayTheSpireMod:Fabricate Wheel","floor":11},{"not_picked":["Streamline","Steam"],"picked":"Self Repair","floor":12},{"not_picked":["Turbo","Electrodynamics"],"picked":"Lockon","floor":13},{"not_picked":["Compile Driver","Steam"],"picked":"Recycle","floor":13},{"not_picked":["Rebound","Beam Cell"],"picked":"Redo","floor":14},{"not_picked":["Streamline","Go for the Eyes"],"picked":"Glacier","floor":14},{"not_picked":["ReplayTheSpireMod:Fabricate Wheel","Rainbow"],"picked":"All For One","floor":16},{"not_picked":["Stack","Go for the Eyes"],"picked":"FIFO Queue+1","floor":18},{"not_picked":["Cold Snap","Beam Cell+1"],"picked":"BootSequence","floor":18},{"not_picked":["Hologram","Blizzard"],"picked":"Crystallizer","floor":20},{"not_picked":["Go for the Eyes+1","Reinforced Body"],"picked":"ReplayTheSpireMod:System Scan+1","floor":20},{"not_picked":["Ball Lightning","Leap"],"picked":"Go for the Eyes+1","floor":24},{"not_picked":["Double Energy","Defragment"],"picked":"BasicCrystalCard","floor":24},{"not_picked":["Glacier","Steam"],"picked":"Loop+1","floor":27},{"not_picked":["ReplayGash","Leap"],"picked":"Hologram+1","floor":28},{"not_picked":["Sweeping Beam","Steam+1"],"picked":"Reboot","floor":28},{"not_picked":["Coolheaded","Stack+1"],"picked":"Chaos","floor":30},{"not_picked":["Skim","Hologram"],"picked":"ReplaySort","floor":31},{"not_picked":["Loop","Panic Button"],"picked":"Aggregate","floor":31},{"not_picked":["Buffer","Rainbow"],"picked":"Fission","floor":33},{"not_picked":["Panic Button+1","Gash"],"picked":"BasicCrystalCard+1","floor":35},{"not_picked":["Redo","Steam"],"picked":"Compile Driver+1","floor":35},{"not_picked":["Beam Cell","Chill"],"picked":"ReplayTheSpireMod:Omega Cannon","floor":38},{"not_picked":["Storm","Stack"],"picked":"Beam Cell+1","floor":38},{"not_picked":["Leap","Gash+1"],"picked":"Redo+1","floor":39},{"not_picked":["FTL+1","Cold Snap"],"picked":"White Noise+1","floor":39},{"not_picked":["Steam","Lockon"],"picked":"Loop","floor":41},{"not_picked":["Turbo","BasicCrystalCard"],"picked":"Conserve Battery","floor":41},{"not_picked":["Redo","Ball Lightning"],"picked":"Turbo","floor":44},{"not_picked":["Leap","Ball Lightning","Coolheaded"],"picked":"SKIP","floor":44},{"not_picked":["Leap","Ball Lightning","Coolheaded"],"picked":"SKIP","floor":44},{"not_picked":["Cold Snap+1","Rebound"],"picked":"Coolheaded+1","floor":46},{"not_picked":["Coolheaded+1","Panic Button","ReplayTheSpireMod:System Scan+1"],"picked":"SKIP","floor":46},{"not_picked":["Compile Driver","Panic Button"],"picked":"White Noise+1","floor":47},{"not_picked":["Ball Lightning+1","Rebound+1"],"picked":"Melter","floor":47},{"not_picked":["Reinforced Body","Redo+1"],"picked":"Mirror Shield","floor":54}],"player_experience":973469,"relics_obtained":[{"floor":10,"key":"Replay:Accelerometer"},{"floor":11,"key":"Guardian:PocketSentry"},{"floor":26,"key":"Turnip"},{"floor":27,"key":"Shuriken"},{"floor":30,"key":"aspiration:TomeofQuesting"},{"floor":34,"key":"ReplayTheSpireMod:Lightbulb"},{"floor":34,"key":"aspiration:SeaSaltIceCream"},{"floor":34,"key":"Unceasing Top"},{"floor":43,"key":"infinitespire:FocusingShard"},{"floor":54,"key":"DataDisk"}],"event_choices":[{"damage_healed":0,"gold_gain":0,"player_choice":"Grow","damage_taken":0,"max_hp_gain":0,"max_hp_loss":0,"event_name":"Living Wall","floor":4,"gold_loss":0,"cards_upgraded":["Zap"]},{"damage_healed":0,"gold_gain":0,"player_choice":"Joined the Cult","damage_taken":6,"max_hp_gain":0,"max_hp_loss":0,"event_name":"Nest","floor":19,"gold_loss":0,"cards_obtained":["RitualDagger"]},{"damage_healed":0,"gold_gain":0,"player_choice":"Ignored","damage_taken":0,"max_hp_gain":0,"max_hp_loss":0,"event_name":"Vampires","floor":21,"gold_loss":0},{"damage_healed":0,"gold_gain":0,"cards_transformed":["hubris:Prefetch"],"player_choice":"Transformed","damage_taken":0,"max_hp_gain":0,"max_hp_loss":0,"event_name":"Transmorgrifier","floor":37,"gold_loss":0,"cards_obtained":["Crystallizer"]}],"is_beta":false,"boss_relics":[{"not_picked":["Coffee Dripper","Runic Dome"],"picked":"Astrolabe"},{"not_picked":["hubris:VirtuousBlindfold","ReplayTheSpireMod:SealedPack"],"picked":"Calling Bell"}],"items_purged_floors":[22],"is_endless":false,"potions_floor_spawned":[1,5,14,16,18,24,27,38,44,46],"killed_by":"The Heart","ascension_level":6}}