{"host":"dowi7cgbhepuzvpj","time":1612097562,"event":{"mods":["AchievementEnabler","BaseMod","Keyboard Shortcuts","Minty Spire (QoL Compilation)","Permanent Neow","Quick Restart","StSLib","SuperFastMode"],"gold_per_floor":[10,10,21,21,36,36,36,36,62,89,103,20,51,62,62,137,137,152,71,71,71,81,81,114,114,114,139,174,196,225,162,174,186,186],"floor_reached":33,"language":"KOR","playtime":883,"items_purged":[],"score":611,"play_id":"5df87342-0292-414c-83bf-2f0d646cc023","local_time":"20210131215241","is_ascension_mode":true,"campfire_choices":[{"data":"Apotheosis","floor":6,"key":"SMITH"},{"data":"Fiend Fire","floor":8,"key":"PURGE"},{"data":"Defend_R","floor":15,"key":"PURGE"},{"data":"Strike_R","floor":23,"key":"PURGE"},{"floor":25,"key":"REST"},{"floor":32,"key":"REST"}],"circlet_count":0,"master_deck":["AscendersBane","Defend_R","Defend_R","Defend_R","Bash+1","Apotheosis+1","Flex","Pommel Strike+1","Iron Wave","Feed","Rupture","Shockwave","Sword Boomerang","Limit Break","Power Through","Power Through","Sword Boomerang+1","Combust","Rupture","Searing Blow+1","Fire Breathing"],"relics":["Burning Blood","Bottled Lightning","Peace Pipe","Bag of Marbles","Self Forming Clay","Question Card","Mark of Pain","Enchiridion","Bottled Lightning","Red Mask","MawBank"],"acts_visited":["Exordium","TheCity"],"potions_floor_usage":[10,27,30,33],"damage_taken":[{"damage":5,"enemies":"2 Louse","floor":1,"turns":4},{"damage":12,"enemies":"Small Slimes","floor":3,"turns":4},{"damage":4,"enemies":"Jaw Worm","floor":5,"turns":4},{"damage":8,"enemies":"Lagavulin","floor":10,"turns":4},{"damage":4,"enemies":"Looter","floor":11,"turns":3},{"damage":17,"enemies":"3 Sentries","floor":13,"turns":10},{"damage":2,"enemies":"Large Slime","floor":14,"turns":4},{"damage":24,"enemies":"Hexaghost","floor":16,"turns":9},{"damage":4,"enemies":"Chosen","floor":18,"turns":4},{"damage":16,"enemies":"2 Thieves","floor":22,"turns":4},{"damage":39,"enemies":"Slavers","floor":24,"turns":6},{"damage":32,"enemies":"Masked Bandits","floor":27,"turns":4},{"damage":5,"enemies":"Gremlin Leader","floor":28,"turns":4},{"damage":9,"enemies":"Snecko","floor":29,"turns":6},{"damage":18,"enemies":"Sentry and Sphere","floor":30,"turns":6},{"damage":43,"enemies":"Automaton","floor":33,"turns":4}],"seed_played":"4953584760938817054","potions_obtained":[{"floor":1,"key":"Block Potion"},{"floor":11,"key":"Energy Potion"},{"floor":14,"key":"ColorlessPotion"},{"floor":28,"key":"AttackPotion"}],"is_trial":false,"path_per_floor":["M","?","M","?","M","R","?","R","T","E","M","$","E","M","R","B",null,"M","$","?","?","M","R","E","R","T","?","E","M","M","?","R","B"],"character_chosen":"IRONCLAD","items_purchased":["Rupture","Power Through"],"campfire_rested":2,"item_purchase_floors":[12,19],"current_hp_per_floor":[69,69,63,56,58,58,35,35,35,33,35,35,28,32,32,14,63,69,69,48,48,42,42,13,40,40,18,19,16,8,8,37,0,0],"gold":186,"neow_bonus":"RANDOM_COLORLESS_2","is_daily":false,"chose_seed":false,"campfire_upgraded":1,"win_rate":0.0,"timestamp":1612097561,"path_taken":["M","?","M","?","M","R","?","R","T","E","M","?","E","M","R","BOSS","M","$","?","?","M","R","E","R","T","?","E","M","M","?","R","BOSS"],"items_purchased_type":["Card","Card"],"build_version":"2020-12-22","purchased_purges":0,"victory":false,"max_hp_per_floor":[75,75,75,75,75,75,75,75,75,75,75,75,79,79,79,79,79,83,83,83,83,87,87,91,91,91,95,95,95,99,99,99,99,99],"card_choices":[{"not_picked":["Panache","Sadistic Nature"],"picked":"Apotheosis","floor":0},{"not_picked":["Iron Wave","Pommel Strike"],"picked":"Flex","floor":1},{"not_picked":["Entrench","Flex"],"picked":"Pommel Strike","floor":3},{"not_picked":["Cleave","Carnage","Wild Strike"],"picked":"SKIP","floor":5},{"not_picked":["Headbutt","Perfected Strike"],"picked":"Iron Wave","floor":10},{"not_picked":["Heavy Blade","Second Wind"],"picked":"Feed","floor":11},{"not_picked":["Entrench","Metallicize"],"picked":"Shockwave","floor":13},{"not_picked":["Intimidate","Reckless Charge","Carnage"],"picked":"Sword Boomerang","floor":14},{"not_picked":["Demon Form","Fiend Fire","Offering"],"picked":"Limit Break","floor":16},{"not_picked":["Warcry","Feel No Pain+1","Twin Strike"],"picked":"Power Through","floor":18},{"not_picked":["Seeing Red","Havoc","Bludgeon"],"picked":"Sword Boomerang+1","floor":22},{"not_picked":["Twin Strike","Headbutt+1","Havoc+1"],"picked":"Combust","floor":24},{"not_picked":["Iron Wave","Bloodletting","Blood for Blood"],"picked":"Rupture","floor":27},{"not_picked":["Havoc+1","Pommel Strike","Anger"],"picked":"Searing Blow+1","floor":28},{"not_picked":["True Grit","Sever Soul","Wild Strike","Sword Boomerang"],"picked":"SKIP","floor":29},{"not_picked":["Dark Embrace","Sword Boomerang","Juggernaut"],"picked":"Fire Breathing","floor":30}],"player_experience":859128,"relics_obtained":[{"floor":9,"key":"Bag of Marbles"},{"floor":10,"key":"Self Forming Clay"},{"floor":13,"key":"Question Card"},{"floor":20,"key":"Enchiridion"},{"floor":24,"key":"Bottled Lightning"},{"floor":27,"key":"Red Mask"},{"floor":28,"key":"MawBank"}],"event_choices":[{"damage_healed":0,"gold_gain":0,"cards_transformed":["Strike_R"],"player_choice":"Change","damage_taken":0,"max_hp_gain":0,"max_hp_loss":0,"event_name":"Living Wall","floor":2,"gold_loss":0,"cards_obtained":["Fiend Fire"]},{"cards_removed":["Strike_R"],"damage_healed":0,"gold_gain":0,"player_choice":"Card Removal","damage_taken":7,"max_hp_gain":0,"max_hp_loss":0,"event_name":"Golden Wing","floor":4,"gold_loss":0},{"damage_healed":0,"gold_gain":0,"player_choice":"Entered Light","damage_taken":23,"max_hp_gain":0,"max_hp_loss":0,"event_name":"Shining Light","floor":7,"gold_loss":0,"cards_upgraded":["Bash","Pommel Strike"]},{"damage_healed":0,"gold_gain":0,"player_choice":"Obtained Book","damage_taken":21,"max_hp_gain":0,"max_hp_loss":0,"event_name":"Cursed Tome","floor":20,"gold_loss":0},{"cards_removed":["Strike_R"],"damage_healed":0,"gold_gain":0,"player_choice":"Elegance","damage_taken":0,"max_hp_gain":0,"max_hp_loss":0,"event_name":"Back to Basics","floor":21,"gold_loss":0},{"damage_healed":0,"gold_gain":0,"player_choice":"Fought Bandits","damage_taken":0,"max_hp_gain":0,"max_hp_loss":0,"event_name":"Masked Bandits","floor":27,"gold_loss":0},{"cards_removed":["Strike_R"],"damage_healed":0,"gold_gain":0,"player_choice":"Gave Gold","damage_taken":0,"max_hp_gain":0,"max_hp_loss":0,"event_name":"Beggar","floor":31,"gold_loss":75}],"is_beta":false,"boss_relics":[{"not_picked":["Cursed Key","Empty Cage"],"picked":"Mark of Pain"}],"items_purged_floors":[],"is_endless":false,"potions_floor_spawned":[1,11,14,24,28],"killed_by":"Automaton","ascension_level":20}}