{"host":"rzjc4nrqz5d54r3r","time":1612080449,"event":{"mods":["BaseMod","Colored Map","Keyboard Shortcuts","Minty Spire (QoL Compilation)","Quick Restart","StSLib","SuperFastMode","everything is the same but u backflip on backflip"],"gold_per_floor":[117,127,142,142,142,169,197,231,254,287,287,306,336,363,363,441,441,454,454,211,211,224,259,289,315,364,364,392,419,450,476,476,549,549,569,569,582,607,607,641,641,666,690,718,718,353,386,87,87,87,87],"floor_reached":52,"language":"KOR","playtime":1716,"items_purged":["BowlingBash","SignatureMove+1","Tantrum"],"score":3402,"play_id":"9aec7e59-c8ad-40e2-ac7f-486b6c062322","local_time":"20210131170729","daily_mods":["SealedDeck","Heirloom","Flight"],"is_ascension_mode":true,"campfire_choices":[{"data":"TalkToTheHand","floor":11,"key":"SMITH"},{"data":"1","floor":15,"key":"LIFT"},{"data":"TalkToTheHand","floor":27,"key":"SMITH"},{"data":"Adaptation","floor":32,"key":"SMITH"},{"data":"2","floor":41,"key":"LIFT"},{"data":"3","floor":45,"key":"LIFT"},{"floor":49,"key":"REST"}],"circlet_count":0,"master_deck":["AscendersBane","SashWhip+1","CutThroughFate+1","Prostrate+1","EmptyFist+1","TalkToTheHand+1","TalkToTheHand+1","Consecrate+1","InnerPeace+1","Halt+1","EmptyMind+1","Adaptation+1","LessonLearned+1","Indignation+1","InnerPeace+1","MentalFortress","Purity"],"relics":["PureWater","Girya","Art of War","Bag of Preparation","Toy Ornithopter","Tiny Chest","Strawberry","War Paint","Boot","Happy Flower","Busted Crown","Potion Belt","Du-Vu Doll","Bird Faced Urn","PreservedInsect","Ancient Tea Set","Question Card","Anchor","TeardropLocket","Bottled Lightning","Fusion Hammer","Mango","Blue Candle","Gremlin Horn","Whetstone","Vajra","Thread and Needle","Pear","Bag of Marbles"],"acts_visited":["Exordium","TheCity","TheBeyond"],"potions_floor_usage":[16,23,35,37,51],"damage_taken":[{"damage":0,"enemies":"Cultist","floor":1,"turns":2},{"damage":10,"enemies":"2 Louse","floor":2,"turns":2},{"damage":0,"enemies":"Jaw Worm","floor":3,"turns":1},{"damage":0,"enemies":"Gremlin Nob","floor":6,"turns":3},{"damage":5,"enemies":"Lagavulin","floor":7,"turns":4},{"damage":0,"enemies":"3 Sentries","floor":8,"turns":3},{"damage":0,"enemies":"Gremlin Nob","floor":10,"turns":2},{"damage":0,"enemies":"Lots of Slimes","floor":12,"turns":2},{"damage":0,"enemies":"3 Sentries","floor":13,"turns":2},{"damage":0,"enemies":"Gremlin Nob","floor":14,"turns":2},{"damage":0,"enemies":"Slime Boss","floor":16,"turns":2},{"damage":0,"enemies":"Spheric Guardian","floor":18,"turns":1},{"damage":0,"enemies":"Chosen","floor":22,"turns":2},{"damage":0,"enemies":"Gremlin Leader","floor":23,"turns":3},{"damage":10,"enemies":"Book of Stabbing","floor":24,"turns":4},{"damage":0,"enemies":"Gremlin Leader","floor":25,"turns":3},{"damage":0,"enemies":"Book of Stabbing","floor":28,"turns":2},{"damage":1,"enemies":"Gremlin Leader","floor":30,"turns":4},{"damage":0,"enemies":"Slavers","floor":31,"turns":1},{"damage":0,"enemies":"Champ","floor":33,"turns":5},{"damage":0,"enemies":"3 Darklings","floor":35,"turns":2},{"damage":0,"enemies":"3 Shapes","floor":37,"turns":1},{"damage":0,"enemies":"Mind Bloom Boss Battle","floor":38,"turns":2},{"damage":0,"enemies":"Reptomancer","floor":40,"turns":2},{"damage":0,"enemies":"Giant Head","floor":42,"turns":4},{"damage":0,"enemies":"Reptomancer","floor":44,"turns":1},{"damage":0,"enemies":"Giant Head","floor":47,"turns":2},{"damage":0,"enemies":"Awakened One","floor":50,"turns":6},{"damage":0,"enemies":"Donu and Deca","floor":51,"turns":3}],"seed_played":"1560153402428813032","potions_obtained":[{"floor":1,"key":"SteroidPotion"},{"floor":6,"key":"SteroidPotion"},{"floor":10,"key":"StancePotion"},{"floor":16,"key":"Weak Potion"},{"floor":22,"key":"Regen Potion"},{"floor":24,"key":"LiquidMemories"},{"floor":28,"key":"PowerPotion"},{"floor":35,"key":"Regen Potion"},{"floor":37,"key":"Fruit Juice"},{"floor":40,"key":"Ancient Potion"}],"is_trial":true,"path_per_floor":["M","M","M","?","?","E","E","E","T","E","R","M","E","E","R","B",null,"M","?","$","?","M","E","E","E","T","R","E","T","E","E","R","B",null,"M","?","M","?","T","E","R","E","T","E","R","$","E","$","R","B","B",null],"character_chosen":"WATCHER","items_purchased":["Potion Belt","Pear","MentalFortress","Purity"],"campfire_rested":1,"item_purchase_floors":[20,46,48,48],"current_hp_per_floor":[61,51,51,44,44,44,39,39,46,46,46,46,46,46,46,51,69,69,69,69,69,69,74,64,66,66,66,68,68,69,69,69,71,74,75,75,80,94,94,94,94,94,94,94,94,104,104,104,104,104,104],"gold":87,"neow_bonus":"","is_daily":false,"chose_seed":false,"campfire_upgraded":3,"win_rate":0.0,"timestamp":1612080449,"path_taken":["M","?","M","?","?","E","E","E","T","E","R","?","E","E","R","BOSS","M","?","$","?","M","E","E","E","T","R","E","?","E","E","R","BOSS","M","?","?","?","?","E","R","E","T","E","R","$","E","$","R","BOSS","BOSS"],"items_purchased_type":["Relic","Relic","Card","Card"],"build_version":"2020-12-22","purchased_purges":3,"victory":true,"max_hp_per_floor":[68,68,68,68,68,68,68,68,75,75,75,75,75,75,75,75,75,75,75,75,75,75,75,75,75,75,75,75,75,75,75,75,75,75,75,75,80,94,94,94,94,94,94,94,94,104,104,104,104,104,104],"card_choices":[{"not_picked":["Evaluate","JustLucky"],"picked":"Tantrum","floor":1},{"not_picked":["EmptyBody","ThirdEye"],"picked":"Halt","floor":2},{"not_picked":["SashWhip","Worship","Study"],"picked":"SKIP","floor":3},{"not_picked":["FlurryOfBlows","Tantrum","SashWhip"],"picked":"SKIP","floor":6},{"not_picked":["Tantrum","JustLucky","Study"],"picked":"SKIP","floor":7},{"not_picked":["PathToVictory","JustLucky"],"picked":"EmptyMind","floor":8},{"not_picked":["Swivel","Protect","Study"],"picked":"SKIP","floor":10},{"not_picked":["Swivel","Protect","Study"],"picked":"SKIP","floor":10},{"not_picked":["ThirdEye","Consecrate","Weave"],"picked":"SKIP","floor":12},{"not_picked":["FlyingSleeves","Wallop","BowlingBash"],"picked":"SKIP","floor":13},{"not_picked":["Vengeance","EmptyBody"],"picked":"SignatureMove","floor":14},{"not_picked":[],"picked":"Adaptation","floor":18},{"not_picked":["FollowUp"],"picked":"SKIP","floor":22},{"not_picked":["Collect+1"],"picked":"SKIP","floor":23},{"not_picked":["Tantrum+1"],"picked":"SKIP","floor":24},{"not_picked":["Establishment"],"picked":"SKIP","floor":25},{"not_picked":["LessonLearned"],"picked":"SKIP","floor":28},{"not_picked":[],"picked":"LessonLearned","floor":28},{"not_picked":["EmptyFist","FlyingSleeves+1"],"picked":"SKIP","floor":30},{"not_picked":["Pray+1","EmptyFist"],"picked":"SKIP","floor":31},{"not_picked":["BowlingBash"],"picked":"Indignation+1","floor":35},{"not_picked":["LikeWater+1","EmptyBody+1"],"picked":"SKIP","floor":37},{"not_picked":["EmptyBody","Halt"],"picked":"SKIP","floor":40},{"not_picked":["ReachHeaven+1"],"picked":"InnerPeace","floor":42},{"not_picked":["Conclude","Wallop+1"],"picked":"SKIP","floor":44},{"not_picked":["Prostrate","Vengeance"],"picked":"SKIP","floor":47}],"player_experience":54938,"relics_obtained":[{"floor":6,"key":"Bag of Preparation"},{"floor":7,"key":"Toy Ornithopter"},{"floor":8,"key":"Tiny Chest"},{"floor":9,"key":"Strawberry"},{"floor":10,"key":"War Paint"},{"floor":13,"key":"Boot"},{"floor":14,"key":"Happy Flower"},{"floor":23,"key":"Du-Vu Doll"},{"floor":24,"key":"Bird Faced Urn"},{"floor":25,"key":"PreservedInsect"},{"floor":26,"key":"Ancient Tea Set"},{"floor":28,"key":"Question Card"},{"floor":29,"key":"Anchor"},{"floor":30,"key":"TeardropLocket"},{"floor":31,"key":"Bottled Lightning"},{"floor":38,"key":"Mango"},{"floor":39,"key":"Blue Candle"},{"floor":40,"key":"Gremlin Horn"},{"floor":42,"key":"Whetstone"},{"floor":43,"key":"Vajra"},{"floor":44,"key":"Thread and Needle"},{"floor":47,"key":"Bag of Marbles"}],"event_choices":[{"cards_removed":["FollowUp"],"damage_healed":0,"gold_gain":0,"player_choice":"Card Removal","damage_taken":7,"max_hp_gain":0,"max_hp_loss":0,"event_name":"Golden Wing","floor":4,"gold_loss":0},{"damage_healed":0,"gold_gain":0,"player_choice":"Gave Potion","damage_taken":0,"relics_obtained":["Art of War"],"max_hp_gain":0,"max_hp_loss":0,"event_name":"WeMeetAgain","floor":5,"gold_loss":0},{"damage_healed":0,"gold_gain":0,"player_choice":"Ignored","damage_taken":0,"max_hp_gain":0,"max_hp_loss":0,"event_name":"Cursed Tome","floor":19,"gold_loss":0},{"damage_healed":0,"gold_gain":0,"player_choice":"Ignored","damage_taken":0,"max_hp_gain":0,"max_hp_loss":0,"event_name":"The Mausoleum","floor":21,"gold_loss":0},{"damage_healed":0,"gold_gain":0,"player_choice":"Upgraded","damage_taken":0,"max_hp_gain":0,"max_hp_loss":0,"event_name":"Upgrade Shrine","floor":36,"gold_loss":0,"cards_upgraded":["EmptyMind"]},{"damage_healed":0,"gold_gain":0,"player_choice":"Fight","damage_taken":0,"max_hp_gain":0,"max_hp_loss":0,"event_name":"MindBloom","floor":38,"gold_loss":0}],"is_beta":false,"boss_relics":[{"not_picked":["Philosopher\u0027s Stone","Cursed Key"],"picked":"Busted Crown"},{"not_picked":["Runic Pyramid","Calling Bell"],"picked":"Fusion Hammer"}],"items_purged_floors":[20,46,48],"is_endless":false,"potions_floor_spawned":[1,6,10,13,14,16,22,24,28,35,37,40],"ascension_level":20}}