{"host":"dlqyscxstsnu98l1","time":1612116426,"event":{"mods":["AchievementEnabler","BaseMod","Colored Map","Colored Powertips","Downfall","GifTheSpireLib","Highlight Path","Minty Spire (QoL Compilation)","Random Character Button","SacredBarkPlus","StSLib","everything is the same but u backflip on backflip"],"gold_per_floor":[112,112,132,143,143,143,318,345,345,345,380,395,78,109,109,109,109],"floor_reached":16,"language":"ENG","playtime":642,"items_purged":["Doubt"],"score":130,"play_id":"055bc21b-d171-48c3-bfab-f55d2af4070d","local_time":"20210131120706","is_ascension_mode":true,"campfire_choices":[{"data":"SashWhip","floor":6,"key":"SMITH"},{"data":"Eruption","floor":10,"key":"SMITH"},{"data":"Vigilance","floor":15,"key":"SMITH"}],"circlet_count":0,"master_deck":["Strike_P","Strike_P","Strike_P","Strike_P","Defend_P","Defend_P","Defend_P","Eruption+1","Vigilance+1","Consecrate","SashWhip+1","Prostrate","FlyingSleeves","Consecrate","Halt+1","Protect+1","Enlightenment+1"],"relics":["PureWater","NeowsBlessing","Toxic Egg 2","Meat on the Bone","Dream Catcher","Omamori","FossilizedHelix"],"acts_visited":["Exordium"],"potions_floor_usage":[11,16],"damage_taken":[{"damage":0,"enemies":"2 Louse","floor":1,"turns":1},{"damage":0,"enemies":"Jaw Worm","floor":3,"turns":1},{"damage":0,"enemies":"Cultist","floor":4,"turns":1},{"damage":13,"enemies":"Lagavulin","floor":8,"turns":6},{"damage":19,"enemies":"Gremlin Nob","floor":11,"turns":5},{"damage":10,"enemies":"Exordium Wildlife","floor":12,"turns":5},{"damage":1,"enemies":"Lagavulin","floor":14,"turns":5},{"damage":42,"enemies":"Hexaghost","floor":16,"turns":9}],"seed_played":"1699961728689813375","potions_obtained":[{"floor":4,"key":"LiquidBronze"},{"floor":11,"key":"FearPotion"}],"is_trial":false,"path_per_floor":["M","?","M","M","T","R","?","E","T","R","E","M","$","E","R","B"],"character_chosen":"WATCHER","items_purchased":["Omamori","Enlightenment+1"],"campfire_rested":0,"item_purchase_floors":[13,13],"current_hp_per_floor":[72,72,72,72,72,72,72,59,59,59,40,42,42,41,41,0,0],"gold":109,"neow_bonus":"THREE_ENEMY_KILL","is_daily":false,"chose_seed":false,"campfire_upgraded":3,"win_rate":0.0,"timestamp":1612116426,"path_taken":["M","?","M","M","?","R","?","E","T","R","E","M","$","E","R","BOSS"],"items_purchased_type":["Relic","Card"],"build_version":"2020-12-22","purchased_purges":1,"victory":false,"max_hp_per_floor":[72,72,72,72,72,72,72,72,72,72,72,72,72,72,72,72,72],"card_choices":[{"not_picked":["FlurryOfBlows","DeceiveReality"],"picked":"Consecrate","floor":1},{"not_picked":["EmptyFist","Nirvana"],"picked":"Prostrate","floor":3},{"not_picked":["CrushJoints","ThirdEye"],"picked":"FlyingSleeves","floor":4},{"not_picked":["Nirvana","WheelKick"],"picked":"Consecrate","floor":8},{"not_picked":["Weave","CrushJoints"],"picked":"Halt+1","floor":11},{"not_picked":["WreathOfFlame+1","ForeignInfluence+1"],"picked":"Protect+1","floor":12},{"not_picked":["Tantrum","JustLucky","FlurryOfBlows"],"picked":"SKIP","floor":14}],"player_experience":134645,"relics_obtained":[{"floor":8,"key":"Toxic Egg 2"},{"floor":9,"key":"Meat on the Bone"},{"floor":11,"key":"Dream Catcher"},{"floor":14,"key":"FossilizedHelix"}],"event_choices":[{"damage_healed":0,"gold_gain":0,"cards_transformed":["Defend_P"],"player_choice":"Change","damage_taken":0,"max_hp_gain":0,"max_hp_loss":0,"event_name":"Living Wall","floor":2,"gold_loss":0,"cards_obtained":["SashWhip"]},{"damage_healed":0,"gold_gain":175,"player_choice":"AGREE","damage_taken":0,"max_hp_gain":0,"max_hp_loss":0,"event_name":"Liars Game","floor":7,"gold_loss":0,"cards_obtained":["Doubt"]}],"is_beta":false,"boss_relics":[],"items_purged_floors":[13],"is_endless":false,"potions_floor_spawned":[4,11],"killed_by":"Hexaghost","ascension_level":2}}