{"host":"89iuq2p5kwriuwfq","time":1612130209,"event":{"mods":["BaseMod","Curses Come First","Minty Spire (QoL Compilation)","Permanent Neow","StSLib"],"gold_per_floor":[11,30,30,44,44,78,78,106,158,158,184,194,219,233,233,329,329,349,359,378,12,22,54,54,88,88,88,88,120,134,149,149,247,247,267,317,337,356,436,436,471,92,92,92,125,125,14,14,14,14,14,14,14,42,42],"floor_reached":56,"language":"ENG","playtime":3501,"items_purged":["Strike_G","Defend_G","Defend_G"],"score":1865,"play_id":"319fa3c5-4b80-4e6a-9564-eb6fa43e5b76","local_time":"20210131215649","is_ascension_mode":true,"campfire_choices":[{"data":"Wraith Form v2","floor":7.0,"key":"SMITH"},{"floor":10.0,"key":"REST"},{"data":"Malaise","floor":15.0,"key":"SMITH"},{"data":"Envenom","floor":24,"key":"SMITH"},{"data":"Catalyst","floor":27,"key":"SMITH"},{"data":"Defend_G","floor":32,"key":"PURGE"},{"data":"Defend_G","floor":40,"key":"PURGE"},{"floor":44,"key":"RECALL"},{"data":"Strike_G","floor":49,"key":"PURGE"},{"data":"Malaise","floor":52,"key":"SMITH"}],"circlet_count":0,"master_deck":["AscendersBane","Strike_G","Survivor","Neutralize","Eviscerate","Wraith Form v2+1","Dagger Throw","Dash","Corpse Explosion","Acrobatics","PiercingWail","Leg Sweep","Malaise+1","Deadly Poison","Backflip","Backstab","Bullet Time","Deadly Poison","Catalyst+1","Envenom+1","Bouncing Flask","PiercingWail","Bouncing Flask","Catalyst+1","Acrobatics","Malaise+1","Calculated Gamble","Deadly Poison+1","Acrobatics","Dodge and Roll","Madness","Madness","Venomology"],"relics":["Ring of the Snake","Darkstone Periapt","Akabeko","Mercury Hourglass","Bag of Marbles","HornCleat","Strawberry","Philosopher\u0027s Stone","Eternal Feather","Matryoshka","Thread and Needle","Letter Opener","Regal Pillow","Peace Pipe","Busted Crown","Prayer Wheel","Lantern","Pear","Membership Card","CaptainsWheel","Question Card","Orichalcum","Bag of Preparation"],"acts_visited":["Exordium","TheCity","TheBeyond","TheEnding"],"potions_floor_usage":[25,50,55,55,55],"damage_taken":[{"damage":1.0,"enemies":"Jaw Worm","floor":1.0,"turns":7.0},{"damage":0.0,"enemies":"Small Slimes","floor":2.0,"turns":2.0},{"damage":1.0,"enemies":"Cultist","floor":4.0,"turns":4.0},{"damage":12.0,"enemies":"3 Sentries","floor":6.0,"turns":3.0},{"damage":33.0,"enemies":"Lagavulin","floor":8.0,"turns":8.0},{"damage":3.0,"enemies":"3 Sentries","floor":11.0,"turns":2.0},{"damage":0.0,"enemies":"Exordium Wildlife","floor":12.0,"turns":3.0},{"damage":1.0,"enemies":"Gremlin Nob","floor":13.0,"turns":4.0},{"damage":0.0,"enemies":"3 Louse","floor":14.0,"turns":3.0},{"damage":1.0,"enemies":"Hexaghost","floor":16.0,"turns":15.0},{"damage":0.0,"enemies":"2 Thieves","floor":18.0,"turns":1.0},{"damage":0.0,"enemies":"3 Byrds","floor":19.0,"turns":2.0},{"damage":1.0,"enemies":"Snake Plant","floor":20.0,"turns":5.0},{"damage":9,"enemies":"Centurion and Healer","floor":22,"turns":5},{"damage":1,"enemies":"Slavers","floor":23,"turns":2},{"damage":33,"enemies":"Gremlin Leader","floor":25,"turns":4},{"damage":4,"enemies":"Slavers","floor":29,"turns":4},{"damage":0,"enemies":"Chosen and Byrds","floor":30,"turns":4},{"damage":5,"enemies":"Snake Plant","floor":31,"turns":5},{"damage":12,"enemies":"Champ","floor":33,"turns":8},{"damage":0,"enemies":"Orb Walker","floor":35,"turns":3},{"damage":0,"enemies":"Mind Bloom Boss Battle","floor":36,"turns":4},{"damage":0,"enemies":"3 Shapes","floor":37,"turns":4},{"damage":0,"enemies":"Jaw Worm Horde","floor":38,"turns":3},{"damage":0,"enemies":"Reptomancer","floor":41,"turns":3},{"damage":0,"enemies":"Giant Head","floor":45,"turns":5},{"damage":33,"enemies":"Time Eater","floor":50,"turns":12},{"damage":24,"enemies":"Shield and Spear","floor":54,"turns":5},{"damage":52,"enemies":"The Heart","floor":55,"turns":6}],"seed_played":"-1351442045375888999","potions_obtained":[{"floor":2.0,"key":"SmokeBomb"},{"floor":8.0,"key":"EssenceOfSteel"},{"floor":11.0,"key":"Weak Potion"},{"floor":14.0,"key":"SkillPotion"},{"floor":19.0,"key":"Weak Potion"},{"floor":23,"key":"BlessingOfTheForge"},{"floor":25,"key":"Dexterity Potion"},{"floor":35,"key":"Energy Potion"}],"is_trial":false,"path_per_floor":["M","M","?","M","?","E","R","E","T","R","E","M","E","M","R","B",null,"M","M","M","$","M","E","R","E","T","R","?","E","M","M","R","B",null,"M","?","M","M","T","R","E","$","T","R","E","?","$","?","R","B",null,"R","$","E","B",null],"character_chosen":"THE_SILENT","items_purchased":["Bouncing Flask","Eternal Feather","Membership Card","Acrobatics","CaptainsWheel","Swift Potion","Dodge and Roll"],"campfire_rested":1,"item_purchase_floors":[21,21,42,42,42,47,47],"current_hp_per_floor":[62,62,62,61,58,46,46,13,13,34,31,31,37,37,37,36,67,67,67,66,66,57,56,71,38,38,53,53,49,49,44,62,50,70,70,70,70,70,70,77,87,87,87,87,87,87,87,76,87,54,79,87,87,63,11],"gold":42,"neow_bonus":"TRANSFORM_TWO_CARDS","is_daily":false,"chose_seed":false,"campfire_upgraded":5,"win_rate":0.0,"timestamp":1612130209,"path_taken":["M","M","?","M","?","E","R","E","T","R","E","?","E","M","R","BOSS","M","M","?","$","M","E","R","E","T","R","?","E","M","M","R","BOSS","M","?","M","M","?","R","E","$","T","R","E","?","?","?","R","BOSS","R","$","E","BOSS"],"items_purchased_type":["Card","Relic","Relic","Card","Relic","Potion","Card"],"build_version":"2020-12-22","purchased_purges":3,"victory":true,"max_hp_per_floor":[70,70,70,70,70,70,70,70,70,70,70,70,77,77,77,77,77,77,77,77,77,77,77,77,77,77,77,77,77,77,77,77,77,77,77,77,77,77,77,77,87,87,87,87,87,87,87,87,87,87,87,87,87,87,87],"card_choices":[{"not_picked":["Dagger Spray","Bane"],"picked":"Dagger Throw","floor":1.0},{"not_picked":["Dodge and Roll","Quick Slash"],"picked":"Dash","floor":2.0},{"not_picked":["Slice","Sucker Punch"],"picked":"Acrobatics","floor":4.0},{"not_picked":["Accuracy","Crippling Poison"],"picked":"PiercingWail","floor":6.0},{"not_picked":["Catalyst","Flying Knee"],"picked":"Leg Sweep","floor":8.0},{"not_picked":["Dodge and Roll","Dash"],"picked":"Malaise","floor":11.0},{"not_picked":["Acrobatics","Setup"],"picked":"Deadly Poison","floor":12.0},{"not_picked":["Blade Dance","Quick Slash"],"picked":"Backflip","floor":13.0},{"not_picked":["Endless Agony","Sucker Punch"],"picked":"Backstab","floor":14.0},{"not_picked":["Storm of Steel","Phantasmal Killer"],"picked":"Bullet Time","floor":16.0},{"not_picked":["Dagger Spray","Bane"],"picked":"Deadly Poison","floor":18.0},{"not_picked":["Deflect","Slice"],"picked":"Catalyst","floor":19.0},{"not_picked":["Flying Knee","Quick Slash"],"picked":"Envenom","floor":20},{"not_picked":["Flechettes","Riddle With Holes"],"picked":"PiercingWail","floor":22},{"not_picked":["Dagger Spray","Deadly Poison"],"picked":"Bouncing Flask","floor":23},{"not_picked":["Slice+1","Burst"],"picked":"Catalyst+1","floor":25},{"not_picked":["Flying Knee+1","Sucker Punch+1"],"picked":"Acrobatics","floor":29},{"not_picked":["Bouncing Flask","Blade Dance"],"picked":"Malaise","floor":30},{"not_picked":["Choke","Accuracy","Slice+1"],"picked":"SKIP","floor":31},{"not_picked":["Blade Dance"],"picked":"SKIP","floor":35},{"not_picked":[],"picked":"Calculated Gamble","floor":37},{"not_picked":["Flying Knee+1"],"picked":"SKIP","floor":37},{"not_picked":["Leg Sweep"],"picked":"SKIP","floor":38},{"not_picked":["Accuracy"],"picked":"SKIP","floor":38},{"not_picked":[],"picked":"Deadly Poison+1","floor":41},{"not_picked":["Backstab+1","Sucker Punch"],"picked":"SKIP","floor":45},{"not_picked":["Flechettes"],"picked":"Venomology","floor":54}],"player_experience":619808,"relics_obtained":[{"floor":6.0,"key":"Akabeko"},{"floor":8.0,"key":"Mercury Hourglass"},{"floor":9.0,"key":"Bag of Marbles"},{"floor":11.0,"key":"HornCleat"},{"floor":13.0,"key":"Strawberry"},{"floor":23,"key":"Matryoshka"},{"floor":25,"key":"Thread and Needle"},{"floor":26,"key":"Letter Opener"},{"floor":26,"key":"Regal Pillow"},{"floor":29,"key":"Peace Pipe"},{"floor":36,"key":"Prayer Wheel"},{"floor":39,"key":"Lantern"},{"floor":41,"key":"Pear"},{"floor":43,"key":"Question Card"},{"floor":45,"key":"Orichalcum"},{"floor":54,"key":"Bag of Preparation"}],"event_choices":[{"damage_healed":0.0,"max_hp_gain":0.0,"max_hp_loss":0.0,"gold_gain":0.0,"cards_transformed":["Strike_G"],"event_name":"Living Wall","player_choice":"Change","floor":3.0,"gold_loss":0.0,"damage_taken":0.0,"cards_obtained":["Corpse Explosion"]},{"damage_healed":0.0,"max_hp_gain":0.0,"max_hp_loss":0.0,"gold_gain":0.0,"event_name":"Scrap Ooze","player_choice":"Success","floor":5.0,"gold_loss":0.0,"damage_taken":3.0,"relics_obtained":["Darkstone Periapt"]},{"damage_healed":0,"gold_gain":0,"player_choice":"Ignored","damage_taken":0,"max_hp_gain":0,"max_hp_loss":0,"event_name":"Vampires","floor":28,"gold_loss":0},{"damage_healed":0,"gold_gain":0,"player_choice":"Fight","damage_taken":0,"max_hp_gain":0,"max_hp_loss":0,"event_name":"MindBloom","floor":36,"gold_loss":0},{"damage_healed":0,"gold_gain":0,"player_choice":"Memory 1","damage_taken":0,"max_hp_gain":0,"max_hp_loss":0,"event_name":"SensoryStone","floor":46,"gold_loss":0},{"damage_healed":0,"gold_gain":0,"player_choice":"Embrace Madness","damage_taken":11,"max_hp_gain":0,"max_hp_loss":0,"event_name":"Winding Halls","floor":48,"gold_loss":0,"cards_obtained":["Madness","Madness"]}],"is_beta":false,"boss_relics":[{"not_picked":["SlaversCollar","WristBlade"],"picked":"Philosopher\u0027s Stone"},{"not_picked":["Empty Cage","Runic Dome"],"picked":"Busted Crown"}],"items_purged_floors":[21,42,47],"is_endless":false,"potions_floor_spawned":[2,8,11,14,19,23,25,30,35,38],"ascension_level":10}}