{"host":"7f01flv6y0vhl3vt","time":1612120780,"event":{"mods":["Act Like it!","BaseMod","Downfall","Minty Spire (QoL Compilation)","StSLib"],"gold_per_floor":[199,216,226,291,303,318,369,381,392,492,10,10,29,64,79,79,79,79],"floor_reached":16,"language":"ENG","playtime":2214,"items_purged":[],"score":231,"play_id":"d6904c2d-ef4b-464d-b6fe-cdf0dcf644e4","local_time":"20210131141940","is_ascension_mode":false,"campfire_choices":[{"floor":1.0,"key":"RECALL"},{"floor":12,"key":"REST"}],"circlet_count":0,"master_deck":["hexamod:Strike","hexamod:Strike","hexamod:Strike","hexamod:Strike","hexamod:Defend","hexamod:Defend","hexamod:Defend","hexamod:Defend","hexamod:Sear","hexamod:Float","hexamod:RadiantFlame","hexamod:DynamicBlow","hexamod:RetreatToShadows","hexamod:SpectersWail","hexamod:Haunt","hexamod:SecondSeal","hexamod:InspiringFlames","downfall:Haunted","downfall:Haunted","Shame","hexamod:GhostOfSpirePresent","Doubt","Injury","hexamod:GhostflameInferno","hexamod:ThermalTransfer","hexamod:ShieldOfDarkness","hexamod:FirstSeal","hexamod:RadiantFlame"],"relics":["hexamod:SpiritBrand","Regal Pillow","Du-Vu Doll","Mango","Frozen Eye","Boot"],"acts_visited":["Exordium"],"potions_floor_usage":[4,9,15,16],"damage_taken":[{"damage":8,"enemies":"2 Louse","floor":2,"turns":3},{"damage":0,"enemies":"Small Slimes","floor":3,"turns":3},{"damage":2,"enemies":"Gremlin Nob","floor":4,"turns":3},{"damage":7,"enemies":"Jaw Worm","floor":5,"turns":3},{"damage":7,"enemies":"Large Slime","floor":6,"turns":6},{"damage":17,"enemies":"Lots of Slimes","floor":8,"turns":3},{"damage":16,"enemies":"3 Louse","floor":9,"turns":2},{"damage":11,"enemies":"downfall:FleeingMerchant","floor":11,"turns":4},{"damage":19,"enemies":"Large Slime","floor":13,"turns":5},{"damage":30,"enemies":"3 Sentries","floor":14,"turns":8},{"damage":8,"enemies":"Red Slaver","floor":15,"turns":2},{"damage":24,"enemies":"DF_ARCHETYPE_STREAMLINE","floor":16,"turns":3}],"seed_played":"6469318737906974316","potions_obtained":[{"floor":3,"key":"Fire Potion"},{"floor":5,"key":"AttackPotion"},{"floor":6,"key":"sneckomod:MuddlingPotion"},{"floor":9,"key":"Explosive Potion"}],"is_trial":false,"path_per_floor":["R","M","M","?","M","M","T","M","M","?","$","R","M","E","M","B"],"character_chosen":"THE_SPIRIT","items_purchased":["Mango","Frozen Eye","hexamod:ThermalTransfer"],"campfire_rested":1,"item_purchase_floors":[11,11,11],"current_hp_per_floor":[70,62,62,60,53,46,46,29,13,18,21,62,43,13,12,0,0,0],"gold":79,"neow_bonus":"HUNDRED_GOLD","is_daily":false,"chose_seed":false,"campfire_upgraded":0,"win_rate":0.0,"timestamp":1612120780,"path_taken":["R","M","M","?","M","M","T","M","M","?","$","R","M","E","M","BOSS"],"items_purchased_type":["Relic","Relic","Card"],"build_version":"2020-12-22","purchased_purges":0,"victory":false,"max_hp_per_floor":[70,70,70,70,70,70,70,70,70,75,89,89,89,89,89,89,89,89],"card_choices":[{"not_picked":["hexamod:SwordOfDarkness","hexamod:Hexaguard"],"picked":"hexamod:RadiantFlame","floor":2},{"not_picked":["hexamod:ThermalTransfer","hexamod:SuperheatedStrike"],"picked":"hexamod:DynamicBlow","floor":3},{"not_picked":["hexamod:Hexaguard","hexamod:HauntingEcho"],"picked":"hexamod:RetreatToShadows","floor":4},{"not_picked":["hexamod:FlamesFromBeyond","hexamod:NightmareGuise"],"picked":"hexamod:SpectersWail","floor":5},{"not_picked":["hexamod:SuperheatedStrike","hexamod:FirstSeal"],"picked":"hexamod:Haunt","floor":6},{"not_picked":["hexamod:HeatMetal","hexamod:SwordOfDarkness"],"picked":"hexamod:SecondSeal","floor":8},{"not_picked":["hexamod:FastForward","hexamod:NightmareStrike"],"picked":"hexamod:InspiringFlames","floor":9},{"not_picked":["hexamod:NightmareGuise","hexamod:HeatMetal"],"picked":"hexamod:GhostflameInferno","floor":11},{"not_picked":["hexamod:SuperheatedStrike","hexamod:GhostLash"],"picked":"hexamod:ShieldOfDarkness","floor":13},{"not_picked":["hexamod:Haunt","hexamod:Hexaguard"],"picked":"hexamod:FirstSeal","floor":14},{"not_picked":["hexamod:BurningTouch","hexamod:ShieldOfDarkness"],"picked":"hexamod:RadiantFlame","floor":15}],"player_experience":1527919,"relics_obtained":[{"floor":4,"key":"Regal Pillow"},{"floor":14,"key":"Boot"}],"event_choices":[],"is_beta":false,"boss_relics":[],"items_purged_floors":[],"is_endless":false,"potions_floor_spawned":[3,5,6,9],"killed_by":"DF_ARCHETYPE_STREAMLINE","ascension_level":0}}