{"host":"rn4c402gwd40h2z6","time":1612077270,"event":{"mods":["AchievementEnabler","BaseMod","Card Forge","Data Control","Minty Spire (QoL Compilation)","StSLib"],"gold_per_floor":[99,249,249,249,249,249,249,249,249,249,249,249,249,249,249,249,249,249,249,249,249,249,249,249,249,249,249,249,249,249,249,249,249,249,249,249,249,249,249,249,249,249,249,249,249,249,249,249,249,249,249,249,249,249,249,249],"floor_reached":57,"language":"ZHS","playtime":615,"items_purged":[],"score":3890,"play_id":"3fa9a232-5124-4936-a295-50c7a27b9514","local_time":"20210131151430","is_ascension_mode":true,"campfire_choices":[{"floor":15,"key":"RECALL"},{"floor":25,"key":"REST"},{"floor":28,"key":"REST"},{"floor":30,"key":"REST"},{"floor":32,"key":"REST"},{"floor":45,"key":"REST"},{"floor":49,"key":"REST"},{"floor":53,"key":"REST"}],"circlet_count":0,"master_deck":["AscendersBane","Dualcast","Doubt","Sunder","Lockon","Leap","Cold Snap","White Noise","Doom and Gloom","Fusion","Auto Shields","Pain"],"relics":["Cracked Core","Hammer of Thor","Seething Fire","Anvil of the Gods","NeowsBlessing","Pandora\u0027s Box","MutagenicStrength","WarpedTongs"],"acts_visited":["Exordium","TheCity","TheBeyond","TheEnding"],"potions_floor_usage":[],"damage_taken":[{"damage":0,"enemies":"2 Louse","floor":1,"turns":1},{"damage":0,"enemies":"Small Slimes","floor":3,"turns":1},{"damage":0,"enemies":"Cultist","floor":4,"turns":1},{"damage":0,"enemies":"Lagavulin","floor":6,"turns":1},{"damage":0,"enemies":"3 Louse","floor":7,"turns":1},{"damage":0,"enemies":"3 Sentries","floor":8,"turns":1},{"damage":0,"enemies":"Looter","floor":12,"turns":1},{"damage":0,"enemies":"Gremlin Gang","floor":13,"turns":1},{"damage":0,"enemies":"Blue Slaver","floor":14,"turns":1},{"damage":0,"enemies":"Hexaghost","floor":16,"turns":1},{"damage":0,"enemies":"3 Byrds","floor":18,"turns":1},{"damage":0,"enemies":"Shell Parasite","floor":19,"turns":1},{"damage":0,"enemies":"Sentry and Sphere","floor":20,"turns":1},{"damage":0,"enemies":"Centurion and Healer","floor":21,"turns":1},{"damage":0,"enemies":"Shelled Parasite and Fungi","floor":22,"turns":1},{"damage":0,"enemies":"Sentry and Sphere","floor":23,"turns":1},{"damage":0,"enemies":"Slavers","floor":24,"turns":1},{"damage":0,"enemies":"Gremlin Leader","floor":27,"turns":1},{"damage":0,"enemies":"Slavers","floor":29,"turns":1},{"damage":0,"enemies":"Collector","floor":33,"turns":1},{"damage":0,"enemies":"3 Darklings","floor":35,"turns":1},{"damage":0,"enemies":"3 Shapes","floor":36,"turns":1},{"damage":0,"enemies":"Sphere and 2 Shapes","floor":38,"turns":1},{"damage":0,"enemies":"Jaw Worm Horde","floor":39,"turns":1},{"damage":0,"enemies":"Reptomancer","floor":40,"turns":1},{"damage":0,"enemies":"Writhing Mass","floor":41,"turns":1},{"damage":0,"enemies":"3 Darklings","floor":42,"turns":1},{"damage":0,"enemies":"Nemesis","floor":46,"turns":1},{"damage":0,"enemies":"4 Shapes","floor":47,"turns":1},{"damage":1,"enemies":"Giant Head","floor":48,"turns":1},{"damage":1,"enemies":"Awakened One","floor":50,"turns":2},{"damage":0,"enemies":"Donu and Deca","floor":51,"turns":1},{"damage":0,"enemies":"Shield and Spear","floor":55,"turns":1},{"damage":108,"enemies":"The Heart","floor":56,"turns":4}],"seed_played":"-3684018925290455245","potions_obtained":[],"is_trial":false,"path_per_floor":["M","?","M","M","?","E","M","E","T","?","?","M","M","M","R","B",null,"M","M","M","M","M","M","E","R","T","E","R","E","R","?","R","B",null,"M","M","?","M","M","E","M","M","T","?","R","E","M","E","R","B","B",null,"R","$","E","B",null],"character_chosen":"DEFECT","items_purchased":[],"campfire_rested":7,"item_purchase_floors":[],"current_hp_per_floor":[9999,9999,9999,9999,9999,9999,9999,9999,9999,9999,9499,9499,9499,9499,9499,9499,9874,9874,9874,9874,9874,9874,9874,9874,9999,9999,9999,9999,9999,9999,9999,9999,9999,9999,9999,9999,9999,9999,9999,9999,9999,9999,9999,9999,9999,9999,9999,9998,9999,9998,9998,9999,9999,9999,9999,9891],"gold":249,"neow_bonus":"THREE_ENEMY_KILL","is_daily":false,"chose_seed":false,"campfire_upgraded":0,"win_rate":0.0,"timestamp":1612077270,"path_taken":["M","?","M","M","?","E","M","E","T","?","?","M","M","M","R","BOSS","M","M","M","M","?","M","E","R","T","E","R","E","R","?","R","BOSS","M","M","?","M","M","E","M","M","T","?","R","E","M","E","R","BOSS","BOSS","R","$","E","BOSS"],"items_purchased_type":[],"build_version":"2020-12-22","purchased_purges":0,"victory":true,"max_hp_per_floor":[9999,9999,9999,9999,9999,9999,9999,9999,9999,9999,9999,9999,9999,9999,9999,9999,9999,9999,9999,9999,9999,9999,9999,9999,9999,9999,9999,9999,9999,9999,9999,9999,9999,9999,9999,9999,9999,9999,9999,9999,9999,9999,9999,9999,9999,9999,9999,9999,9999,9999,9999,9999,9999,9999,9999,9999],"card_choices":[{"not_picked":["Beam Cell","Recycle","Defragment"],"picked":"SKIP","floor":1},{"not_picked":["Hologram","Ball Lightning","Stack"],"picked":"SKIP","floor":3},{"not_picked":["White Noise","Force Field","Barrage"],"picked":"SKIP","floor":4},{"not_picked":["Chill","Sweeping Beam","Tempest"],"picked":"SKIP","floor":6},{"not_picked":["Barrage","Steam","Hyperbeam"],"picked":"SKIP","floor":7},{"not_picked":["Turbo","Beam Cell","Hologram"],"picked":"SKIP","floor":8},{"not_picked":["Melter","Rebound","Double Energy"],"picked":"SKIP","floor":12},{"not_picked":["Ball Lightning","Consume","Beam Cell"],"picked":"SKIP","floor":13},{"not_picked":["Sweeping Beam","Steam Power","Steam"],"picked":"SKIP","floor":14},{"not_picked":["Leap+1","Recycle","Steam"],"picked":"SKIP","floor":18},{"not_picked":["Aggregate","Hologram+1","Gash"],"picked":"SKIP","floor":19},{"not_picked":["Genetic Algorithm","Electrodynamics","Compile Driver"],"picked":"SKIP","floor":20},{"not_picked":["Cold Snap","Streamline","Darkness"],"picked":"SKIP","floor":21},{"not_picked":["Scrape+1","Capacitor","BootSequence"],"picked":"SKIP","floor":22},{"not_picked":["Go for the Eyes","Heatsinks","BootSequence+1"],"picked":"SKIP","floor":23},{"not_picked":["Streamline+1","Aggregate","Stack"],"picked":"SKIP","floor":24},{"not_picked":["Go for the Eyes","Thunder Strike","Sweeping Beam"],"picked":"SKIP","floor":27},{"not_picked":["Cold Snap","Turbo","Redo"],"picked":"SKIP","floor":29},{"not_picked":["Cold Snap","Streamline","Beam Cell+1"],"picked":"SKIP","floor":35},{"not_picked":["Heatsinks","Ball Lightning","Chill"],"picked":"SKIP","floor":36},{"not_picked":["Conserve Battery","Beam Cell","Hello World+1"],"picked":"SKIP","floor":38},{"not_picked":["Stack+1","Heatsinks+1","Redo+1"],"picked":"SKIP","floor":39},{"not_picked":["Steam Power","Conserve Battery","Consume+1"],"picked":"SKIP","floor":40},{"not_picked":["Barrage","Sweeping Beam+1","Reprogram"],"picked":"SKIP","floor":41},{"not_picked":["FTL","Self Repair","Gash"],"picked":"SKIP","floor":42},{"not_picked":["Coolheaded","Reboot","Steam Power"],"picked":"SKIP","floor":46},{"not_picked":["Conserve Battery+1","Reinforced Body+1","Barrage"],"picked":"SKIP","floor":47},{"not_picked":["Gash","Reprogram+1","Ball Lightning+1"],"picked":"SKIP","floor":48},{"not_picked":["Steam Power","Compile Driver","Glacier"],"picked":"SKIP","floor":55}],"player_experience":59194,"relics_obtained":[],"event_choices":[{"damage_healed":0,"gold_gain":150,"player_choice":"AGREE","damage_taken":0,"max_hp_gain":0,"max_hp_loss":0,"event_name":"Liars Game","floor":2,"gold_loss":0,"cards_obtained":["Doubt"]},{"damage_healed":0,"gold_gain":0,"player_choice":"Fled","damage_taken":0,"max_hp_gain":0,"max_hp_loss":0,"event_name":"Scrap Ooze","floor":5,"gold_loss":0},{"damage_healed":0,"gold_gain":0,"player_choice":"Grow","damage_taken":0,"max_hp_gain":0,"max_hp_loss":0,"event_name":"Living Wall","floor":10,"gold_loss":0,"cards_upgraded":["Defend_B"]},{"damage_healed":0,"gold_gain":0,"player_choice":"Bought 0 Potions","damage_taken":0,"max_hp_gain":0,"max_hp_loss":0,"event_name":"The Woman in Blue","floor":11,"gold_loss":0},{"damage_healed":0,"gold_gain":0,"player_choice":"Inject Mutagens","damage_taken":0,"relics_obtained":["MutagenicStrength"],"max_hp_gain":0,"max_hp_loss":0,"event_name":"Drug Dealer","floor":31,"gold_loss":0},{"cards_removed":["Zap"],"damage_healed":0,"gold_gain":0,"player_choice":"Removed Skill","damage_taken":0,"max_hp_gain":0,"max_hp_loss":0,"event_name":"Falling","floor":37,"gold_loss":0},{"damage_healed":0,"gold_gain":0,"player_choice":"Rummage","damage_taken":0,"relics_obtained":["WarpedTongs"],"max_hp_gain":0,"max_hp_loss":0,"event_name":"Accursed Blacksmith","floor":44,"gold_loss":0,"cards_obtained":["Pain"]}],"is_beta":false,"boss_relics":[{"not_picked":["Calling Bell","SlaversCollar"],"picked":"Pandora\u0027s Box"},{"not_picked":[]}],"items_purged_floors":[],"is_endless":false,"potions_floor_spawned":[4,8,12,18,21,24,29,40,41,42,47],"ascension_level":20}}