{"host":"w4itzgfiflucot85","time":1612099906,"event":{"mods":["2.2 Compatiblity","BaseMod","Bestiary","Better Note","BetterRewards","Colored Map","Conspire","Highlight Path","Infinite Spire","Minty Spire (QoL Compilation)","Permanent Neow","Replay The Spire","StSLib","The Bug Knight","The Dragon Tamer","The Jungle"],"gold_per_floor":[116,116,132,146,156,156,156],"floor_reached":6,"language":"ENG","playtime":341,"items_purged":[],"score":38,"play_id":"dd33a391-d64b-4f54-94f1-d836b724602d","local_time":"20210131083146","is_ascension_mode":false,"campfire_choices":[],"circlet_count":0,"master_deck":["HollowMod:NailStrikeStart","HollowMod:NailStrikeStart","HollowMod:NailStrikeStart","HollowMod:NailStrikeStart","HollowMod:QuickDashStart","HollowMod:QuickDashStart","HollowMod:QuickDashStart","HollowMod:QuickDashStart","HollowMod:FocusHealStart","HollowMod:PogoStrike","HollowMod:TaintedHusks","HollowMod:GoodIntentions","HollowMod:InfectedAttack","HollowMod:SlysStrikes","HollowMod:NewGlowingWomb"],"relics":["HollowMod:VesselMask","Orichalcum"],"acts_visited":["Exordium"],"potions_floor_usage":[],"damage_taken":[{"damage":3,"enemies":"2 Louse","floor":1,"turns":4},{"damage":0,"enemies":"Cultist","floor":3,"turns":3},{"damage":1,"enemies":"Small Slimes","floor":4,"turns":4},{"damage":0,"enemies":"2 Fungi Beasts","floor":5,"turns":5},{"damage":29,"enemies":"Lagavulin","floor":6,"turns":7}],"seed_played":"4647940170377399453","potions_obtained":[{"floor":3,"key":"AttackPotion"},{"floor":5,"key":"PowerPotion"}],"is_trial":false,"path_per_floor":["M","?","M","M","M","E"],"character_chosen":"THE_BUGKNIGHT","items_purchased":[],"campfire_rested":0,"item_purchase_floors":[],"current_hp_per_floor":[75,75,75,74,75,52,52],"gold":156,"neow_bonus":"THREE_CARDS","is_daily":false,"chose_seed":false,"campfire_upgraded":0,"win_rate":0.0,"timestamp":1612099906,"path_taken":["M","?","M","?","M","E"],"items_purchased_type":[],"build_version":"2020-12-22","purchased_purges":0,"victory":false,"max_hp_per_floor":[75,75,75,75,75,75,75],"card_choices":[{"not_picked":["HollowMod:ShadowDash","HollowMod:PerfectDash"],"picked":"HollowMod:TaintedHusks","floor":0},{"not_picked":["HollowMod:ChannelNail","HollowMod:FastStrike"],"picked":"HollowMod:GoodIntentions","floor":1},{"not_picked":["HollowMod:SoulShaman","HollowMod:TaintedHusks"],"picked":"HollowMod:InfectedAttack","floor":3},{"not_picked":["HollowMod:SoulSplash","HollowMod:CycloneSlash"],"picked":"HollowMod:SlysStrikes","floor":4},{"not_picked":["HollowMod:HowlingWraiths","HollowMod:SoulShaman"],"picked":"HollowMod:NewGlowingWomb","floor":5}],"player_experience":148942,"relics_obtained":[{"floor":2,"key":"Orichalcum"}],"event_choices":[{"damage_healed":0,"gold_gain":0,"player_choice":"Relic","damage_taken":0,"max_hp_gain":0,"max_hp_loss":0,"event_name":"Wheel of Change","floor":2,"gold_loss":0}],"is_beta":false,"boss_relics":[],"items_purged_floors":[],"is_endless":false,"potions_floor_spawned":[3,5],"killed_by":"Lagavulin","ascension_level":0}}