{"host":"nl0l3n9o484xnec8","time":1612068112,"event":{"mods":["BaseMod","BetterRewards","Minty Spire (QoL Compilation)","Remove Card Discount Mod","Shop Mod","UnlockEverythingMod","[IsaacMod]ÒÔÈö¼âËþ","[JumpMod]Îè¶¯¼âËþ","óô»ðÖ¸ÄÏ"],"gold_per_floor":[115,64,79,79,79,105,105,136,136,136,154,165,197,216,216,292,292,306,74,87,97,97,132,132,160,160,160,187,187,200,234,234,308,308,318,338,363,363,363],"floor_reached":38,"language":"ZHS","playtime":2569,"items_purged":["Defend_B"],"score":1094,"play_id":"e691b5dc-75e2-4cd9-b1d1-185774a78d81","local_time":"20210131124152","is_ascension_mode":true,"campfire_choices":[{"data":"Fission","floor":7.0,"key":"SMITH"},{"data":"Coolheaded","floor":10.0,"key":"SMITH"},{"data":"Rainbow","floor":15.0,"key":"SMITH"},{"data":"Recycle","floor":24.0,"key":"SMITH"},{"data":"Hologram","floor":27.0,"key":"SMITH"},{"data":"Blizzard","floor":32,"key":"SMITH"}],"circlet_count":0,"master_deck":["AscendersBane","Zap","Dualcast","Coolheaded+1","Cold Snap","Gash","Fission+1","Recycle+1","Rainbow+1","Hologram+1","Echo Form","Hologram+1","Hologram+1","Creative AI","Amplify","Steam Power","Buffer","Blizzard+1","Core Surge","Reinforced Body","Auto Shields","Darkness","Cold Snap","Compile Driver","Blizzard+1"],"relics":["Cracked Core","NeowsBlessing","Blue Candle","Bag of Preparation","Meat on the Bone","Coffee Dripper","Happy Flower","Orichalcum","The Courier","Bottled Flame","InkBottle","Anchor","Pandora\u0027s Box","Ginger"],"acts_visited":["TheBeyond"],"potions_floor_usage":[31,33],"damage_taken":[{"damage":0.0,"enemies":"Cultist","floor":1.0,"turns":3.0},{"damage":0.0,"enemies":"Small Slimes","floor":3.0,"turns":3.0},{"damage":0.0,"enemies":"Gremlin Nob","floor":6.0,"turns":3.0},{"damage":30.0,"enemies":"3 Sentries","floor":8.0,"turns":11.0},{"damage":0.0,"enemies":"Jaw Worm","floor":11.0,"turns":4.0},{"damage":0.0,"enemies":"Looter","floor":12.0,"turns":4.0},{"damage":12.0,"enemies":"Lagavulin","floor":13.0,"turns":8.0},{"damage":0.0,"enemies":"Blue Slaver","floor":14.0,"turns":4.0},{"damage":67.0,"enemies":"Hexaghost","floor":16.0,"turns":12.0},{"damage":24.0,"enemies":"2 Thieves","floor":18.0,"turns":6.0},{"damage":18.0,"enemies":"3 Byrds","floor":20.0,"turns":6.0},{"damage":0.0,"enemies":"Snecko","floor":21.0,"turns":6.0},{"damage":70.0,"enemies":"Gremlin Leader","floor":23.0,"turns":8.0},{"damage":72.0,"enemies":"Book of Stabbing","floor":25.0,"turns":9.0},{"damage":35.0,"enemies":"Gremlin Leader","floor":28.0,"turns":11.0},{"damage":109.0,"enemies":"3 Cultists","floor":30.0,"turns":9.0},{"damage":24,"enemies":"Book of Stabbing","floor":31,"turns":7},{"damage":0,"enemies":"Automaton","floor":33,"turns":8},{"damage":28,"enemies":"Orb Walker","floor":35,"turns":5},{"damage":11,"enemies":"3 Darklings","floor":36,"turns":4},{"damage":8,"enemies":"Mind Bloom Boss Battle","floor":37,"turns":7},{"damage":48,"enemies":"Spire Growth","floor":38,"turns":5}],"seed_played":"-5253673041997518082","potions_obtained":[{"floor":6.0,"key":"Swift Potion"},{"floor":8.0,"key":"Explosive Potion"},{"floor":13.0,"key":"CultistPotion"},{"floor":20.0,"key":"ColorlessPotion"},{"floor":28.0,"key":"Weak Potion"},{"floor":31,"key":"BlessingOfTheForge"},{"floor":33,"key":"PowerPotion"},{"floor":35,"key":"Fire Potion"}],"is_trial":false,"path_per_floor":["M","$","M","$","?","E","R","E","T","R","M","M","E","M","R","B",null,"M","$","M","M","?","E","R","E","T","R","E","?","M","E","R","B",null,"M","M","?","M"],"character_chosen":"DEFECT","items_purchased":["Cold Snap","Happy Flower"],"campfire_rested":0,"item_purchase_floors":[2,19],"current_hp_per_floor":[64,64,64,64,64,64,64,71,71,71,71,71,71,71,71,71,71,71,71,71,71,71,71,71,71,71,71,71,71,71,47,47,47,65,37,38,42,0,0],"gold":363,"neow_bonus":"THREE_ENEMY_KILL","is_daily":false,"chose_seed":false,"campfire_upgraded":6,"win_rate":0.0,"timestamp":1612068112,"path_taken":["M","$","M","?","?","E","R","E","T","R","M","M","E","M","R","BOSS","M","?","M","M","?","E","R","E","T","R","E","?","M","E","R","BOSS","M","M","?","M"],"items_purchased_type":["Card","Relic"],"build_version":"2020-12-22","purchased_purges":1,"victory":false,"max_hp_per_floor":[71,71,71,71,71,71,71,71,71,71,71,71,71,71,71,71,71,71,71,71,71,71,71,71,71,71,71,71,71,71,71,71,71,71,71,71,71,71,71],"card_choices":[{"not_picked":["Go for the Eyes","Barrage"],"picked":"Coolheaded","floor":1.0},{"not_picked":["Consume","Conserve Battery"],"picked":"Gash","floor":3.0},{"not_picked":["Go for the Eyes","Turbo"],"picked":"Recycle","floor":6.0},{"not_picked":["Turbo","Compile Driver","Fusion"],"picked":"SKIP","floor":8.0},{"not_picked":["Sweeping Beam","Auto Shields"],"picked":"Rainbow","floor":11.0},{"not_picked":["Melter","Fusion"],"picked":"Hologram","floor":12.0},{"not_picked":["Ball Lightning","Sunder","Genetic Algorithm"],"picked":"SKIP","floor":13.0},{"not_picked":["Stack","Steam","Cold Snap"],"picked":"SKIP","floor":14.0},{"not_picked":["Core Surge","Amplify"],"picked":"Echo Form","floor":16.0},{"not_picked":["Undo","Hello World","Streamline"],"picked":"SKIP","floor":18.0},{"not_picked":["Compile Driver","Coolheaded","Skim"],"picked":"SKIP","floor":20.0},{"not_picked":["Stack","Steam"],"picked":"Hologram+1","floor":21.0},{"not_picked":["Heatsinks","Fusion+1"],"picked":"Hologram+1","floor":23.0},{"not_picked":["Stack","Steam"],"picked":"Creative AI","floor":25.0},{"not_picked":["Streamline","Go for the Eyes"],"picked":"Amplify","floor":28.0},{"not_picked":["Leap","Genetic Algorithm+1","Steam"],"picked":"SKIP","floor":30.0},{"not_picked":["Amplify","Creative AI"],"picked":"Blizzard","floor":31},{"not_picked":["Meteor Strike","Seek"],"picked":"Core Surge","floor":33},{"not_picked":["Reinforced Body","Steam","Leap"],"picked":"SKIP","floor":35},{"not_picked":["Self Repair+1","Conserve Battery"],"picked":"Blizzard+1","floor":36}],"player_experience":515445,"relics_obtained":[{"floor":6.0,"key":"Blue Candle"},{"floor":8.0,"key":"Bag of Preparation"},{"floor":13.0,"key":"Meat on the Bone"},{"floor":23.0,"key":"Orichalcum"},{"floor":25.0,"key":"The Courier"},{"floor":26.0,"key":"Bottled Flame"},{"floor":28.0,"key":"InkBottle"},{"floor":31,"key":"Anchor"},{"floor":37,"key":"Ginger"}],"event_choices":[{"damage_healed":0.0,"max_hp_gain":0.0,"max_hp_loss":0.0,"gold_gain":0.0,"event_name":"Match and Keep!","player_choice":"1 cards matched","floor":5.0,"gold_loss":0.0,"damage_taken":0.0,"cards_obtained":["Fission"]},{"damage_healed":0.0,"max_hp_gain":0.0,"max_hp_loss":0.0,"gold_gain":0.0,"event_name":"Ghosts","player_choice":"Ignored","floor":22.0,"gold_loss":0.0,"damage_taken":0.0},{"damage_healed":0.0,"max_hp_gain":0.0,"max_hp_loss":0.0,"gold_gain":0.0,"cards_transformed":["Strike_B","Defend_B"],"event_name":"Drug Dealer","player_choice":"Became Test Subject","floor":29.0,"gold_loss":0.0,"damage_taken":0.0,"cards_obtained":["Steam Power","Buffer"]},{"damage_healed":0,"gold_gain":0,"player_choice":"Fight","damage_taken":0,"max_hp_gain":0,"max_hp_loss":0,"event_name":"MindBloom","floor":37,"gold_loss":0}],"is_beta":false,"boss_relics":[{"not_picked":["Empty Cage","Sozu"],"picked":"Coffee Dripper"},{"not_picked":["Philosopher\u0027s Stone","Runic Dome"],"picked":"Pandora\u0027s Box"}],"items_purged_floors":[19],"is_endless":false,"potions_floor_spawned":[6,8,13,20,28,30,31,33,35],"killed_by":"Spire Growth","ascension_level":20}}