{"host":"r53pw7z744tg3fxg","time":1612116016,"event":{"mods":["AchievementEnabler","BaseMod","Colored Map","Colored Powertips","Highlight Path","Minty Spire (QoL Compilation)","Quick Restart","Transform Curses"],"gold_per_floor":[111,6,56,70,88,88,118,118,141,169,169,188,188,214,214,288,288,302,322,67,92,114,114,134,134,188,200,200],"floor_reached":27,"language":"ENG","playtime":1206,"items_purged":[],"score":475,"play_id":"2bede684-6b93-4459-99aa-775444dd0ade","local_time":"20210131110016","is_ascension_mode":true,"campfire_choices":[{"data":"Eruption","floor":6.0,"key":"SMITH"},{"data":"LikeWater","floor":8.0,"key":"SMITH"},{"floor":13.0,"key":"REST"},{"floor":15.0,"key":"REST"},{"floor":23,"key":"REST"}],"circlet_count":0,"master_deck":["AscendersBane","Strike_P","Strike_P","Strike_P","Strike_P","Defend_P","Defend_P","Defend_P","Defend_P","Eruption+1","Vigilance","BowlingBash","Consecrate","LikeWater+1","DeceiveReality","EmptyBody","Sanctity","FlurryOfBlows","CarveReality","Devotion","CurseOfTheBell","CutThroughFate","Good Instincts","Go for the Eyes","Bandage Up","Caltrops+1"],"relics":["PureWater","Art of War","Vajra","Sundial","Tiny Chest","Calling Bell","CeramicFish","Yang","CloakClasp","PrismaticShard","MawBank"],"acts_visited":["Exordium","TheCity"],"potions_floor_usage":[16,16,19,22],"damage_taken":[{"damage":0.0,"enemies":"Cultist","floor":1.0,"turns":3.0},{"damage":0.0,"enemies":"Small Slimes","floor":4.0,"turns":4.0},{"damage":0.0,"enemies":"Jaw Worm","floor":5.0,"turns":4.0},{"damage":0.0,"enemies":"3 Sentries","floor":7.0,"turns":6.0},{"damage":47.0,"enemies":"Lagavulin","floor":10.0,"turns":6.0},{"damage":0.0,"enemies":"Gremlin Gang","floor":11.0,"turns":1.0},{"damage":0.0,"enemies":"Red Slaver","floor":12.0,"turns":1.0},{"damage":28,"enemies":"Hexaghost","floor":16,"turns":13},{"damage":17,"enemies":"3 Byrds","floor":18,"turns":8},{"damage":7,"enemies":"Spheric Guardian","floor":19,"turns":6},{"damage":15,"enemies":"Shelled Parasite and Fungi","floor":21,"turns":9},{"damage":12,"enemies":"Chosen and Byrds","floor":22,"turns":7},{"damage":5,"enemies":"3 Cultists","floor":24,"turns":4},{"damage":39,"enemies":"Gremlin Leader","floor":27,"turns":7}],"seed_played":"5226833029699207005","potions_obtained":[{"floor":0.0,"key":"Ambrosia"},{"floor":0.0,"key":"Strength Potion"},{"floor":7.0,"key":"Energy Potion"},{"floor":10.0,"key":"EntropicBrew"},{"floor":12.0,"key":"DistilledChaos"},{"floor":16,"key":"Dexterity Potion"},{"floor":18,"key":"SkillPotion"}],"is_trial":false,"path_per_floor":["M","$","?","M","M","R","E","R","T","E","M","M","R","T","R","B",null,"M","M","$","M","M","R","M","?","T","E"],"character_chosen":"WATCHER","items_purchased":["Consecrate","LikeWater","PrismaticShard","Good Instincts"],"campfire_rested":3,"item_purchase_floors":[2,2,20,20],"current_hp_per_floor":[61,61,55,55,55,55,55,55,55,8,8,8,28,28,48,20,56,39,32,32,17,5,25,24,24,24,0,0],"gold":200,"neow_bonus":"THREE_SMALL_POTIONS","is_daily":false,"chose_seed":false,"campfire_upgraded":2,"win_rate":0.0,"timestamp":1612116016,"path_taken":["M","$","?","M","M","R","E","R","T","E","?","M","R","?","R","BOSS","M","M","$","M","M","R","M","?","T","E"],"items_purchased_type":["Card","Card","Relic","Card"],"build_version":"2020-12-22","purchased_purges":0,"victory":false,"max_hp_per_floor":[68,68,68,68,68,68,68,68,68,68,68,68,68,68,68,68,68,68,68,68,68,68,68,68,68,68,68,68],"card_choices":[{"not_picked":["Swivel","SignatureMove"],"picked":"BowlingBash","floor":1.0},{"not_picked":["Crescendo","Consecrate"],"picked":"DeceiveReality","floor":4.0},{"not_picked":["Consecrate","PathToVictory"],"picked":"EmptyBody","floor":5.0},{"not_picked":["Study","Swivel"],"picked":"Sanctity","floor":7.0},{"not_picked":["LikeWater","Consecrate"],"picked":"FlurryOfBlows","floor":10.0},{"not_picked":["Brilliance","EmptyFist"],"picked":"CarveReality","floor":12.0},{"not_picked":["Wish","Scrawl"],"picked":"Devotion","floor":16},{"not_picked":["EmptyBody","Vengeance","Protect"],"picked":"SKIP","floor":18},{"not_picked":["FlurryOfBlows","Crescendo"],"picked":"CutThroughFate","floor":19},{"not_picked":["BowlingBash","Sucker Punch"],"picked":"Go for the Eyes","floor":21},{"not_picked":["Eviscerate","FlurryOfBlows"],"picked":"Bandage Up","floor":22},{"not_picked":["Feed","ClearTheMind"],"picked":"Caltrops+1","floor":24}],"player_experience":1403227,"relics_obtained":[{"floor":7.0,"key":"Art of War"},{"floor":9.0,"key":"Vajra"},{"floor":10.0,"key":"Sundial"},{"floor":14.0,"key":"Tiny Chest"},{"floor":17,"key":"CeramicFish"},{"floor":17,"key":"Yang"},{"floor":17,"key":"CloakClasp"},{"floor":26,"key":"MawBank"}],"event_choices":[{"damage_healed":0.0,"max_hp_gain":0.0,"max_hp_loss":0.0,"gold_gain":50.0,"event_name":"FaceTrader","player_choice":"Touch","floor":3.0,"gold_loss":0.0,"damage_taken":6.0},{"damage_healed":0,"gold_gain":0,"player_choice":"Ignored","damage_taken":0,"max_hp_gain":0,"max_hp_loss":0,"event_name":"Vampires","floor":25,"gold_loss":0}],"is_beta":false,"boss_relics":[{"not_picked":["Astrolabe","Philosopher\u0027s Stone"],"picked":"Calling Bell"}],"items_purged_floors":[],"is_endless":false,"potions_floor_spawned":[1,7,10,12,16,18],"killed_by":"Gremlin Leader","ascension_level":18}}