{"host":"t7mx8yfj1no5p62f","time":1612058374,"event":{"mods":["BaseMod","Colored Map","Colored Powertips","Minty Spire (QoL Compilation)","Relic Stats","StSLib"],"gold_per_floor":[209,229,304,317,334,367,382,382,407,407,6,6,24,53,53,130,130,150,160,110,121,137,137,166,183,183,183,201,235,235,266,266,340,340,355,366,191,210,228,257,257,532,579,595,626,626,626,654,654,654,654,654],"floor_reached":51,"language":"ENG","playtime":2661,"items_purged":["Strike_R","Strike_R"],"score":1793,"play_id":"f70b8312-6739-406d-95e5-c853449854d5","local_time":"20210130205934","is_ascension_mode":true,"campfire_choices":[{"data":"Shockwave","floor":8,"key":"SMITH"},{"data":"Pommel Strike","floor":10,"key":"SMITH"},{"data":"Wild Strike","floor":12,"key":"SMITH"},{"data":"Inflame","floor":15,"key":"SMITH"},{"data":"Limit Break","floor":23,"key":"SMITH"},{"data":"Shrug It Off","floor":27,"key":"SMITH"},{"data":"Feel No Pain","floor":30,"key":"SMITH"},{"data":"True Grit","floor":32,"key":"SMITH"},{"data":"Flame Barrier","floor":41,"key":"SMITH"},{"data":"Feel No Pain","floor":47,"key":"SMITH"},{"floor":49,"key":"RECALL"}],"circlet_count":0,"master_deck":["AscendersBane","Strike_R","Strike_R","Strike_R","Defend_R","Defend_R","Defend_R","Defend_R","Bash","Pommel Strike+1","Wild Strike+1","Shrug It Off+1","Shockwave+1","Ghostly Armor","Cleave","Inflame+1","Limit Break+1","Immolate+1","Pommel Strike+1","Battle Trance","Heavy Blade+1","Feel No Pain+1","True Grit+1","Exhume","Shrug It Off+1","Offering","Flame Barrier+1","Armaments+1","Barricade","Regret","Feel No Pain+1","Second Wind"],"relics":["Burning Blood","InkBottle","Vajra","PreservedInsect","Medical Kit","Boot","Coffee Dripper","MealTicket","Pocketwatch","Incense Burner","Bronze Scales","Velvet Choker","Centennial Puzzle","White Beast Statue","Happy Flower"],"acts_visited":["Exordium","TheCity","TheBeyond"],"potions_floor_usage":[7,28,31,40,48],"damage_taken":[{"damage":3,"enemies":"2 Louse","floor":1,"turns":4},{"damage":0,"enemies":"Small Slimes","floor":2,"turns":4},{"damage":1,"enemies":"Cultist","floor":4,"turns":3},{"damage":10,"enemies":"3 Louse","floor":5,"turns":4},{"damage":19,"enemies":"Gremlin Nob","floor":6,"turns":4},{"damage":3,"enemies":"Lots of Slimes","floor":7,"turns":8},{"damage":0,"enemies":"Large Slime","floor":13,"turns":6},{"damage":0,"enemies":"Lagavulin","floor":14,"turns":4},{"damage":33,"enemies":"The Guardian","floor":16,"turns":12},{"damage":0,"enemies":"Chosen","floor":18,"turns":3},{"damage":19,"enemies":"2 Thieves","floor":19,"turns":4},{"damage":8,"enemies":"Centurion and Healer","floor":21,"turns":5},{"damage":0,"enemies":"3 Cultists","floor":22,"turns":3},{"damage":0,"enemies":"Gremlin Leader","floor":24,"turns":3},{"damage":17,"enemies":"Sentry and Sphere","floor":25,"turns":4},{"damage":0,"enemies":"Cultist and Chosen","floor":28,"turns":3},{"damage":24,"enemies":"Slavers","floor":29,"turns":2},{"damage":14,"enemies":"Gremlin Leader","floor":31,"turns":5},{"damage":18,"enemies":"Champ","floor":33,"turns":12},{"damage":5,"enemies":"Orb Walker","floor":35,"turns":4},{"damage":3,"enemies":"3 Shapes","floor":36,"turns":8},{"damage":6,"enemies":"Writhing Mass","floor":38,"turns":4},{"damage":23,"enemies":"Maw","floor":39,"turns":8},{"damage":18,"enemies":"Nemesis","floor":40,"turns":9},{"damage":22,"enemies":"Sphere and 2 Shapes","floor":44,"turns":11},{"damage":9,"enemies":"Giant Head","floor":45,"turns":10},{"damage":17,"enemies":"Nemesis","floor":48,"turns":5},{"damage":6,"enemies":"Time Eater","floor":50,"turns":18},{"damage":41,"enemies":"Awakened One","floor":51,"turns":5}],"seed_played":"-4480541463583830486","potions_obtained":[{"floor":1,"key":"Fire Potion"},{"floor":5,"key":"Strength Potion"},{"floor":6,"key":"Fire Potion"},{"floor":14,"key":"Explosive Potion"},{"floor":21,"key":"Regen Potion"},{"floor":31,"key":"Energy Potion"},{"floor":33,"key":"LiquidMemories"},{"floor":35,"key":"Regen Potion"},{"floor":48,"key":"FearPotion"}],"is_trial":false,"path_per_floor":["M","M","?","M","M","E","M","R","T","R","$","R","M","E","R","B",null,"M","M","?","M","M","R","E","M","T","R","M","E","R","E","R","B",null,"M","M","$","M","M","E","R","?","T","M","E","?","R","E","R","B","B"],"character_chosen":"IRONCLAD","items_purchased":["PreservedInsect","Medical Kit","Offering"],"campfire_rested":0,"item_purchase_floors":[11,11,37],"current_hp_per_floor":[71,75,64,69,65,52,55,55,55,55,55,55,61,67,67,40,66,72,59,59,57,63,63,69,58,58,58,64,46,46,52,52,40,66,67,70,75,75,58,61,61,61,61,45,42,42,42,31,31,31,0,0],"gold":654,"neow_bonus":"HUNDRED_GOLD","is_daily":false,"chose_seed":false,"campfire_upgraded":10,"win_rate":0.0,"timestamp":1612058374,"path_taken":["M","M","?","M","M","E","M","R","T","R","$","R","M","E","R","BOSS","M","M","?","?","M","R","E","M","T","R","M","E","R","E","R","BOSS","M","M","$","M","M","E","R","?","T","?","E","?","R","E","R","BOSS","BOSS"],"items_purchased_type":["Relic","Relic","Card"],"build_version":"2020-12-22","purchased_purges":2,"victory":false,"max_hp_per_floor":[75,75,75,75,75,75,75,75,75,75,75,75,75,75,75,75,75,75,75,75,75,75,75,75,75,75,75,75,75,75,75,75,75,75,75,75,75,75,75,75,75,75,75,75,75,75,75,75,75,75,75,75],"relic_stats":{"Centennial Puzzle":[15],"Happy Flower":[7],"counters":[29,175],"Bronze Scales":[261],"MealTicket":5,"PreservedInsect":398,"Medical Kit":[21],"Boot":[8],"obtain_stats":[{"Happy Flower":48,"Vajra":9,"Velvet Choker":34,"PreservedInsect":11,"Incense Burner":29,"Medical Kit":11,"Boot":14,"Burning Blood":0,"White Beast Statue":45,"Centennial Puzzle":40,"Bronze Scales":31,"MealTicket":24,"Coffee Dripper":17,"InkBottle":6,"Pocketwatch":26},{"Happy Flower":27,"Vajra":6,"Velvet Choker":19,"PreservedInsect":6,"Incense Burner":17,"Medical Kit":6,"Boot":8,"Burning Blood":0,"White Beast Statue":26,"Centennial Puzzle":24,"Bronze Scales":18,"MealTicket":14,"Coffee Dripper":9,"InkBottle":5,"Pocketwatch":15},{"Happy Flower":152,"Vajra":27,"Velvet Choker":93,"PreservedInsect":27,"Incense Burner":76,"Medical Kit":27,"Boot":37,"Burning Blood":0,"White Beast Statue":147,"Centennial Puzzle":126,"Bronze Scales":81,"MealTicket":67,"Coffee Dripper":49,"InkBottle":19,"Pocketwatch":71}],"Burning Blood":166,"InkBottle":[41],"Pocketwatch":[159]},"card_choices":[{"not_picked":["Searing Blow","Havoc"],"picked":"Pommel Strike","floor":1},{"not_picked":["Evolve","Dropkick"],"picked":"Wild Strike","floor":2},{"not_picked":["Seeing Red","Heavy Blade"],"picked":"Shrug It Off","floor":4},{"not_picked":["Body Slam","Heavy Blade"],"picked":"Shockwave","floor":5},{"not_picked":["Havoc","Whirlwind"],"picked":"Ghostly Armor","floor":6},{"not_picked":["Havoc","Feel No Pain"],"picked":"Cleave","floor":7},{"not_picked":["Rage","Demon Form"],"picked":"Inflame","floor":13},{"not_picked":["Thunderclap","Heavy Blade"],"picked":"Limit Break","floor":14},{"not_picked":["Fiend Fire","Brutality"],"picked":"Immolate","floor":16},{"not_picked":["Headbutt","Heavy Blade"],"picked":"Pommel Strike+1","floor":18},{"not_picked":["Thunderclap+1","Perfected Strike"],"picked":"Battle Trance","floor":19},{"not_picked":["Warcry","Infernal Blade","Havoc"],"picked":"SKIP","floor":21},{"not_picked":["Intimidate","Sentinel","Clash"],"picked":"SKIP","floor":22},{"not_picked":["Pommel Strike","Searing Blow","Sentinel"],"picked":"SKIP","floor":24},{"not_picked":["Pommel Strike+1","Body Slam+1"],"picked":"Heavy Blade+1","floor":25},{"not_picked":["Reaper","Burning Pact"],"picked":"Feel No Pain","floor":28},{"not_picked":["Warcry","Body Slam","Perfected Strike"],"picked":"SKIP","floor":29},{"not_picked":["Clothesline","Hemokinesis"],"picked":"True Grit","floor":31},{"not_picked":["Fiend Fire","Double Tap"],"picked":"Exhume","floor":33},{"not_picked":["True Grit","Perfected Strike"],"picked":"Shrug It Off+1","floor":35},{"not_picked":["Clothesline","Flex+1","Whirlwind"],"picked":"SKIP","floor":36},{"not_picked":["Sword Boomerang","Headbutt"],"picked":"Flame Barrier","floor":38},{"not_picked":["Wild Strike","Iron Wave+1"],"picked":"Armaments+1","floor":39},{"not_picked":["Sword Boomerang","Havoc+1"],"picked":"Barricade","floor":40},{"not_picked":["Shockwave","Twin Strike"],"picked":"Feel No Pain","floor":44},{"not_picked":["Immolate","Sword Boomerang"],"picked":"Second Wind","floor":45},{"not_picked":["Flex","Clash","Armaments"],"picked":"SKIP","floor":48}],"player_experience":1895383,"relics_obtained":[{"floor":6,"key":"InkBottle"},{"floor":9,"key":"Vajra"},{"floor":14,"key":"Boot"},{"floor":24,"key":"MealTicket"},{"floor":26,"key":"Pocketwatch"},{"floor":29,"key":"Incense Burner"},{"floor":31,"key":"Bronze Scales"},{"floor":40,"key":"Centennial Puzzle"},{"floor":45,"key":"White Beast Statue"},{"floor":48,"key":"Happy Flower"}],"event_choices":[{"damage_healed":0,"gold_gain":75,"player_choice":"Gather Gold","damage_taken":11,"max_hp_gain":0,"max_hp_loss":0,"event_name":"World of Goop","floor":3,"gold_loss":0},{"damage_healed":0,"gold_gain":0,"player_choice":"Upgrade","damage_taken":0,"max_hp_gain":0,"max_hp_loss":0,"event_name":"Designer","floor":20,"gold_loss":50,"cards_upgraded":["Immolate"]},{"damage_healed":0,"gold_gain":275,"player_choice":"Desecrate","damage_taken":0,"max_hp_gain":0,"max_hp_loss":0,"event_name":"Golden Shrine","floor":42,"gold_loss":0,"cards_obtained":["Regret"]},{"damage_healed":0,"gold_gain":0,"player_choice":"Ignored","damage_taken":0,"max_hp_gain":0,"max_hp_loss":0,"event_name":"Tomb of Lord Red Mask","floor":46,"gold_loss":0}],"is_beta":false,"boss_relics":[{"not_picked":["Cursed Key","Philosopher\u0027s Stone"],"picked":"Coffee Dripper"},{"not_picked":["Fusion Hammer","SacredBark"],"picked":"Velvet Choker"}],"items_purged_floors":[11,37],"is_endless":false,"potions_floor_spawned":[1,5,6,14,21,22,25,31,33,35,36,39,48],"killed_by":"Awakened One","ascension_level":20}}