{"host":"rzvepkyh9344fbo1","time":1612091881,"event":{"mods":["AchievementEnabler","Act Like it!","BaseMod","Colored Map","Colored Powertips","Curses Come First","Downfall","Hermit","Highlight Path","Minty Spire (QoL Compilation)","Replay The Spire","Shop Mod","StS++","StSLib","The Cursed","The Necromancer"],"gold_per_floor":[0,15,15,465,485,515,587,587,690,120,145,145,45,58,76,173,173,173,187,187,287,305,336,466,466,477,487,94,113,113,113,113,138,150,252,252,252,266,281,281,293,193,193,211,335,382,134,181,81,93,108,8,8,43,38,38,38,38],"floor_reached":59,"language":"ENG","playtime":7196,"items_purged":["Voices","bronze:Strike","Voices","Decay","Pain","Voices","Shame"],"score":1512,"play_id":"ef9c9b66-26af-4214-819a-73a17a49aede","local_time":"20210131221801","is_ascension_mode":false,"campfire_choices":[{"data":"bronze:Goto","floor":1,"key":"SMITH"},{"data":"bronze:Iterate","floor":8,"key":"SMITH"},{"data":"bronze:Mutator","floor":13,"key":"SMITH"},{"data":"bronze:Terminator","floor":18,"key":"SMITH"},{"data":"bronze:Assembly","floor":25,"key":"SMITH"},{"data":"expansioncontent:DashGenerateEvil","floor":30,"key":"SMITH"},{"floor":37,"key":"RECALL"},{"floor":42,"key":"REST"},{"floor":49,"key":"REST"},{"floor":56,"key":"REST"}],"circlet_count":0,"master_deck":["bronze:Strike","bronze:Strike","bronze:Strike","bronze:Strike","bronze:Defend","bronze:Defend","bronze:Defend","bronze:Defend","bronze:Replicate","bronze:Goto+1","bronze:Optimize","bronze:ChildClass","downfall:Icky","downfall:Icky","downfall:Icky","bronze:FollowUp","bronze:Mutator+1","bronze:Iterate+1","bronze:CutThrough","bronze:ItsAFeature","bronze:ChosenStrike","bronze:MaxOutput","bronze:FollowUp","bronze:BronzeOrb","bronze:Terminator+1","bronze:Allocate","bronze:Turbo","bronze:Assembly+1","bronze:Iterate","bronze:Frontload","bronze:Goto","bronze:Separator+1","bronze:DigitalCarnage","bronze:RecursiveStrike+1","Jack Of All Trades","Injury","bronze:FineTuning+1","bronze:HardenedForm","bronze:WildBeam","bronze:BurnOut","expansioncontent:AwakenDeath","TheCursedMod:Dregs","expansioncontent:DashGenerateEvil+1","Doubt","bronze:AlphaBuild","bronze:Frontload+1","bronze:DarkDash+1","TheCursedMod:Dregs","bronze:Terminator+1","bronze:Boost+1","Doubt","expansioncontent:QuickStudy","ReplayTheSpireMod:Faulty Equipment","bronze:Assembly","ReplayTheSpireMod:IOU","Regret","ReplayTheSpireMod:IOU","ReplayTheSpireMod:IOU","ReplayTheSpireMod:Splinters"],"relics":["bronze:BronzeCore","Ring of Fangs","ReplayTheSpireMod:Ring of Collecting","Ring of Misfortune","Shuriken","Smiling Mask","ClockworkSouvenir","MerchantsRug","downfall:HeartBlessingGreen","SlaversCollar","downfall:GremlinSack","Ring of Greed","InkBottle","ReplayTheSpireMod:CursedCoin","Incense Burner","Fusion Hammer","WarpedTongs","downfall:HeartBlessingRed","Ring of Hypnosis","Ring of Fury","Bronze Scales","Bottled Lightning","ReplayTheSpireMod:Ring of Addiction","bronze:SilverBullet","Toy Ornithopter","Potion Belt","downfall:HeartBlessingBlue","bronze:ProtectiveGoggles","Whetstone","ReplayTheSpireMod:TigerMarble"],"acts_visited":["Exordium","TheCity","TheBeyond","TheEnding"],"potions_floor_usage":[6,11,26,35,51,52,52,52,54,57,58,58,58],"damage_taken":[{"damage":0,"enemies":"Small Slimes","floor":2,"turns":4},{"damage":9,"enemies":"Jaw Worm","floor":5,"turns":7},{"damage":27,"enemies":"3 Sentries","floor":6,"turns":11},{"damage":0,"enemies":"downfall:FleeingMerchant","floor":10,"turns":4},{"damage":0,"enemies":"Replay:BlueRogue","floor":11,"turns":4},{"damage":0,"enemies":"2 Louse","floor":14,"turns":2},{"damage":0,"enemies":"Blue Slaver","floor":15,"turns":1},{"damage":7,"enemies":"IC_STATUS_ARCHETYPE","floor":16,"turns":5},{"damage":0,"enemies":"Spheric Guardian","floor":19,"turns":3},{"damage":0,"enemies":"Spheric Guardian","floor":21,"turns":3},{"damage":5,"enemies":"Shell Parasite","floor":22,"turns":2},{"damage":3,"enemies":"Slavers","floor":23,"turns":3},{"damage":0,"enemies":"Snecko","floor":26,"turns":2},{"damage":11,"enemies":"Snake Plant","floor":27,"turns":3},{"damage":0,"enemies":"downfall:FleeingMerchant","floor":28,"turns":4},{"damage":0,"enemies":"3 Cultists","floor":29,"turns":3},{"damage":0,"enemies":"Replay:Snechameleon","floor":33,"turns":2},{"damage":0,"enemies":"Chosen and Byrds","floor":34,"turns":3},{"damage":0,"enemies":"SI_MIRROR_ARCHETYPE","floor":35,"turns":5},{"damage":7,"enemies":"Orb Walker","floor":38,"turns":3},{"damage":6,"enemies":"3 Shapes","floor":39,"turns":4},{"damage":0,"enemies":"Spire Growth","floor":41,"turns":4},{"damage":0,"enemies":"Sphere and 2 Shapes","floor":44,"turns":3},{"damage":0,"enemies":"downfall:FleeingMerchant","floor":45,"turns":1},{"damage":0,"enemies":"Maw","floor":50,"turns":4},{"damage":0,"enemies":"4 Shapes","floor":51,"turns":3},{"damage":108,"enemies":"WA_ARCHETYPE_DIVINITY","floor":52,"turns":5},{"damage":81,"enemies":"downfall:CharBossMerchant","floor":54,"turns":7},{"damage":0,"enemies":"downfall:NeowBoss","floor":57,"turns":11},{"damage":29,"enemies":"downfall:NeowBossFinal","floor":58,"turns":8}],"seed_played":"-4027998526644505845","potions_obtained":[{"floor":5,"key":"Block Potion"},{"floor":6,"key":"hexamod:SoulburnPotion"},{"floor":14,"key":"Explosive Potion"},{"floor":15,"key":"StSpp:ScatteredWeakPotion"},{"floor":19,"key":"Guardian:BlockOnCardUsePotion"},{"floor":22,"key":"Swift Potion"},{"floor":27,"key":"SteroidPotion"},{"floor":35,"key":"sneckomod:MuddlingPotion"},{"floor":48,"key":"PowerPotion"},{"floor":48,"key":"Fruit Juice"},{"floor":48,"key":"Weak Potion"},{"floor":50,"key":"StSpp:ScatteredWeakPotion"}],"is_trial":false,"path_per_floor":["R","M","?","?","M","E","T","R","?","$","E","?","R","M","M","B",null,"R","M","?","?","M","E","T","R","M","M","$","M","R","PTL","PTL","E","M","B",null,"R","M","M","?","M","R","T","M","$","T","$","T","R","M","M","B",null,"E","$","R","B","B",null],"character_chosen":"THE_AUTOMATON","items_purchased":["ClockworkSouvenir","bronze:MaxOutput","bronze:FollowUp","MerchantsRug","Mango","expansioncontent:AwakenDeath","ReplayTheSpireMod:CursedCoin","expansioncontent:DashGenerateEvil","expansioncontent:QuickStudy","Bottled Lightning","Whetstone","ReplayTheSpireMod:TigerMarble","Ancient Potion","hexamod:SoulburnPotion"],"campfire_rested":3,"item_purchase_floors":[10,10,10,10,28,28,28,28,45,47,55,55,55,55],"current_hp_per_floor":[70,70,70,70,61,34,34,34,34,34,34,34,34,34,34,27,70,70,70,70,70,65,62,62,62,62,51,65,65,65,65,65,65,65,65,84,84,77,71,71,71,84,84,84,84,84,84,84,94,94,99,30,99,23,23,52,57,43],"gold":38,"neow_bonus":"ONE_RARE_RELIC","is_daily":false,"chose_seed":false,"campfire_upgraded":6,"win_rate":0.0,"timestamp":1612091881,"path_taken":["R","M","?","?","M","E","T","R","?","$","E","?","R","?","M","BOSS","R","M","?","?","M","E","T","R","M","M","$","M","R","PTL","PTL","E","M","BOSS","R","M","M","?","?","R","T","M","?","?","$","?","R","M","M","BOSS","E","$","R","BOSS","BOSS"],"items_purchased_type":["Relic","Card","Card","Relic","Relic","Card","Relic","Card","Card","Relic","Relic","Relic","Potion","Potion"],"build_version":"2020-12-22","purchased_purges":7,"victory":true,"max_hp_per_floor":[70,70,70,70,70,70,70,70,70,70,70,70,70,70,70,70,70,70,70,70,70,70,70,70,70,70,70,84,84,84,84,84,84,84,84,84,84,84,84,84,84,84,84,84,84,84,84,84,94,94,99,99,99,99,99,99,99,99],"card_choices":[{"not_picked":["bronze:Separator","bronze:ChosenStrike"],"picked":"bronze:Optimize","floor":2},{"not_picked":["bronze:Constructor","bronze:Overload"],"picked":"bronze:ChildClass","floor":2},{"not_picked":["bronze:WildBeam","bronze:Shield"],"picked":"bronze:FollowUp","floor":5},{"not_picked":["bronze:BugBarrage","bronze:Branch"],"picked":"bronze:Mutator","floor":5},{"not_picked":["bronze:DelayedSlice","bronze:Mutator"],"picked":"bronze:Iterate","floor":6},{"not_picked":["bronze:WildBeam","bronze:Invalidate"],"picked":"bronze:CutThrough","floor":9},{"not_picked":["bronze:Frontload","bronze:Terminator"],"picked":"bronze:ItsAFeature","floor":9},{"not_picked":["bronze:ClassDefault","bronze:DelayedSlice"],"picked":"bronze:ChosenStrike","floor":10},{"not_picked":["bronze:Branch","bronze:Overload"],"picked":"bronze:BronzeOrb","floor":11},{"not_picked":["bronze:BitShift","bronze:Overheat"],"picked":"bronze:Terminator","floor":14},{"not_picked":["bronze:CutThrough","bronze:Fortify","bronze:Overheat"],"picked":"SKIP","floor":14},{"not_picked":["bronze:BuggyMess","bronze:SpaghettiCode"],"picked":"bronze:Allocate","floor":15},{"not_picked":["bronze:BugBarrage","bronze:BitShift"],"picked":"bronze:Turbo","floor":15},{"not_picked":["bronze:Virus","bronze:FindAndReplace"],"picked":"bronze:Assembly","floor":16},{"not_picked":["bronze:Deprecate","bronze:Overheat"],"picked":"bronze:Iterate","floor":19},{"not_picked":["bronze:Constructor","bronze:BugBarrage","bronze:BitShift"],"picked":"SKIP","floor":19},{"not_picked":["bronze:Frontload+1","bronze:Turbo"],"picked":"bronze:FineTuning+1","floor":21},{"not_picked":["bronze:Iterate+1","bronze:NullPointer"],"picked":"bronze:HardenedForm","floor":22},{"not_picked":["bronze:Shield","bronze:DelayedGuard","bronze:Repair"],"picked":"SKIP","floor":22},{"not_picked":["bronze:Turbo+1","bronze:ForceShield"],"picked":"bronze:WildBeam","floor":23},{"not_picked":["bronze:ChildClass+1","bronze:Branch","bronze:DigitalCarnage+1"],"picked":"SKIP","floor":26},{"not_picked":["bronze:CutThrough+1","bronze:Invalidate","bronze:Repair"],"picked":"SKIP","floor":26},{"not_picked":["bronze:Turbo","bronze:Iterate"],"picked":"bronze:BurnOut","floor":27},{"not_picked":["bronze:DelayedGuard","bronze:Invalidate","bronze:Turbo+1"],"picked":"SKIP","floor":27},{"not_picked":["bronze:DelayedGuard","bronze:Constructor+1","bronze:Frontload"],"picked":"SKIP","floor":28},{"not_picked":["bronze:NullPointer","bronze:Fortify","bronze:ClassDefault"],"picked":"SKIP","floor":29},{"not_picked":["bronze:Repair+1","bronze:WildBeam+1","bronze:NullPointer"],"picked":"SKIP","floor":29},{"not_picked":["bronze:WildBeam","bronze:CloningBeam+1","bronze:NullPointer"],"picked":"SKIP","floor":33},{"not_picked":["bronze:Iterate","bronze:Overheat","bronze:BuggyMess"],"picked":"SKIP","floor":34},{"not_picked":["bronze:BitShift","bronze:Separator","bronze:Frontload+1"],"picked":"SKIP","floor":34},{"not_picked":["bronze:Virus","bronze:SpaghettiCode"],"picked":"bronze:AlphaBuild","floor":35},{"not_picked":["bronze:DelayedSlice","bronze:DelayedGuard"],"picked":"bronze:Frontload+1","floor":38},{"not_picked":["bronze:Branch","bronze:WhirlingStrike","bronze:Philosophize"],"picked":"SKIP","floor":38},{"not_picked":["bronze:CutThrough+1","bronze:Iterate"],"picked":"bronze:DarkDash+1","floor":39},{"not_picked":["bronze:FineTuning","bronze:Iterate+1","bronze:Virus"],"picked":"SKIP","floor":39},{"not_picked":["bronze:Optimize+1","bronze:Shield+1"],"picked":"bronze:Terminator+1","floor":41},{"not_picked":["bronze:Frontload+1","bronze:Invalidate","bronze:BugBarrage+1"],"picked":"SKIP","floor":41},{"not_picked":["bronze:NullPointer","bronze:ChildClass+1"],"picked":"bronze:Boost+1","floor":44},{"not_picked":["bronze:ClassDefault","bronze:Repair","bronze:DelayedSlice+1"],"picked":"SKIP","floor":44},{"not_picked":["bronze:BronzeArmor+1","bronze:WhirlingStrike+1","bronze:ItsAFeature+1"],"picked":"SKIP","floor":45},{"not_picked":["bronze:Turbo","bronze:DigitalCarnage+1","bronze:CutThrough"],"picked":"SKIP","floor":50},{"not_picked":["bronze:Repulsor","bronze:Philosophize+1","bronze:Invalidate"],"picked":"SKIP","floor":50},{"not_picked":["bronze:Optimize","bronze:BronzeArmor+1","bronze:BuggyMess+1"],"picked":"SKIP","floor":51},{"not_picked":["bronze:DelayedGuard","bronze:DelayedSlice+1","bronze:Safeguard"],"picked":"SKIP","floor":51},{"not_picked":["bronze:Boost+1","bronze:DarkDash"],"picked":"bronze:Assembly","floor":54}],"player_experience":257462,"relics_obtained":[{"floor":3,"key":"Ring of Fangs"},{"floor":3,"key":"ReplayTheSpireMod:Ring of Collecting"},{"floor":6,"key":"Art of War"},{"floor":7,"key":"Ring of Misfortune"},{"floor":7,"key":"Shuriken"},{"floor":9,"key":"Smiling Mask"},{"floor":11,"key":"Pocketwatch"},{"floor":21,"key":"downfall:GremlinSack"},{"floor":23,"key":"PreservedInsect"},{"floor":24,"key":"Ring of Greed"},{"floor":24,"key":"InkBottle"},{"floor":24,"key":"Tiny Chest"},{"floor":24,"key":"Replay:Wax Seal"},{"floor":33,"key":"Incense Burner"},{"floor":43,"key":"Ring of Hypnosis"},{"floor":46,"key":"Ring of Fury"},{"floor":46,"key":"Bronze Scales"},{"floor":48,"key":"ReplayTheSpireMod:Ring of Addiction"},{"floor":48,"key":"bronze:SilverBullet"},{"floor":48,"key":"Toy Ornithopter"},{"floor":48,"key":"Potion Belt"},{"floor":54,"key":"bronze:ProtectiveGoggles"}],"event_choices":[{"cards_removed":["ReplayTheSpireMod:Splinters"],"damage_healed":0,"gold_gain":0,"player_choice":"Card Removal","damage_taken":0,"max_hp_gain":0,"max_hp_loss":0,"event_name":"The Cleric","floor":12,"gold_loss":0},{"damage_healed":0,"gold_gain":0,"player_choice":"Read","damage_taken":0,"max_hp_gain":0,"max_hp_loss":0,"event_name":"The Library","floor":20,"gold_loss":0,"cards_obtained":["bronze:Frontload"]}],"is_beta":false,"boss_relics":[{"not_picked":["Honey Jar","SacredBark"],"picked":"SlaversCollar"},{"not_picked":["Painkiller Herb","StSpp:FireArrow"],"picked":"Fusion Hammer"}],"items_purged_floors":[10,10,10,28,45,47,55],"is_endless":false,"potions_floor_spawned":[5,6,14,15,19,22,27,33,35,39,50],"ascension_level":0}}