{"host":"kj566mc1j9861y4f","time":1612135520,"event":{"mods":["AchievementEnabler","Act Like it!","BaseMod","Better Altar","Better Note","Better Vampires","BetterRewards","Colored Powertips","Downfall","Hermit","Infinite Spire","Lobotomy","Luminous","Minty Spire (QoL Compilation)","Relic Stats","Replay The Spire","Shade Mod","Shop Mod","Spicy Shops","StSLib","The Blue Laboratory","Uncapped"],"gold_per_floor":[114,114,114,130,145,177,177,203,203,203,203],"floor_reached":10,"language":"ENG","playtime":468,"items_purged":[],"score":95,"play_id":"8a66d627-12ac-4ea3-8925-63f40d5024cd","local_time":"20210131172520","is_ascension_mode":true,"campfire_choices":[{"floor":7,"key":"REST"}],"circlet_count":0,"master_deck":["Strike_G","Strike_G","Strike_G","Strike_G","Strike_G","Defend_G","Defend_G","Defend_G","Defend_G","Defend_G","Survivor","Neutralize","Bloodbath","Flying Knee+1","MHz","Endless Agony","Scorched","Dagger Spray","CrumblingArmor","Infinite Blades","OSAHOGD","Setup"],"relics":["Ring of the Snake","CogitoBucket","Replay:Accelerometer","Replay:Ringing Soul","PreservedInsect","Bottled Tornado"],"acts_visited":["Exordium"],"potions_floor_usage":[6],"damage_taken":[{"damage":6,"enemies":"Jaw Worm","floor":1,"turns":5},{"damage":9,"enemies":"Small Slimes","floor":4,"turns":3},{"damage":0,"enemies":"2 Louse","floor":5,"turns":2},{"damage":51,"enemies":"Replay:BlueRogue","floor":6,"turns":8},{"damage":21,"enemies":"3 Sentries","floor":8,"turns":6},{"damage":15,"enemies":"Gremlin Nob","floor":10,"turns":2}],"seed_played":"1449272978624182075","potions_obtained":[{"floor":1,"key":"BlessingOfTheForge"},{"floor":8,"key":"blueLaboratory:Moonshine"}],"is_trial":false,"path_per_floor":["M","?","?","M","M","E","R","E","T","E"],"character_chosen":"THE_SILENT","items_purchased":[],"campfire_rested":1,"item_purchase_floors":[],"current_hp_per_floor":[64,57,57,49,49,4,25,9,9,0,0],"gold":203,"neow_bonus":"","is_daily":false,"chose_seed":false,"campfire_upgraded":0,"win_rate":0.0,"timestamp":1612135520,"path_taken":["M","?","?","M","M","E","R","E","T","E"],"items_purchased_type":[],"build_version":"2020-12-22","purchased_purges":0,"victory":false,"max_hp_per_floor":[70,70,70,70,70,73,73,76,76,76,76],"relic_stats":{"counters":[6,26],"PreservedInsect":21,"obtain_stats":[{"Replay:Accelerometer":2,"Replay:Ringing Soul":6,"CogitoBucket":0,"PreservedInsect":8,"Bottled Tornado":9,"Ring of the Snake":0},{"Replay:Accelerometer":1,"Replay:Ringing Soul":4,"CogitoBucket":0,"PreservedInsect":5,"Bottled Tornado":5,"Ring of the Snake":0},{"Replay:Accelerometer":5,"Replay:Ringing Soul":18,"CogitoBucket":0,"PreservedInsect":24,"Bottled Tornado":24,"Ring of the Snake":0}],"Ring of the Snake":[12]},"card_choices":[{"not_picked":["BeautyBeast","HeroicMonk"],"picked":"Bloodbath","floor":1},{"not_picked":["Toxin Wave","Acrobatics"],"picked":"Flying Knee","floor":1},{"not_picked":["Porccubus","Funeral"],"picked":"MHz","floor":4},{"not_picked":["Calculated Gamble","Bane"],"picked":"Endless Agony","floor":4},{"not_picked":["CrumblingArmor","Rudolta"],"picked":"Scorched","floor":5},{"not_picked":["Flechettes","Poisoned Stab"],"picked":"Dagger Spray","floor":5},{"not_picked":["MeatLantern","VoidDream"],"picked":"CrumblingArmor","floor":6},{"not_picked":["Flying Knee","Bane"],"picked":"Infinite Blades","floor":6},{"not_picked":["CherryBlossoms","UniverseFragment"],"picked":"OSAHOGD","floor":8},{"not_picked":["Draining Mist","Prepared"],"picked":"Setup","floor":8}],"player_experience":178764,"relics_obtained":[{"floor":6,"key":"Replay:Ringing Soul"},{"floor":8,"key":"PreservedInsect"},{"floor":9,"key":"Bottled Tornado"}],"event_choices":[{"damage_healed":0,"gold_gain":0,"player_choice":"Success","damage_taken":7,"relics_obtained":["Replay:Accelerometer"],"max_hp_gain":0,"max_hp_loss":0,"event_name":"Scrap Ooze","floor":2,"gold_loss":0},{"damage_healed":0,"gold_gain":0,"player_choice":"Grow","damage_taken":0,"max_hp_gain":0,"max_hp_loss":0,"event_name":"Living Wall","floor":3,"gold_loss":0,"cards_upgraded":["Flying Knee"]}],"is_beta":false,"boss_relics":[],"items_purged_floors":[],"is_endless":false,"potions_floor_spawned":[1,8],"killed_by":"Gremlin Nob","ascension_level":5}}