{"host":"gltm229u6j2oow3a","time":1612078088,"event":{"mods":["BaseMod","Colored Powertips","Minty Spire (QoL Compilation)","[IsaacMod]ÒÔÈö¼âËþ"],"gold_per_floor":[118,137,137,62,62,62,97,110,110,285,328,24,37,37,37,162,162,186,202,202,218,375,409,409,18,318,233,267,267,309,336,336,469,469,491,563,648,648,682,682,722,747,747,774,817,775,805,852,852,868,868,895,922,955,997,1031,1075,1075,1075,674,683,722,769,769,769,769,769,769,25,78,78,78],"floor_reached":56,"language":"ZHS","playtime":4289,"items_purged":["Strike_R","Doubt","Shame","Parasite"],"score":2601,"play_id":"17f78a0f-25a3-41ec-80c3-303cf2b54a7b","local_time":"20210131152808","is_ascension_mode":true,"campfire_choices":[{"data":"DoctorFetus","floor":6.0,"key":"SMITH"},{"data":"Flex","floor":15.0,"key":"SMITH"},{"data":"Apotheosis","floor":29.0,"key":"SMITH"},{"data":"Shockwave","floor":32.0,"key":"SMITH"},{"floor":40.0,"key":"REST"},{"data":"Exhume","floor":49,"key":"SMITH"},{"floor":44,"key":"RECALL"},{"data":"Offering","floor":49,"key":"SMITH"},{"data":"Feel No Pain","floor":53,"key":"SMITH"}],"circlet_count":0,"master_deck":["Bash","Headbutt","Flex+1","Whirlwind","Heavy Blade","Cleave","Corruption","Flex","Exhume+1","Metallicize","Impervious","Reckless Charge","Shockwave+1","Flex","Hemokinesis","Shrug It Off+1","Disarm+1","Apotheosis+1","Warcry","Disarm+1","Havoc+1","Berserk","Seeing Red+1","Pommel Strike+1","Inflame+1","Double Tap+1","Sword Boomerang+1","Hemokinesis+1","Shrug It Off+1","Iron Wave+1","Bloodletting","Warcry","Exhume","Seeing Red","Sentinel+1","True Grit","Havoc+1","Rage+1","Feel No Pain+1","Feel No Pain+1","Offering+1","Feel No Pain+1","Exhume+1","Sever Soul","Feel No Pain","Disarm","Infernal Blade","Dual Wield"],"relics":["Burning Blood","HushsDoor","NeowsBlessing","Golden Idol","Mango","GuppysPaw","GnawedLeaf","Meat on the Bone","Bag of Marbles","Pandora\u0027s Box","Lee\u0027s Waffle","BloodBag","Nunchaku","Chaos","Old Coin","CeramicFish","WristBlade","Charon\u0027s Ashes","UnicornStump","Astrolabe","Centennial Puzzle","Red Skull","Black Blood","Tingsha","ChampionBelt","Busted Crown","Dream Catcher","DoctorsRemote","Unceasing Top","BelialBook"],"acts_visited":["Exordium","TheCity","TheBeyond","TheEnding"],"potions_floor_usage":[56,56],"damage_taken":[{"damage":0.0,"enemies":"Cultist","floor":1.0,"turns":1.0},{"damage":0.0,"enemies":"Small Slimes","floor":2.0,"turns":1.0},{"damage":0.0,"enemies":"Gremlin Nob","floor":7.0,"turns":1.0},{"damage":7.0,"enemies":"2 Louse","floor":8.0,"turns":3.0},{"damage":35.0,"enemies":"3 Sentries","floor":11.0,"turns":5.0},{"damage":18.0,"enemies":"Looter","floor":13.0,"turns":3.0},{"damage":15.0,"enemies":"Slime Boss","floor":16.0,"turns":6.0},{"damage":22.0,"enemies":"3 Byrds","floor":18.0,"turns":5.0},{"damage":25.0,"enemies":"2 Thieves","floor":19.0,"turns":3.0},{"damage":23.0,"enemies":"Cultist and Chosen","floor":21.0,"turns":6.0},{"damage":46.0,"enemies":"Gremlin Leader","floor":23.0,"turns":7.0},{"damage":41.0,"enemies":"Chosen and Byrds","floor":28.0,"turns":5.0},{"damage":0.0,"enemies":"Slavers","floor":30.0,"turns":1.0},{"damage":31.0,"enemies":"Centurion and Healer","floor":31.0,"turns":5.0},{"damage":27.0,"enemies":"Automaton","floor":33.0,"turns":9.0},{"damage":31.0,"enemies":"Orb Walker","floor":35.0,"turns":3.0},{"damage":0.0,"enemies":"Hiden Room Battle","floor":36.0,"turns":2.0},{"damage":26.0,"enemies":"2 Orb Walkers","floor":37.0,"turns":5.0},{"damage":49.0,"enemies":"3 Shapes","floor":39.0,"turns":5.0},{"damage":65,"enemies":"Reptomancer","floor":41,"turns":8},{"damage":0,"enemies":"3 Darklings","floor":42,"turns":4},{"damage":11,"enemies":"Writhing Mass","floor":44,"turns":3},{"damage":7,"enemies":"Nemesis","floor":45,"turns":5},{"damage":23,"enemies":"Spire Growth","floor":47,"turns":3},{"damage":22,"enemies":"Giant Head","floor":48,"turns":5},{"damage":30,"enemies":"3 Darklings","floor":35,"turns":3},{"damage":11,"enemies":"Orb Walker","floor":37,"turns":3},{"damage":0,"enemies":"3 Darklings","floor":38,"turns":2},{"damage":16,"enemies":"Transient","floor":39,"turns":5},{"damage":8,"enemies":"Giant Head","floor":40,"turns":7},{"damage":31,"enemies":"Writhing Mass","floor":41,"turns":9},{"damage":32,"enemies":"Nemesis","floor":42,"turns":5},{"damage":14,"enemies":"Reptomancer","floor":47,"turns":3},{"damage":33,"enemies":"Giant Head","floor":48,"turns":6},{"damage":64,"enemies":"Donu and Deca","floor":50,"turns":9},{"damage":46,"enemies":"Awakened One","floor":51,"turns":12},{"damage":26,"enemies":"Shield and Spear","floor":55,"turns":5},{"damage":91,"enemies":"Delirium","floor":56,"turns":14}],"seed_played":"3111738881966117404","potions_obtained":[{"floor":1.0,"key":"Block Potion"},{"floor":7.0,"key":"GamblersBrew"},{"floor":19.0,"key":"BlessingOfTheForge"},{"floor":31.0,"key":"Fire Potion"},{"floor":33.0,"key":"Explosive Potion"},{"floor":39.0,"key":"DuplicationPotion"},{"floor":44,"key":"BlessingOfTheForge"},{"floor":47,"key":"Energy Potion"},{"floor":35,"key":"DuplicationPotion"},{"floor":37,"key":"Explosive Potion"}],"is_trial":false,"path_per_floor":["M","M","?","$","?","R","E","M","T","?","E","$","M","?","R","B",null,"M","M","?","M","$","E","?","$","T","?","M","R","E","M","R","B",null,"M","?","?","$","M","R","E","M","T","M","E","$","M","E","R","M","?","M","M","M","E","M","E","T","R","$","?","E","M","R","B","B",null,"R","$","E","B"],"character_chosen":"IRONCLAD","items_purchased":["Meat on the Bone","Lee\u0027s Waffle","Apotheosis","Chaos","Warcry","Warcry","Offering","Feel No Pain","Unceasing Top","BelialBook","Feel No Pain","Disarm","Infernal Blade","BloodPotion"],"campfire_rested":1,"item_purchase_floors":[12,22,25,25,25,46,45,45,54,54,54,54,54,54],"current_hp_per_floor":[80,80,60,60,60,60,80,79,79,79,50,45,45,45,45,48,94,78,59,59,54,92,64,64,64,64,64,41,41,59,46,46,37,108,83,74,66,66,35,67,20,38,38,45,56,56,63,71,108,96,81,88,106,108,108,95,81,81,81,81,81,85,82,82,48,32,80,80,80,72,0,0],"gold":78,"neow_bonus":"THREE_ENEMY_KILL","is_daily":false,"chose_seed":false,"campfire_upgraded":7,"win_rate":0.0,"timestamp":1612078088,"path_taken":["M","?","?","$","?","R","E","M","T","?","E","?","?","?","R","BOSS","M","M","?","M","$","E","?","$","T","?","M","R","E","M","R","BOSS","M","?","?","$","M","R","E","M","T","M","E","$","M","E","R","M","?","?","M","M","E","M","E","T","R","$","?","E","M","R","BOSS","BOSS","R","$","E","BOSS"],"items_purchased_type":["Relic","Relic","Card","Card","Card","Card","Card","Card","Relic","Relic","Card","Card","Card","Potion"],"build_version":"2020-12-22","purchased_purges":4,"victory":false,"max_hp_per_floor":[80,80,80,80,80,80,94,94,94,94,94,94,94,94,94,94,94,94,94,94,94,108,108,108,108,108,108,108,108,108,108,108,108,108,108,108,108,108,108,108,108,108,108,108,108,108,108,108,108,108,108,108,108,108,108,108,108,108,108,105,105,105,105,105,105,96,96,96,96,96,81,81],"card_choices":[{"not_picked":[],"picked":"DoctorFetus","floor":0.0},{"not_picked":["Clothesline","Battle Trance"],"picked":"Headbutt","floor":1.0},{"not_picked":["Armaments","Headbutt"],"picked":"Flex","floor":2.0},{"not_picked":["Offering","Shrug It Off"],"picked":"Flex","floor":7.0},{"not_picked":["Wild Strike","Carnage"],"picked":"Whirlwind","floor":8.0},{"not_picked":["Havoc","Perfected Strike"],"picked":"Heavy Blade","floor":11.0},{"not_picked":["Shrug It Off","Sever Soul"],"picked":"Cleave","floor":13.0},{"not_picked":["Juggernaut","Bludgeon"],"picked":"Corruption","floor":16.0},{"not_picked":["Rupture","Clothesline","Perfected Strike"],"picked":"SKIP","floor":18.0},{"not_picked":["Infernal Blade","Headbutt"],"picked":"Flex","floor":19.0},{"not_picked":["Cleave","Brutality"],"picked":"Shrug It Off+1","floor":21.0},{"not_picked":["Dual Wield","Rampage"],"picked":"Disarm+1","floor":23.0},{"not_picked":["Clothesline","Cleave"],"picked":"Pommel Strike","floor":28.0},{"not_picked":["Anger","Flex"],"picked":"Disarm+1","floor":30.0},{"not_picked":["Warcry","Pommel Strike"],"picked":"Havoc+1","floor":31.0},{"not_picked":["Barricade","Immolate"],"picked":"Berserk","floor":33.0},{"not_picked":["Infernal Blade+1","Perfected Strike+1"],"picked":"Seeing Red+1","floor":35.0},{"not_picked":["Headbutt+1","Perfected Strike"],"picked":"Pommel Strike+1","floor":36.0},{"not_picked":["Searing Blow+1","Combust"],"picked":"Hemokinesis+1","floor":39.0},{"not_picked":["Wild Strike+1","Carnage+1"],"picked":"Shrug It Off+1","floor":41},{"not_picked":["Havoc","Thunderclap+1"],"picked":"Iron Wave+1","floor":42},{"not_picked":["Shockwave","Clash+1"],"picked":"Bloodletting","floor":44},{"not_picked":["Cleave+1","Headbutt+1","Searing Blow"],"picked":"SKIP","floor":45},{"not_picked":["Thunderclap","Ghostly Armor+1"],"picked":"Exhume","floor":47},{"not_picked":["Hemokinesis+1","Sword Boomerang"],"picked":"Seeing Red","floor":48},{"not_picked":["Perfected Strike","Clash","Armaments"],"picked":"SKIP","floor":35},{"not_picked":["True Grit","Disarm+1"],"picked":"Sentinel+1","floor":37},{"not_picked":["Evolve","Clash+1"],"picked":"True Grit","floor":38},{"not_picked":["Wild Strike","Clothesline"],"picked":"Havoc+1","floor":39},{"not_picked":["Clash","Pommel Strike+1"],"picked":"Rage+1","floor":40},{"not_picked":["Perfected Strike+1","Seeing Red+1"],"picked":"Feel No Pain+1","floor":41},{"not_picked":["Thunderclap","True Grit"],"picked":"Feel No Pain+1","floor":42},{"not_picked":["Pommel Strike"],"picked":"SKIP","floor":47},{"not_picked":[],"picked":"Sever Soul","floor":48},{"not_picked":[],"picked":"Dual Wield","floor":55}],"player_experience":107247,"relics_obtained":[{"floor":7.0,"key":"Mango"},{"floor":9.0,"key":"GuppysPaw"},{"floor":11.0,"key":"GnawedLeaf"},{"floor":23.0,"key":"Nunchaku"},{"floor":26.0,"key":"Old Coin"},{"floor":30.0,"key":"WristBlade"},{"floor":36.0,"key":"ForgetMeNow"},{"floor":36.0,"key":"UnicornStump"},{"floor":37.0,"key":"Astrolabe"},{"floor":41,"key":"Centennial Puzzle"},{"floor":43,"key":"Red Skull"},{"floor":45,"key":"Black Blood"},{"floor":48,"key":"Tingsha"},{"floor":40,"key":"ChampionBelt"},{"floor":42,"key":"Busted Crown"},{"floor":47,"key":"Dream Catcher"},{"floor":48,"key":"DoctorsRemote"}],"event_choices":[{"damage_healed":0.0,"max_hp_gain":0.0,"max_hp_loss":0.0,"gold_gain":0.0,"event_name":"Golden Idol","player_choice":"Take Damage","floor":3.0,"gold_loss":0.0,"damage_taken":20.0,"relics_obtained":["Golden Idol"]},{"damage_healed":0.0,"max_hp_gain":0.0,"max_hp_loss":0.0,"gold_gain":0.0,"cards_transformed":["Strike_R"],"event_name":"Living Wall","player_choice":"Change","floor":5.0,"gold_loss":0.0,"damage_taken":0.0,"cards_obtained":["Disarm"]},{"damage_healed":0.0,"max_hp_gain":0.0,"max_hp_loss":0.0,"gold_gain":175.0,"event_name":"Liars Game","player_choice":"AGREE","floor":10.0,"gold_loss":0.0,"damage_taken":0.0,"cards_obtained":["Doubt"]},{"damage_healed":0.0,"max_hp_gain":0.0,"max_hp_loss":0.0,"gold_gain":0.0,"event_name":"Big Fish","player_choice":"Box","floor":14.0,"gold_loss":0.0,"damage_taken":0.0,"relics_obtained":["Bag of Marbles"],"cards_obtained":["Regret"]},{"damage_healed":0.0,"max_hp_gain":0.0,"max_hp_loss":0.0,"gold_gain":0.0,"cards_transformed":["Regret","Carnage"],"event_name":"Drug Dealer","player_choice":"Became Test Subject","floor":20.0,"gold_loss":0.0,"damage_taken":0.0,"cards_obtained":["Shame","Hemokinesis"]},{"cards_removed":["DoctorFetus"],"damage_healed":0.0,"max_hp_gain":0.0,"max_hp_loss":0.0,"gold_gain":0.0,"event_name":"Back to Basics","player_choice":"Elegance","floor":24.0,"gold_loss":0.0,"damage_taken":0.0},{"damage_healed":0.0,"max_hp_gain":0.0,"max_hp_loss":0.0,"gold_gain":0.0,"event_name":"Addict","player_choice":"Obtained Relic","floor":27.0,"gold_loss":85.0,"damage_taken":0.0,"relics_obtained":["CeramicFish"]},{"damage_healed":0.0,"max_hp_gain":0.0,"max_hp_loss":0.0,"gold_gain":0.0,"event_name":"HidenRoomEvent","player_choice":"Fight","floor":36.0,"gold_loss":0.0,"damage_taken":0.0},{"damage_healed":0.0,"max_hp_gain":0.0,"max_hp_loss":0.0,"gold_gain":0.0,"event_name":"Mysterious Sphere","player_choice":"Fight","floor":37.0,"gold_loss":0.0,"damage_taken":0.0},{"damage_healed":0,"gold_gain":0,"player_choice":"Copied","damage_taken":0,"max_hp_gain":0,"max_hp_loss":0,"event_name":"Duplicator","floor":46,"gold_loss":0,"cards_obtained":["Exhume"]}],"is_beta":false,"boss_relics":[{"not_picked":["SlaversCollar","SacredBark"],"picked":"Pandora\u0027s Box"},{"not_picked":[]},{"not_picked":["TheAbacus","SteamSale"],"picked":"Charon\u0027s Ashes"},{"not_picked":[]}],"items_purged_floors":[4,12,22,45],"is_endless":false,"potions_floor_spawned":[1,7,19,31,33,35,39,44,47,35,37,47,48],"killed_by":"Delirium","ascension_level":20}}