{"host":"8is2j71l4wmybkoi","time":1612094302,"event":{"mods":["AchievementEnabler","BaseMod","Colored Map","Minty Spire (QoL Compilation)","Rare Cards Sparkle","StSLib","SuperFastMode"],"gold_per_floor":[117,128,128,139,150,150,225,240,265,281,333,358,358,358,358,429,429,440,450,469,484,484,484,3,3,3,29,39,54,54,0,0,71,71,90,90,138,138,0,25,25,36,59,59,59,59,20,20,20,20,20,20,20,52,52],"floor_reached":56,"language":"KOR","playtime":5930,"items_purged":["Strike_G"],"score":1838,"play_id":"1c4ace87-4665-4fcf-bbfa-5ac851f9c980","local_time":"20210131205822","is_ascension_mode":true,"campfire_choices":[{"data":"Doppelganger","floor":6.0,"key":"SMITH"},{"floor":13.0,"key":"REST"},{"floor":15.0,"key":"REST"},{"data":"Catalyst","floor":23.0,"key":"SMITH"},{"data":"Noxious Fumes","floor":25.0,"key":"SMITH"},{"floor":32.0,"key":"REST"},{"floor":41,"key":"REST"},{"floor":44,"key":"REST"},{"floor":46,"key":"RECALL"},{"data":"Wraith Form v2","floor":49,"key":"SMITH"},{"data":"Footwork","floor":52,"key":"SMITH"}],"circlet_count":0,"master_deck":["AscendersBane","Strike_G","Strike_G","Strike_G","Strike_G","Defend_G","Defend_G","Defend_G","Defend_G","Survivor","Neutralize","Doppelganger+1","Backstab","Deadly Poison","Deadly Poison","Tools of the Trade","Noxious Fumes+1","Adrenaline","Crippling Poison","Catalyst+1","Prepared+1","Eviscerate+1","Die Die Die+1","Deadly Poison+1","Poisoned Stab+1","Wraith Form v2+1","Blind","Dark Shackles","Footwork+1","Acrobatics"],"relics":["Ring of the Snake","Omamori","Lantern","Orichalcum","Anchor","Calling Bell","Centennial Puzzle","Molten Egg 2","Girya","White Beast Statue","TheAbacus","Dream Catcher","Paper Crane","Busted Crown","Torii","Red Mask","The Courier","Juzu Bracelet","Akabeko"],"acts_visited":["Exordium","TheCity","TheBeyond","TheEnding"],"potions_floor_usage":[40,47,50,54,55],"damage_taken":[{"damage":3.0,"enemies":"Jaw Worm","floor":1.0,"turns":6.0},{"damage":9.0,"enemies":"Cultist","floor":2.0,"turns":6.0},{"damage":1.0,"enemies":"Small Slimes","floor":4.0,"turns":4.0},{"damage":1.0,"enemies":"Exordium Wildlife","floor":5.0,"turns":3.0},{"damage":5.0,"enemies":"2 Fungi Beasts","floor":8.0,"turns":3.0},{"damage":3.0,"enemies":"Looter","floor":10.0,"turns":2.0},{"damage":24.0,"enemies":"3 Sentries","floor":12.0,"turns":7.0},{"damage":25.0,"enemies":"The Guardian","floor":16.0,"turns":9.0},{"damage":8.0,"enemies":"2 Thieves","floor":18.0,"turns":5.0},{"damage":7.0,"enemies":"Shell Parasite","floor":19.0,"turns":5.0},{"damage":7.0,"enemies":"Centurion and Healer","floor":20.0,"turns":8.0},{"damage":7.0,"enemies":"Cultist and Chosen","floor":21.0,"turns":7.0},{"damage":14.0,"enemies":"Slavers","floor":27.0,"turns":7.0},{"damage":4.0,"enemies":"Snake Plant","floor":28.0,"turns":4.0},{"damage":10.0,"enemies":"Snecko","floor":29.0,"turns":5.0},{"damage":9.0,"enemies":"Champ","floor":33.0,"turns":8.0},{"damage":0.0,"enemies":"3 Shapes","floor":35.0,"turns":3.0},{"damage":22.0,"enemies":"2 Orb Walkers","floor":37.0,"turns":5.0},{"damage":1,"enemies":"Nemesis","floor":40,"turns":5},{"damage":18,"enemies":"3 Darklings","floor":42,"turns":6},{"damage":34,"enemies":"Donu and Deca","floor":50,"turns":11},{"damage":9,"enemies":"Shield and Spear","floor":54,"turns":8},{"damage":52,"enemies":"The Heart","floor":55,"turns":6}],"seed_played":"5198072055372030556","potions_obtained":[{"floor":2.0,"key":"Energy Potion"},{"floor":5.0,"key":"Strength Potion"},{"floor":8.0,"key":"FearPotion"},{"floor":19.0,"key":"EssenceOfSteel"},{"floor":21.0,"key":"SneckoOil"},{"floor":27.0,"key":"Regen Potion"},{"floor":28.0,"key":"Strength Potion"},{"floor":29.0,"key":"GhostInAJar"},{"floor":33.0,"key":"Weak Potion"},{"floor":35.0,"key":"SpeedPotion"},{"floor":37.0,"key":"Strength Potion"},{"floor":40,"key":"FearPotion"},{"floor":42,"key":"Fruit Juice"},{"floor":54,"key":"SkillPotion"}],"is_trial":false,"path_per_floor":["M","M","?","M","M","R","?","M","T","M","T","E","R","?","R","B",null,"M","M","M","M","?","R","$","R","T","E","M","M","?","?","R","B",null,"M","?","?","?","?","E","R","M","T","R","$","R","$","?","R","B",null,"R","$","E","B",null],"character_chosen":"THE_SILENT","items_purchased":["White Beast Statue","TheAbacus","Block Potion"],"campfire_rested":5,"item_purchase_floors":[24,24,47],"current_hp_per_floor":[56,47,47,46,45,45,34,29,29,26,26,2,21,10,29,4,51,43,36,29,22,35,35,35,35,35,21,31,21,21,21,40,31,57,57,57,35,25,25,24,43,25,25,44,44,44,49,71,71,37,63,63,63,54,2],"gold":52,"neow_bonus":"ONE_RANDOM_RARE_CARD","is_daily":false,"chose_seed":false,"campfire_upgraded":5,"win_rate":0.0,"timestamp":1612094302,"path_taken":["M","M","?","M","?","R","?","M","T","M","?","E","R","?","R","BOSS","M","M","M","M","?","R","$","R","T","E","M","M","?","?","R","BOSS","M","?","?","?","?","E","R","?","T","R","?","R","$","?","R","BOSS","R","$","E","BOSS"],"items_purchased_type":["Relic","Relic","Potion"],"build_version":"2020-12-22","purchased_purges":1,"victory":true,"max_hp_per_floor":[66,66,66,66,66,66,66,66,66,66,66,66,66,66,66,66,66,66,66,66,66,66,66,66,66,66,66,66,66,66,66,66,66,66,66,66,66,66,66,66,66,66,66,66,66,66,71,71,71,71,71,71,71,71,71],"card_choices":[{"not_picked":["Dagger Spray","Dash"],"picked":"Backstab","floor":1.0},{"not_picked":["Skewer","Acrobatics"],"picked":"Deadly Poison","floor":2.0},{"not_picked":["Acrobatics","Sucker Punch"],"picked":"Deadly Poison","floor":4.0},{"not_picked":["Footwork","Slice"],"picked":"Tools of the Trade","floor":5.0},{"not_picked":["Infinite Blades","All Out Attack","Underhanded Strike"],"picked":"SKIP","floor":8.0},{"not_picked":["Setup","Dodge and Roll","Prepared"],"picked":"SKIP","floor":10.0},{"not_picked":["Dagger Throw","Bane"],"picked":"Noxious Fumes","floor":12.0},{"not_picked":["Burst","Grand Finale"],"picked":"Adrenaline","floor":16.0},{"not_picked":["All Out Attack+1","Footwork"],"picked":"Crippling Poison","floor":18.0},{"not_picked":["Underhanded Strike+1","Prepared"],"picked":"Catalyst","floor":19.0},{"not_picked":["Expertise","Calculated Gamble"],"picked":"Prepared+1","floor":20.0},{"not_picked":["Flying Knee+1","Prepared","Deadly Poison"],"picked":"SKIP","floor":21.0},{"not_picked":["Dodge and Roll","Caltrops"],"picked":"Eviscerate+1","floor":27.0},{"not_picked":["Dagger Spray+1","Sucker Punch+1"],"picked":"Die Die Die+1","floor":28.0},{"not_picked":["Endless Agony+1","Dodge and Roll"],"picked":"Deadly Poison+1","floor":29.0},{"not_picked":["Quick Slash+1","Prepared"],"picked":"Poisoned Stab+1","floor":32.0},{"not_picked":["Die Die Die+1","Unload+1"],"picked":"Wraith Form v2","floor":33.0},{"not_picked":["Quick Slash+1"],"picked":"SKIP","floor":35.0},{"not_picked":[],"picked":"Blind","floor":38.0},{"not_picked":[],"picked":"Dark Shackles","floor":38.0},{"not_picked":["Terror+1"],"picked":"SKIP","floor":40},{"not_picked":[],"picked":"Footwork","floor":41},{"not_picked":[],"picked":"Acrobatics","floor":42},{"not_picked":["Dash+1"],"picked":"SKIP","floor":54}],"player_experience":879759,"relics_obtained":[{"floor":3.0,"key":"Omamori"},{"floor":9.0,"key":"Lantern"},{"floor":12.0,"key":"Orichalcum"},{"floor":17.0,"key":"Centennial Puzzle"},{"floor":17.0,"key":"Molten Egg 2"},{"floor":17.0,"key":"Girya"},{"floor":26.0,"key":"Dream Catcher"},{"floor":27.0,"key":"Paper Crane"},{"floor":37.0,"key":"Torii"},{"floor":40,"key":"The Courier"},{"floor":43,"key":"Juzu Bracelet"},{"floor":54,"key":"Akabeko"}],"event_choices":[{"damage_healed":0.0,"max_hp_gain":0.0,"max_hp_loss":0.0,"gold_gain":0.0,"event_name":"Wheel of Change","player_choice":"Relic","floor":3.0,"gold_loss":0.0,"damage_taken":0.0},{"damage_healed":0.0,"max_hp_gain":0.0,"max_hp_loss":0.0,"gold_gain":75.0,"event_name":"World of Goop","player_choice":"Gather Gold","floor":7.0,"gold_loss":0.0,"damage_taken":11.0},{"damage_healed":0.0,"max_hp_gain":0.0,"max_hp_loss":0.0,"gold_gain":0.0,"event_name":"Scrap Ooze","player_choice":"Success","floor":14.0,"gold_loss":0.0,"damage_taken":11.0,"relics_obtained":["Anchor"]},{"damage_healed":13.0,"max_hp_gain":0.0,"max_hp_loss":0.0,"gold_gain":0.0,"event_name":"The Library","player_choice":"Heal","floor":22.0,"gold_loss":0.0,"damage_taken":0.0},{"damage_healed":0.0,"max_hp_gain":0.0,"max_hp_loss":0.0,"gold_gain":0.0,"event_name":"Ghosts","player_choice":"Ignored","floor":30.0,"gold_loss":0.0,"damage_taken":0.0},{"damage_healed":0.0,"max_hp_gain":0.0,"max_hp_loss":0.0,"gold_gain":0.0,"event_name":"Masked Bandits","player_choice":"Paid Fearfully","floor":31.0,"gold_loss":54.0,"damage_taken":0.0},{"cards_removed":["Defend_G"],"damage_healed":0.0,"max_hp_gain":0.0,"max_hp_loss":0.0,"gold_gain":0.0,"event_name":"Falling","player_choice":"Removed Skill","floor":36.0,"gold_loss":0.0,"damage_taken":0.0},{"damage_healed":0.0,"max_hp_gain":0.0,"max_hp_loss":0.0,"gold_gain":0.0,"event_name":"Mysterious Sphere","player_choice":"Fight","floor":37.0,"gold_loss":0.0,"damage_taken":0.0},{"damage_healed":0.0,"max_hp_gain":0.0,"max_hp_loss":0.0,"gold_gain":0.0,"event_name":"SensoryStone","player_choice":"Memory 3","floor":38.0,"gold_loss":0.0,"damage_taken":10.0},{"damage_healed":0.0,"max_hp_gain":0.0,"max_hp_loss":0.0,"gold_gain":0.0,"event_name":"Tomb of Lord Red Mask","player_choice":"Paid","floor":39.0,"gold_loss":138.0,"damage_taken":0.0,"relics_obtained":["Red Mask"]},{"damage_healed":22,"gold_gain":0,"player_choice":"Heal","damage_taken":0,"max_hp_gain":0,"max_hp_loss":0,"event_name":"MindBloom","floor":48,"gold_loss":0,"cards_obtained":["Doubt"]}],"is_beta":false,"boss_relics":[{"not_picked":["Coffee Dripper","SacredBark"],"picked":"Calling Bell"},{"not_picked":["Runic Dome","Tiny House"],"picked":"Busted Crown"}],"items_purged_floors":[24],"is_endless":false,"potions_floor_spawned":[2,5,8,19,21,27,28,29,33,35,37,40,42,54],"ascension_level":15}}