{"host":"gbbz8f5svnnpwo8d","time":1612088074,"event":{"mods":["AchievementEnabler","AlwaysNeverKeys","BaseMod","Bestiary","Better Altar","Better Match","Better Note","Better Sensory Stone","Better Silent Start","Better Skull","Better Third Choice","Better Vampires","Better-Laid Plans","BetterRewards","Block Reminder","Colored Map","Colored Powertips","Curses Come First","Dark Map","Displayed Cursed Tome","GifTheSpireLib","Minty Spire (QoL Compilation)","MonsterHotkey","Permanent Neow","Potion Indicator Mod","Quick Restart","Random Character Button","Rare Cards Sparkle","Relic Stats","Shop Mod","Spicy Shops","Spire Birthday Party","StSLib","Transform Curses"],"gold_per_floor":[111,85,104,181,181,181,212,228,228,242,242,257,33,44,44,142,142,155,171,171,181,181,181,211,230,230,230,246,246,264,274,274,375,375,389,389,436,456,381,381,396,396,396,414,414,433,433,19,19,19,19,19,19,50,50],"floor_reached":56,"language":"ENG","playtime":6329,"items_purged":[],"score":1371,"play_id":"d60b0d5d-1556-4562-b898-35ffb0414ea2","local_time":"20210131031434","is_ascension_mode":false,"campfire_choices":[{"data":"Loop","floor":6.0,"key":"SMITH"},{"data":"Static Discharge","floor":15.0,"key":"SMITH"},{"data":"Amplify","floor":23.0,"key":"SMITH"},{"floor":27.0,"key":"REST"},{"data":"Electrodynamics","floor":29.0,"key":"SMITH"},{"data":"Electrodynamics","floor":32.0,"key":"SMITH"},{"data":"Thunder Strike","floor":40,"key":"SMITH"},{"data":"Reinforced Body","floor":42,"key":"SMITH"},{"data":"Zap","floor":45,"key":"SMITH"},{"data":"Capacitor","floor":49,"key":"SMITH"},{"data":"Chill","floor":52,"key":"SMITH"}],"circlet_count":0,"master_deck":["Zap+1","Dualcast","Loop+1","Finesse","Undo","Amplify+1","Double Energy","Leap","Static Discharge+1","Chill","Electrodynamics+1","Doom and Gloom","Coolheaded","Thunder Strike+1","Melter","Reinforced Body","Chill+1","Barrage","Multi-Cast","Electrodynamics+1","Reinforced Body+1","Fission+1","Lockon+1","Turbo","Storm","Loop+1","Double Energy","Echo Form","Chaos+1","Echo Form","Hologram+1","Static Discharge+1","Master of Strategy+1","Secret Technique+1","Thinking Ahead+1","Defragment+1","BootSequence+1","Capacitor+1","Glacier"],"relics":["Cracked Core","Strawberry","Question Card","Ornamental Fan","Akabeko","Pandora\u0027s Box","Gremlin Horn","Eternal Feather","Busted Crown","Ice Cream","Bag of Marbles","Lantern","Happy Flower","Bronze Scales"],"acts_visited":["Exordium","TheCity","TheBeyond","TheEnding"],"potions_floor_usage":[50],"damage_taken":[{"damage":1.0,"enemies":"Jaw Worm","floor":1.0,"turns":3.0},{"damage":2.0,"enemies":"Small Slimes","floor":3.0,"turns":3.0},{"damage":14.0,"enemies":"Lagavulin","floor":7.0,"turns":8.0},{"damage":0.0,"enemies":"2 Louse","floor":8.0,"turns":3.0},{"damage":0.0,"enemies":"Large Slime","floor":10.0,"turns":4.0},{"damage":0.0,"enemies":"Lots of Slimes","floor":12.0,"turns":4.0},{"damage":0.0,"enemies":"2 Fungi Beasts","floor":14.0,"turns":2.0},{"damage":12.0,"enemies":"Hexaghost","floor":16.0,"turns":9.0},{"damage":15.0,"enemies":"2 Thieves","floor":18.0,"turns":3.0},{"damage":0.0,"enemies":"3 Byrds","floor":19.0,"turns":4.0},{"damage":10.0,"enemies":"3 Cultists","floor":21.0,"turns":3.0},{"damage":21.0,"enemies":"Slavers","floor":24.0,"turns":3.0},{"damage":12.0,"enemies":"Snake Plant","floor":25.0,"turns":2.0},{"damage":7.0,"enemies":"Sentry and Sphere","floor":28.0,"turns":3.0},{"damage":2.0,"enemies":"Chosen and Byrds","floor":30.0,"turns":3.0},{"damage":8.0,"enemies":"Snake Plant","floor":31.0,"turns":4.0},{"damage":2.0,"enemies":"Automaton","floor":33.0,"turns":6.0},{"damage":6.0,"enemies":"3 Shapes","floor":35.0,"turns":2.0},{"damage":21.0,"enemies":"2 Orb Walkers","floor":37.0,"turns":3.0},{"damage":6.0,"enemies":"3 Darklings","floor":38.0,"turns":2.0},{"damage":21,"enemies":"Maw","floor":41,"turns":5},{"damage":4,"enemies":"Sphere and 2 Shapes","floor":44,"turns":2},{"damage":6,"enemies":"Jaw Worm Horde","floor":46,"turns":3},{"damage":41,"enemies":"Time Eater","floor":50,"turns":10},{"damage":6,"enemies":"Shield and Spear","floor":54,"turns":4},{"damage":56,"enemies":"The Heart","floor":55,"turns":7}],"seed_played":"2372131805581974198","potions_obtained":[{"floor":7.0,"key":"FearPotion"},{"floor":8.0,"key":"DistilledChaos"},{"floor":10.0,"key":"Regen Potion"},{"floor":14.0,"key":"PotionOfCapacity"},{"floor":18.0,"key":"Weak Potion"},{"floor":21.0,"key":"SpeedPotion"},{"floor":22.0,"key":"Fire Potion"},{"floor":30.0,"key":"SkillPotion"},{"floor":31.0,"key":"Energy Potion"},{"floor":41,"key":"Ancient Potion"},{"floor":46,"key":"SkillPotion"}],"is_trial":false,"path_per_floor":["M","?","M","T","?","R","E","M","T","M","?","M","$","M","R","B",null,"M","M","?","M","?","R","E","M","T","R","M","R","M","M","R","B",null,"M","?","?","M","?","R","M","R","T","M","R","M","?","$","R","B",null,"R","$","E","B",null],"character_chosen":"DEFECT","items_purchased":["Loop","Finesse","Strawberry","Electrodynamics","Doom and Gloom","Capacitor","Lantern","Happy Flower"],"campfire_rested":1,"item_purchase_floors":[0,0,0,13,13,48,48,48],"current_hp_per_floor":[70,70,68,68,73,73,59,59,59,59,59,59,59,59,59,47,87,72,72,72,62,62,62,41,29,29,70,63,78,76,68,83,81,87,81,64,55,49,49,70,49,70,70,66,87,81,81,81,87,46,87,87,87,81,25],"gold":50,"neow_bonus":"","is_daily":false,"chose_seed":false,"campfire_upgraded":10,"win_rate":0.0,"timestamp":1612088074,"path_taken":["M","?","M","?","?","R","E","M","T","M","?","M","$","M","R","BOSS","M","M","?","?","?","R","E","M","T","R","M","R","?","M","R","BOSS","M","?","?","M","?","R","M","R","T","M","R","?","?","$","R","BOSS","R","$","E","BOSS"],"items_purchased_type":["Card","Card","Relic","Card","Card","Card","Relic","Relic"],"build_version":"2020-12-22","purchased_purges":0,"victory":true,"max_hp_per_floor":[82,82,82,82,87,87,87,87,87,87,87,87,87,87,87,87,87,87,87,87,87,87,87,87,87,87,87,87,87,87,87,87,87,87,87,87,87,87,87,87,87,87,87,87,87,87,87,87,87,87,87,87,87,87,87],"relic_stats":{"Busted Crown":88,"Gremlin Horn":[8,8],"Happy Flower":[60],"counters":[180,778],"Ornamental Fan":[12],"Bronze Scales":[78],"Pandora\u0027s Box":["Melter","Reinforced Body","Chill","Barrage","Multi-Cast","Electrodynamics","Reinforced Body","Fission"],"Eternal Feather":114,"Question Card":51,"obtain_stats":[{"Ice Cream":48,"Calipers":12,"Gremlin Horn":24,"Vajra":7,"Runic Capacitor":22,"Whetstone":54,"Ginger":46,"Bottled Tornado":45,"Boot":26,"Old Coin":46,"Blood Vial":26,"Lizard Tail":0,"HornCleat":23,"DollysMirror":0,"Strawberry":9,"Toxic Egg 2":2,"Girya":37,"MerchantsRug":37,"Pear":43,"Happy Flower":7,"Oddly Smooth Stone":54,"Eternal Feather":9,"Pen Nib":0,"Letter Opener":29,"Question Card":0,"Akabeko":12,"Cables":42,"SlaversCollar":17,"Bottled Flame":40,"Bronze Scales":54,"Pandora\u0027s Box":17,"reliquary:SculptingSteel":9,"Symbiotic Virus":25,"Unceasing Top":0,"Meat on the Bone":10,"Lantern":0,"Torii":0,"SacredBark":34,"StoneCalendar":36,"Bag of Preparation":30,"Juzu Bracelet":22,"Empty Cage":34,"Cursed Key":17,"Ancient Tea Set":19,"PrismaticShard":0,"reliquary:TridentHead":26,"Emotion Chip":0,"Nunchaku":9,"Dream Catcher":31,"Matryoshka":25,"Mummified Hand":3,"Gambling Chip":14,"Tiny Chest":3,"reliquary:Buckler":14,"WingedGreaves":30,"Red Mask":38,"Cracked Core":0,"InkBottle":43,"Potion Belt":21,"Lee\u0027s Waffle":0,"Golden Idol":11,"Circlet":0,"Thread and Needle":9,"PreservedInsect":0,"Frozen Egg 2":9,"Nuclear Battery":17,"Mercury Hourglass":9,"reliquary:KinkedSpring":17,"Anchor":26,"DataDisk":53,"Busted Crown":34,"Ornamental Fan":0,"Bloody Idol":28,"Turnip":13,"Ectoplasm":17,"Art of War":26,"Bag of Marbles":8,"Bottled Lightning":53,"Toy Ornithopter":4},{"Ice Cream":30,"Calipers":53,"Gremlin Horn":166,"Vajra":142,"Runic Capacitor":66,"Whetstone":79,"Ginger":121,"Bottled Tornado":28,"Boot":44,"Old Coin":76,"Blood Vial":92,"Lizard Tail":80,"HornCleat":67,"DollysMirror":47,"Strawberry":85,"Toxic Egg 2":56,"Girya":27,"MerchantsRug":73,"Pear":100,"Happy Flower":4,"Oddly Smooth Stone":124,"Eternal Feather":4,"Pen Nib":47,"Letter Opener":116,"Question Card":55,"Akabeko":39,"Cables":74,"SlaversCollar":7,"Bottled Flame":99,"Bronze Scales":32,"Pandora\u0027s Box":162,"reliquary:SculptingSteel":128,"Symbiotic Virus":68,"Unceasing Top":139,"Meat on the Bone":5,"Lantern":55,"Torii":104,"SacredBark":71,"StoneCalendar":97,"Bag of Preparation":69,"Juzu Bracelet":134,"Empty Cage":25,"Cursed Key":41,"Ancient Tea Set":89,"PrismaticShard":139,"reliquary:TridentHead":135,"Emotion Chip":0,"Nunchaku":38,"Dream Catcher":95,"Matryoshka":44,"Mummified Hand":49,"Gambling Chip":109,"Tiny Chest":81,"reliquary:Buckler":146,"WingedGreaves":116,"Red Mask":97,"Cracked Core":0,"InkBottle":27,"Potion Belt":42,"Lee\u0027s Waffle":33,"Golden Idol":5,"Circlet":0,"Thread and Needle":53,"PreservedInsect":0,"Frozen Egg 2":15,"Nuclear Battery":19,"Mercury Hourglass":58,"reliquary:KinkedSpring":147,"Anchor":68,"DataDisk":78,"Busted Crown":117,"Ornamental Fan":0,"Bloody Idol":23,"Turnip":54,"Ectoplasm":88,"Art of War":22,"Bag of Marbles":85,"Bottled Lightning":78,"Toy Ornithopter":35},{"Ice Cream":146,"Calipers":262,"Gremlin Horn":722,"Vajra":631,"Runic Capacitor":311,"Whetstone":390,"Ginger":540,"Bottled Tornado":134,"Boot":227,"Old Coin":364,"Blood Vial":432,"Lizard Tail":401,"HornCleat":318,"DollysMirror":243,"Strawberry":411,"Toxic Egg 2":274,"Girya":121,"MerchantsRug":349,"Pear":456,"Happy Flower":12,"Oddly Smooth Stone":553,"Eternal Feather":12,"Pen Nib":243,"Letter Opener":515,"Question Card":271,"Akabeko":195,"Cables":354,"SlaversCollar":26,"Bottled Flame":451,"Bronze Scales":170,"Pandora\u0027s Box":709,"reliquary:SculptingSteel":568,"Symbiotic Virus":324,"Unceasing Top":623,"Meat on the Bone":15,"Lantern":271,"Torii":477,"SacredBark":342,"StoneCalendar":446,"Bag of Preparation":329,"Juzu Bracelet":594,"Empty Cage":106,"Cursed Key":211,"Ancient Tea Set":425,"PrismaticShard":623,"reliquary:TridentHead":600,"Emotion Chip":0,"Nunchaku":192,"Dream Catcher":436,"Matryoshka":227,"Mummified Hand":248,"Gambling Chip":488,"Tiny Chest":403,"reliquary:Buckler":645,"WingedGreaves":515,"Red Mask":446,"Cracked Core":0,"InkBottle":121,"Potion Belt":215,"Lee\u0027s Waffle":176,"Golden Idol":15,"Circlet":0,"Thread and Needle":262,"PreservedInsect":0,"Frozen Egg 2":51,"Nuclear Battery":66,"Mercury Hourglass":278,"reliquary:KinkedSpring":649,"Anchor":324,"DataDisk":382,"Busted Crown":521,"Ornamental Fan":0,"Bloody Idol":91,"Turnip":270,"Ectoplasm":423,"Art of War":85,"Bag of Marbles":411,"Bottled Lightning":382,"Toy Ornithopter":182}]},"card_choices":[{"not_picked":["Rebound","Cold Snap"],"picked":"Undo","floor":1.0},{"not_picked":["Gash","Steam Power"],"picked":"Amplify","floor":3.0},{"not_picked":["Barrage","Cold Snap","Self Repair"],"picked":"Double Energy","floor":7.0},{"not_picked":["Cold Snap","Genetic Algorithm","Stack"],"picked":"Leap","floor":8.0},{"not_picked":["Go for the Eyes","Sweeping Beam","Gash"],"picked":"Static Discharge","floor":10.0},{"not_picked":["Sweeping Beam","Capacitor","Blizzard"],"picked":"Chill","floor":12.0},{"not_picked":["Conserve Battery","Leap","Go for the Eyes"],"picked":"Coolheaded","floor":14.0},{"not_picked":["Multi-Cast","Buffer","Echo Form"],"picked":"Thunder Strike","floor":16.0},{"not_picked":["Hologram","Compile Driver","Rebound"],"picked":"Lockon+1","floor":18.0},{"not_picked":["Hologram","Leap+1","Coolheaded","Lockon"],"picked":"SKIP","floor":19.0},{"not_picked":["FTL","Hello World","Barrage+1","Ball Lightning"],"picked":"SKIP","floor":21.0},{"not_picked":["Seek","Redo","Loop"],"picked":"Turbo","floor":24.0},{"not_picked":["Go for the Eyes","Self Repair+1","Hologram+1"],"picked":"Storm","floor":25.0},{"not_picked":["Steam","Machine Learning","Stack"],"picked":"Loop+1","floor":28.0},{"not_picked":["Stack","Hologram","Gash"],"picked":"Double Energy","floor":30.0},{"not_picked":["Redo","Turbo+1","Hologram","Skim"],"picked":"SKIP","floor":31.0},{"not_picked":["Rainbow","Meteor Strike","Buffer"],"picked":"Echo Form","floor":33.0},{"not_picked":["Stack+1"],"picked":"Chaos+1","floor":35.0},{"not_picked":["Stack"],"picked":"Hologram+1","floor":37.0},{"not_picked":["FTL+1"],"picked":"Static Discharge+1","floor":38.0},{"not_picked":["Sadistic Nature+1"],"picked":"Master of Strategy+1","floor":39},{"not_picked":["Sadistic Nature+1"],"picked":"Secret Technique+1","floor":39},{"not_picked":["Violence+1"],"picked":"Thinking Ahead+1","floor":39},{"not_picked":["Leap"],"picked":"Defragment+1","floor":41},{"not_picked":["Barrage"],"picked":"BootSequence+1","floor":44},{"not_picked":["Skim","Steam"],"picked":"SKIP","floor":46},{"not_picked":["Reprogram+1"],"picked":"Glacier","floor":54}],"player_experience":3652884,"relics_obtained":[{"floor":4.0,"key":"Question Card"},{"floor":7.0,"key":"Ornamental Fan"},{"floor":9.0,"key":"Akabeko"},{"floor":24.0,"key":"Gremlin Horn"},{"floor":26.0,"key":"Eternal Feather"},{"floor":37.0,"key":"Ice Cream"},{"floor":43,"key":"Bag of Marbles"},{"floor":54,"key":"Bronze Scales"}],"event_choices":[{"damage_healed":0.0,"max_hp_gain":0.0,"max_hp_loss":0.0,"gold_gain":0.0,"event_name":"betterThird:BetterGoop","player_choice":"Left","floor":2.0,"gold_loss":26.0,"damage_taken":0.0},{"damage_healed":0.0,"max_hp_gain":5.0,"max_hp_loss":0.0,"gold_gain":0.0,"event_name":"Big Fish","player_choice":"Donut","floor":5.0,"gold_loss":0.0,"damage_taken":0.0},{"damage_healed":0.0,"max_hp_gain":0.0,"max_hp_loss":0.0,"gold_gain":0.0,"event_name":"Golden Idol","player_choice":"Ignored","floor":11.0,"gold_loss":0.0,"damage_taken":0.0},{"damage_healed":0.0,"max_hp_gain":0.0,"max_hp_loss":0.0,"gold_gain":0.0,"event_name":"Upgrade Shrine","player_choice":"Upgraded","floor":20.0,"gold_loss":0.0,"damage_taken":0.0,"cards_upgraded":["Fission"]},{"damage_healed":0.0,"max_hp_gain":0.0,"max_hp_loss":0.0,"gold_gain":0.0,"event_name":"Lab","player_choice":"Got Potions","floor":22.0,"gold_loss":0.0,"damage_taken":0.0},{"damage_healed":0.0,"max_hp_gain":0.0,"max_hp_loss":17.0,"gold_gain":3.0,"event_name":"betterStone:BetterStone","player_choice":"2","floor":36.0,"gold_loss":0.0,"damage_taken":0.0},{"damage_healed":0.0,"max_hp_gain":0.0,"max_hp_loss":0.0,"gold_gain":0.0,"event_name":"Mysterious Sphere","player_choice":"Fight","floor":37.0,"gold_loss":0.0,"damage_taken":0.0},{"damage_healed":0,"gold_gain":0,"player_choice":"3","damage_taken":0,"max_hp_gain":0,"max_hp_loss":0,"event_name":"betterMatch:BetterMatch","floor":39,"gold_loss":0,"cards_obtained":["betterMatch:ColorlessRareCard"]},{"damage_healed":0,"gold_gain":0,"player_choice":"Ignored","damage_taken":0,"max_hp_gain":0,"max_hp_loss":0,"event_name":"Tomb of Lord Red Mask","floor":47,"gold_loss":0}],"is_beta":false,"boss_relics":[{"not_picked":["Coffee Dripper","Philosopher\u0027s Stone"],"picked":"Pandora\u0027s Box"},{"not_picked":["SlaversCollar","Black Star"],"picked":"Busted Crown"}],"items_purged_floors":[],"is_endless":false,"potions_floor_spawned":[7,8,10,14,18,21,30,31,41,46],"ascension_level":0}}