{"host":"3498uni0c31c9bdm","time":1612111536,"event":{"mods":["BaseMod","Better Third Choice","Minty Spire (QoL Compilation)","Replay The Spire","StSLib"],"gold_per_floor":[116,116,136,165,180,180,29,29,29,49,83,83,83,114,114,227,227,262,262,289,289,289,289,289,341,341,390,390,390,390,390,85,107,107,226,226,255,110,146,146,146,146,194,194,194,223,281,326,366,418,418,438,438,438,51,109,117,117],"floor_reached":57,"language":"ENG","playtime":3075,"items_purged":[],"score":1148,"play_id":"e8f40995-f7a7-416d-ab8b-6b5ea982ba6c","local_time":"20210201034536","is_ascension_mode":true,"campfire_choices":[{"floor":6,"key":"RECALL"},{"data":"BowlingBash","floor":8,"key":"SMITH"},{"floor":15,"key":"REST"},{"floor":23,"key":"REST"},{"floor":24,"key":"REST"},{"floor":30,"key":"REST"},{"floor":34,"key":"DIG"},{"data":"TalkToTheHand","floor":42,"key":"SMITH"},{"data":"Prostrate","floor":44,"key":"SMITH"},{"floor":51,"key":"REST"},{"data":"DeceiveReality","floor":54,"key":"SMITH"}],"circlet_count":0,"master_deck":["AscendersBane","Strike_P+1","Strike_P","Strike_P","Strike_P","Defend_P","Defend_P","Defend_P+1","Defend_P+1","Eruption+1","Vigilance","EmptyFist","CutThroughFate","ReplayTheSpireMod:Splinters","Prostrate+1","BowlingBash+1","EmptyMind+1","EmptyBody","TalkToTheHand+1","DevaForm","Evaluate+1","FlurryOfBlows","Prostrate+1","FollowUp","Protect+1","Injury","Injury","Injury","LessonLearned","PathToVictory+1","Pain","BowlingBash+1","PathToVictory","FlyingSleeves+1","DeceiveReality+1","BowlingBash+1","PathToVictory","ClearTheMind+1"],"relics":["PureWater","WingedGreaves","Blood Vial","TeardropLocket","Smiling Mask","Ring of Misfortune","ReplayTheSpireMod:Ring of Exchange","Replay:Bandana","Sling","Damaru","MutagenicStrength","Nilry\u0027s Codex","Replay:WaspNest","Unceasing Top","War Paint","TungstenRod","Gambling Chip","Replay:Ancient Bell","Gremlin Food","ReplayTheSpireMod:Shallot","CaptainsWheel","Bag of Marbles","WarpedTongs","Meat on the Bone","Shuriken","Durian","Omamori","Replay:Wax Seal","FossilizedHelix","Mummified Hand"],"acts_visited":["Exordium","TheCity","TheBeyond","TheEnding"],"potions_floor_usage":[14,14,35,46,48,50,57,57,57],"damage_taken":[{"damage":8,"enemies":"Small Slimes","floor":1,"turns":3},{"damage":0,"enemies":"2 Louse","floor":3,"turns":1},{"damage":7,"enemies":"Jaw Worm","floor":5,"turns":2},{"damage":5,"enemies":"Exordium Thugs","floor":10,"turns":4},{"damage":29,"enemies":"Replay:BlueRogue","floor":11,"turns":10},{"damage":0,"enemies":"3 Sentries","floor":14,"turns":6},{"damage":23,"enemies":"The Guardian","floor":16,"turns":18},{"damage":5,"enemies":"3 Byrds","floor":18,"turns":5},{"damage":19,"enemies":"Chosen","floor":20,"turns":10},{"damage":17,"enemies":"Slavers","floor":25,"turns":5},{"damage":12,"enemies":"Book of Stabbing","floor":27,"turns":4},{"damage":11,"enemies":"Centurion and Healer","floor":33,"turns":7},{"damage":4,"enemies":"Champ","floor":35,"turns":8},{"damage":0,"enemies":"3 Shapes","floor":37,"turns":6},{"damage":0,"enemies":"3 Darklings","floor":39,"turns":5},{"damage":19,"enemies":"R_Hoarder","floor":43,"turns":6},{"damage":0,"enemies":"4 Shapes","floor":46,"turns":5},{"damage":0,"enemies":"Mind Bloom Boss Battle","floor":47,"turns":9},{"damage":11,"enemies":"Reptomancer","floor":48,"turns":4},{"damage":0,"enemies":"Transient","floor":49,"turns":5},{"damage":25,"enemies":"R_Hoarder","floor":50,"turns":10},{"damage":16,"enemies":"Replay:Hell Engine","floor":52,"turns":9},{"damage":25,"enemies":"Shield and Spear","floor":56,"turns":5},{"damage":94,"enemies":"The Heart","floor":57,"turns":8}],"seed_played":"637789813923323016","potions_obtained":[{"floor":3,"key":"BottledMiracle"},{"floor":5,"key":"CultistPotion"},{"floor":11,"key":"LiquidBronze"},{"floor":27,"key":"Strength Potion"},{"floor":33,"key":"Energy Potion"},{"floor":35,"key":"Elixir"},{"floor":43,"key":"Fruit Juice"},{"floor":46,"key":"Strength Potion"},{"floor":47,"key":"BlessingOfTheForge"},{"floor":50,"key":"Fire Potion"}],"is_trial":false,"path_per_floor":["M","?","M","?","M","R","$","R","T","M","E","?","$","E","R","B",null,"M","T","M","?","?","R","R","E","T","E","PTL","PTL","R","T","$","M","R","B",null,"M","$","M","?","?","R","E","R","T","M","?","E","M","E","R","B",null,"R","$","E","B"],"character_chosen":"WATCHER","items_purchased":["Blood Vial","TungstenRod","Bag of Marbles","FossilizedHelix","Regen Potion"],"campfire_rested":5,"item_purchase_floors":[7,32,38,55,55],"current_hp_per_floor":[57,57,57,57,50,50,50,50,50,47,20,20,20,22,43,22,60,57,57,40,40,24,45,66,51,51,41,41,41,62,62,62,53,53,51,67,69,69,71,71,71,71,53,53,53,60,67,58,60,49,73,59,76,76,76,53,0,0],"gold":117,"neow_bonus":"RANDOM_EVENT","is_daily":false,"chose_seed":false,"campfire_upgraded":4,"win_rate":0.0,"timestamp":1612111536,"path_taken":["M","?","M","?","M","R","?","R","T","?","E","?","?","E","R","BOSS","M","?","M","?","?","R","R","E","T","E","PTL","PTL","R","?","$","M","R","BOSS","M","$","M","?","?","R","E","R","T","?","?","E","M","E","R","BOSS","R","$","E","BOSS"],"items_purchased_type":["Relic","Relic","Relic","Relic","Potion"],"build_version":"2020-12-22","purchased_purges":0,"victory":false,"max_hp_per_floor":[72,72,72,72,72,72,72,72,72,72,72,72,72,72,72,72,72,72,72,72,72,72,72,72,72,72,72,72,72,72,72,72,72,72,72,72,72,72,72,72,72,72,72,72,72,77,82,82,82,82,82,82,82,82,82,82,82,82],"card_choices":[{"not_picked":["WheelKick","CrushJoints"],"picked":"EmptyFist","floor":1},{"not_picked":["Meditate","ClearTheMind"],"picked":"CutThroughFate","floor":3},{"not_picked":["EmptyFist","PathToVictory"],"picked":"Prostrate","floor":4},{"not_picked":["CrushJoints","Replay:ManipulateFuture"],"picked":"BowlingBash","floor":5},{"not_picked":["EmptyFist","Indignation"],"picked":"EmptyMind","floor":10},{"not_picked":["CutThroughFate","FearNoEvil"],"picked":"EmptyBody","floor":11},{"not_picked":["Conclude","SandsOfTime"],"picked":"TalkToTheHand","floor":14},{"not_picked":["Vault","Scrawl"],"picked":"DevaForm","floor":16},{"not_picked":["Replay:ManipulateFuture","Vengeance"],"picked":"Evaluate+1","floor":18},{"not_picked":["CrushJoints","CutThroughFate"],"picked":"FlurryOfBlows","floor":20},{"not_picked":["ThirdEye","Establishment"],"picked":"Prostrate+1","floor":25},{"not_picked":["BattleHymn","FlyingSleeves"],"picked":"FollowUp","floor":27},{"not_picked":["JustLucky","CutThroughFate"],"picked":"Protect+1","floor":33},{"not_picked":["LessonLearned","Vault"],"picked":"Replay:LoomingThreat","floor":35},{"not_picked":["Pain","ReplayTheSpireMod:Doomed"],"picked":"Injury","floor":36},{"not_picked":["Shame","Looming Evil"],"picked":"Injury","floor":36},{"not_picked":["Voices","Regret"],"picked":"Injury","floor":36},{"not_picked":["Crescendo","ThirdEye+1"],"picked":"LessonLearned","floor":37},{"not_picked":["CarveReality","ClearTheMind+1"],"picked":"PathToVictory+1","floor":39},{"not_picked":["Crescendo","Replay:AtTheReady"],"picked":"BowlingBash+1","floor":43},{"not_picked":["SandsOfTime+1","Replay:Vibes+1"],"picked":"PathToVictory","floor":46},{"not_picked":["Blasphemy","CutThroughFate"],"picked":"FlyingSleeves+1","floor":47},{"not_picked":["EmptyMind","Replay:AllIn"],"picked":"DeceiveReality","floor":48},{"not_picked":["EmptyBody","Crescendo"],"picked":"BowlingBash+1","floor":49},{"not_picked":["Meditate","DeusExMachina"],"picked":"PathToVictory","floor":50},{"not_picked":["Halt","ThirdEye"],"picked":"ClearTheMind+1","floor":56}],"player_experience":766996,"relics_obtained":[{"floor":4,"key":"WingedGreaves"},{"floor":9,"key":"TeardropLocket"},{"floor":11,"key":"Smiling Mask"},{"floor":12,"key":"Ring of Misfortune"},{"floor":12,"key":"ReplayTheSpireMod:Ring of Exchange"},{"floor":14,"key":"Replay:Bandana"},{"floor":19,"key":"Damaru"},{"floor":22,"key":"Nilry\u0027s Codex"},{"floor":25,"key":"Replay:WaspNest"},{"floor":27,"key":"Unceasing Top"},{"floor":31,"key":"War Paint"},{"floor":34,"key":"Gambling Chip"},{"floor":43,"key":"Meat on the Bone"},{"floor":45,"key":"Shuriken"},{"floor":47,"key":"Durian"},{"floor":48,"key":"Omamori"},{"floor":50,"key":"Replay:Wax Seal"},{"floor":56,"key":"Mummified Hand"}],"event_choices":[{"damage_healed":0,"gold_gain":0,"player_choice":"Grow","damage_taken":0,"max_hp_gain":0,"max_hp_loss":0,"event_name":"Living Wall","floor":0,"gold_loss":0,"cards_upgraded":["Eruption"]},{"damage_healed":0,"gold_gain":0,"player_choice":"Ignored","damage_taken":0,"max_hp_gain":0,"max_hp_loss":0,"event_name":"Golden Wing","floor":2,"gold_loss":0},{"damage_healed":0,"gold_gain":0,"player_choice":"Inject Mutagens","damage_taken":0,"relics_obtained":["MutagenicStrength"],"max_hp_gain":0,"max_hp_loss":0,"event_name":"Drug Dealer","floor":21,"gold_loss":0},{"damage_healed":0,"gold_gain":0,"player_choice":"Obtained Book","damage_taken":16,"max_hp_gain":0,"max_hp_loss":0,"event_name":"Cursed Tome","floor":22,"gold_loss":0},{"cards_removed":["Replay:LoomingThreat"],"damage_healed":0,"gold_gain":0,"player_choice":"Removed Power","damage_taken":0,"max_hp_gain":0,"max_hp_loss":0,"event_name":"Falling","floor":40,"gold_loss":0},{"damage_healed":0,"gold_gain":0,"player_choice":"Rummage","damage_taken":0,"relics_obtained":["WarpedTongs"],"max_hp_gain":0,"max_hp_loss":0,"event_name":"Accursed Blacksmith","floor":41,"gold_loss":0,"cards_obtained":["Pain"]},{"damage_healed":0,"gold_gain":0,"player_choice":"Fight","damage_taken":0,"max_hp_gain":0,"max_hp_loss":0,"event_name":"MindBloom","floor":47,"gold_loss":0}],"is_beta":false,"boss_relics":[{"not_picked":["HandDrill","DollysMirror"],"picked":"Sling"},{"not_picked":["Orrery","Runic Dome"],"picked":"Replay:Ancient Bell"},{"not_picked":["Replay:Baseball","Centennial Puzzle"],"picked":"Gremlin Food"},{"not_picked":["Molten Egg 2","Pear"],"picked":"ReplayTheSpireMod:Shallot"},{"not_picked":["Counterbalance","Ice Cream"],"picked":"CaptainsWheel"}],"items_purged_floors":[],"is_endless":false,"potions_floor_spawned":[3,5,11,27,33,35,39,43,46,47,50,56],"killed_by":"The Heart","ascension_level":10}}