{"host":"08t08ld674si40tv","time":1612060633,"event":{"mods":["AchievementEnabler","BaseMod","Colored Map","Minty Spire (QoL Compilation)","StSLib","SuperFastMode"],"gold_per_floor":[118,118,142,142,67,67,81,81,132,157,196,215,74,74,74,164,164,178,53,103,116,116,116,66,89,89,89,89,89,130,150,150,249,249,268,282,295,295,308,347,415,415,415,415,436,87,87,122,122,122,122,122,122,10,45,45],"floor_reached":57,"language":"KOR","playtime":1887,"items_purged":["Defend_G","Defend_G","Strike_G","Defend_G","Strike_G"],"score":3031,"play_id":"c83c1551-5dc1-4c01-a7e1-5aef163b03b0","local_time":"20210131113713","is_ascension_mode":true,"campfire_choices":[{"data":"Neutralize","floor":6,"key":"SMITH"},{"data":"Dagger Throw","floor":8,"key":"SMITH"},{"data":"Well Laid Plans","floor":15,"key":"SMITH"},{"data":"Backflip","floor":23,"key":"SMITH"},{"data":"Survivor","floor":28,"key":"SMITH"},{"data":"Prepared","floor":32,"key":"SMITH"},{"data":"Strike_G","floor":44,"key":"PURGE"},{"data":"PiercingWail","floor":47,"key":"PURGE"},{"floor":49,"key":"RECALL"},{"data":"Eviscerate","floor":53,"key":"PURGE"}],"circlet_count":0,"master_deck":["AscendersBane","Defend_G","Defend_G","Survivor+1","Neutralize+1","Grand Finale+1","Dagger Throw+1","Backstab","Well Laid Plans+1","Backflip+1","Acrobatics+1","Prepared+1","Flash of Steel"],"relics":["Ring of the Snake","Tough Bandages","NeowsBlessing","Golden Idol","Regal Pillow","Strawberry","Runic Dome","Pantograph","HornCleat","Coffee Dripper","Kunai","Peace Pipe","Sundial","Bottled Flame","Blue Candle"],"acts_visited":["Exordium","TheCity","TheBeyond","TheEnding"],"potions_floor_usage":[16,16,34,48,48,50,55,56],"damage_taken":[{"damage":0,"enemies":"Jaw Worm","floor":1,"turns":1},{"damage":0,"enemies":"Small Slimes","floor":3,"turns":1},{"damage":0,"enemies":"2 Louse","floor":7,"turns":1},{"damage":0,"enemies":"Red Slaver","floor":10,"turns":2},{"damage":7,"enemies":"Lagavulin","floor":11,"turns":5},{"damage":3,"enemies":"Looter","floor":12,"turns":3},{"damage":19,"enemies":"The Guardian","floor":16,"turns":9},{"damage":0,"enemies":"3 Byrds","floor":18,"turns":1},{"damage":0,"enemies":"Shell Parasite","floor":21,"turns":1},{"damage":3,"enemies":"3 Cultists","floor":25,"turns":4},{"damage":8,"enemies":"Gremlin Leader","floor":30,"turns":3},{"damage":7,"enemies":"Snecko","floor":31,"turns":7},{"damage":0,"enemies":"Champ","floor":33,"turns":5},{"damage":0,"enemies":"Orb Walker","floor":35,"turns":2},{"damage":0,"enemies":"3 Darklings","floor":36,"turns":2},{"damage":4,"enemies":"Writhing Mass","floor":37,"turns":2},{"damage":0,"enemies":"Transient","floor":39,"turns":6},{"damage":0,"enemies":"Giant Head","floor":40,"turns":4},{"damage":0,"enemies":"2 Orb Walkers","floor":41,"turns":3},{"damage":0,"enemies":"Maw","floor":45,"turns":3},{"damage":20,"enemies":"Nemesis","floor":48,"turns":8},{"damage":4,"enemies":"Time Eater","floor":50,"turns":9},{"damage":9,"enemies":"Donu and Deca","floor":51,"turns":3},{"damage":0,"enemies":"Shield and Spear","floor":55,"turns":2},{"damage":44,"enemies":"The Heart","floor":56,"turns":5}],"seed_played":"-3251578816814094294","potions_obtained":[{"floor":10,"key":"Explosive Potion"},{"floor":11,"key":"Poison Potion"},{"floor":25,"key":"SpeedPotion"},{"floor":33,"key":"Fruit Juice"},{"floor":36,"key":"Swift Potion"},{"floor":39,"key":"PowerPotion"},{"floor":48,"key":"EssenceOfSteel"}],"is_trial":false,"path_per_floor":["M","?","M","?","$","R","M","R","T","M","E","M","$","?","R","B",null,"M","$","?","M","?","R","$","M","T","$","R","?","E","M","R","B",null,"M","M","M","?","M","E","?","?","T","R","M","$","R","E","R","B","B",null,"R","$","E","B",null],"character_chosen":"THE_SILENT","items_purchased":["Well Laid Plans","Sundial","PowerPotion","SpeedPotion"],"campfire_rested":0,"item_purchase_floors":[13,46,54,54],"current_hp_per_floor":[59,59,59,52,52,52,52,52,52,52,52,49,49,54,54,35,63,63,63,63,63,59,59,59,56,56,56,56,56,48,41,41,66,76,76,76,72,72,72,72,72,72,72,72,72,72,72,52,52,73,68,75,75,75,75,33],"gold":45,"neow_bonus":"THREE_ENEMY_KILL","is_daily":false,"chose_seed":false,"campfire_upgraded":6,"win_rate":0.0,"timestamp":1612060633,"path_taken":["M","?","M","?","$","R","M","R","T","M","E","M","$","?","R","BOSS","M","$","?","?","?","R","$","?","T","?","R","?","E","M","R","BOSS","M","M","M","?","M","E","?","?","T","R","M","$","R","E","R","BOSS","BOSS","R","$","E","BOSS"],"items_purchased_type":["Card","Relic","Potion","Potion"],"build_version":"2020-12-22","purchased_purges":5,"victory":true,"max_hp_per_floor":[66,60,60,60,60,60,60,60,60,60,67,67,67,72,72,72,72,72,72,72,72,72,72,72,72,72,72,72,72,72,72,72,72,77,77,77,77,77,77,77,77,77,77,77,77,77,77,77,77,77,77,77,77,77,77,77],"card_choices":[{"not_picked":["Dodge and Roll","Flying Knee","Dash"],"picked":"SKIP","floor":1},{"not_picked":["Dagger Spray","Slice","Distraction"],"picked":"SKIP","floor":3},{"not_picked":["Slice","Dodge and Roll"],"picked":"Dagger Throw","floor":7},{"not_picked":["Dagger Spray","Grand Finale"],"picked":"PiercingWail","floor":10},{"not_picked":["Distraction","Quick Slash","PiercingWail"],"picked":"SKIP","floor":11},{"not_picked":["Flechettes","PiercingWail"],"picked":"Backstab","floor":12},{"not_picked":["Deadly Poison","Setup"],"picked":"Backflip","floor":18},{"not_picked":["Endless Agony","Masterful Stab","Distraction"],"picked":"SKIP","floor":21},{"not_picked":["Footwork","Noxious Fumes"],"picked":"Acrobatics+1","floor":25},{"not_picked":["Outmaneuver","Bane","Catalyst"],"picked":"SKIP","floor":30},{"not_picked":["Bane","Tools of the Trade","Deflect"],"picked":"SKIP","floor":31},{"not_picked":["Deadly Poison","Backflip","Acrobatics"],"picked":"SKIP","floor":35},{"not_picked":["Catalyst+1","Expertise","Endless Agony"],"picked":"SKIP","floor":36},{"not_picked":["Backstab","Skewer","Dagger Throw"],"picked":"SKIP","floor":37},{"not_picked":["PanicButton","Secret Weapon"],"picked":"Flash of Steel","floor":38},{"not_picked":["Footwork","Bane","Dodge and Roll"],"picked":"SKIP","floor":39},{"not_picked":["Tools of the Trade","Flying Knee+1","Choke"],"picked":"SKIP","floor":40},{"not_picked":["Bane","Dagger Spray","Deadly Poison"],"picked":"SKIP","floor":45},{"not_picked":["All Out Attack","Flying Knee","PiercingWail"],"picked":"SKIP","floor":48},{"not_picked":["Slice+1","PiercingWail","Masterful Stab+1"],"picked":"SKIP","floor":55}],"player_experience":280317,"relics_obtained":[{"floor":9,"key":"Regal Pillow"},{"floor":11,"key":"Strawberry"},{"floor":26,"key":"Pantograph"},{"floor":30,"key":"HornCleat"},{"floor":40,"key":"Kunai"},{"floor":41,"key":"Peace Pipe"},{"floor":48,"key":"Bottled Flame"},{"floor":55,"key":"Blue Candle"}],"event_choices":[{"damage_healed":0,"gold_gain":0,"player_choice":"Lose Max HP","damage_taken":0,"relics_obtained":["Golden Idol"],"max_hp_gain":0,"max_hp_loss":6,"event_name":"Golden Idol","floor":2,"gold_loss":0},{"cards_removed":["Strike_G"],"damage_healed":0,"gold_gain":0,"player_choice":"Card Removal","damage_taken":7,"max_hp_gain":0,"max_hp_loss":0,"event_name":"Golden Wing","floor":4,"gold_loss":0},{"damage_healed":0,"gold_gain":0,"player_choice":"Donut","damage_taken":0,"max_hp_gain":5,"max_hp_loss":0,"event_name":"Big Fish","floor":14,"gold_loss":0},{"damage_healed":0,"gold_gain":50,"player_choice":"Pray","damage_taken":0,"max_hp_gain":0,"max_hp_loss":0,"event_name":"Golden Shrine","floor":20,"gold_loss":0},{"damage_healed":0,"gold_gain":0,"player_choice":"Bought 0 Potions","damage_taken":0,"max_hp_gain":0,"max_hp_loss":0,"event_name":"The Woman in Blue","floor":22,"gold_loss":0},{"damage_healed":0,"gold_gain":0,"player_choice":"Read","damage_taken":0,"max_hp_gain":0,"max_hp_loss":0,"event_name":"The Library","floor":29,"gold_loss":0,"cards_obtained":["Prepared"]},{"damage_healed":0,"gold_gain":0,"player_choice":"Memory 1","damage_taken":0,"max_hp_gain":0,"max_hp_loss":0,"event_name":"SensoryStone","floor":38,"gold_loss":0},{"damage_healed":0,"gold_gain":0,"player_choice":"Fight","damage_taken":0,"max_hp_gain":0,"max_hp_loss":0,"event_name":"Mysterious Sphere","floor":41,"gold_loss":0},{"damage_healed":0,"gold_gain":0,"cards_transformed":["Strike_G"],"player_choice":"Transformed","damage_taken":0,"max_hp_gain":0,"max_hp_loss":0,"event_name":"Transmorgrifier","floor":42,"gold_loss":0,"cards_obtained":["Eviscerate"]}],"is_beta":false,"boss_relics":[{"not_picked":["Busted Crown","Ectoplasm"],"picked":"Runic Dome"},{"not_picked":["Snecko Eye","Ring of the Serpent"],"picked":"Coffee Dripper"}],"items_purged_floors":[5,13,19,24,46],"is_endless":false,"potions_floor_spawned":[10,11,12,25,33,36,37,39,45,48],"ascension_level":20}}