{"host":"19r1ww88x2tc73i0","time":1612084834,"event":{"mods":["BaseMod","BetterRewards","Colored Map","Minty Spire (QoL Compilation)","Relic Stats","StSLib","SuperFastMode","slay the spire mod where everything is the same but ironclad has a cowboy hat"],"gold_per_floor":[113,72,92,102,122,122,150,150,150,163,163,163,163,181,181,259,259,272,181,201,201,220,220,220,220],"floor_reached":24,"language":"ENG","playtime":852,"items_purged":[],"score":396,"play_id":"dda306e2-91f0-408c-a334-76cce0fbd8cf","local_time":"25640131162034","is_ascension_mode":true,"campfire_choices":[{"data":"Sweeping Beam","floor":6.0,"key":"SMITH"},{"data":"Beam Cell","floor":8.0,"key":"SMITH"},{"data":"Capacitor","floor":11.0,"key":"SMITH"},{"data":"Zap","floor":15,"key":"SMITH"},{"floor":23,"key":"REST"}],"circlet_count":0,"master_deck":["AscendersBane","Defend_B","Defend_B","Defend_B","Zap+1","Dualcast","Ball Lightning","Capacitor+1","Cold Snap","Sweeping Beam+1","Cold Snap","Beam Cell+1","BootSequence+1","Reinforced Body+1","Core Surge","Core Surge+1","Multi-Cast+1","Steam Power+1","Coolheaded+1","Double Energy+1","Defragment+1","Conserve Battery+1"],"relics":["Cracked Core","Orichalcum","Toxic Egg 2","Astrolabe"],"acts_visited":["Exordium","TheCity"],"potions_floor_usage":[16,24],"damage_taken":[{"damage":4.0,"enemies":"Small Slimes","floor":1.0,"turns":3.0},{"damage":7.0,"enemies":"Jaw Worm","floor":3.0,"turns":3.0},{"damage":8.0,"enemies":"2 Louse","floor":4.0,"turns":2.0},{"damage":2.0,"enemies":"Exordium Wildlife","floor":5.0,"turns":4.0},{"damage":14.0,"enemies":"3 Sentries","floor":7.0,"turns":5.0},{"damage":8.0,"enemies":"Red Slaver","floor":10.0,"turns":3.0},{"damage":4,"enemies":"2 Fungi Beasts","floor":14,"turns":3},{"damage":27,"enemies":"The Guardian","floor":16,"turns":11},{"damage":13,"enemies":"Spheric Guardian","floor":18,"turns":4},{"damage":0,"enemies":"Chosen","floor":20,"turns":4},{"damage":11,"enemies":"3 Cultists","floor":22,"turns":5},{"damage":51,"enemies":"Book of Stabbing","floor":24,"turns":8}],"seed_played":"-3526564083315410505","potions_obtained":[{"floor":3.0,"key":"SpeedPotion"},{"floor":4.0,"key":"LiquidMemories"},{"floor":5.0,"key":"BlessingOfTheForge"},{"floor":14,"key":"LiquidMemories"},{"floor":16,"key":"Ancient Potion"}],"is_trial":false,"path_per_floor":["M","$","M","M","M","R","E","R","T","M","R","?","?","M","R","B",null,"M","$","M","$","M","R","E"],"character_chosen":"DEFECT","items_purchased":["Capacitor","Coolheaded+1","Double Energy+1"],"campfire_rested":1,"item_purchase_floors":[2,19,19],"current_hp_per_floor":[60,60,53,45,43,43,29,29,29,21,21,42,42,38,38,11,51,38,38,38,38,27,46,0,0],"gold":220,"neow_bonus":"REMOVE_TWO","is_daily":false,"chose_seed":false,"campfire_upgraded":4,"win_rate":0.0,"timestamp":1612084834,"path_taken":["M","$","M","M","M","R","E","R","T","M","R","?","?","M","R","BOSS","M","$","M","$","M","R","E"],"items_purchased_type":["Card","Card","Card"],"build_version":"2020-12-22","purchased_purges":0,"victory":false,"max_hp_per_floor":[64,64,64,64,64,64,64,64,64,64,64,64,64,64,64,64,64,64,64,64,64,64,64,64,64],"relic_stats":{"counters":[12,55],"Astrolabe":["Core Surge","Multi-Cast","Steam Power"],"Orichalcum":[66],"obtain_stats":[{"Astrolabe":17,"Orichalcum":7,"Toxic Egg 2":9,"Cracked Core":0},{"Astrolabe":8,"Orichalcum":5,"Toxic Egg 2":5,"Cracked Core":0},{"Astrolabe":34,"Orichalcum":17,"Toxic Egg 2":17,"Cracked Core":0}]},"card_choices":[{"not_picked":["Redo","Coolheaded"],"picked":"Ball Lightning","floor":1.0},{"not_picked":["Blizzard","Gash"],"picked":"Cold Snap","floor":3.0},{"not_picked":["Leap","Doom and Gloom"],"picked":"Sweeping Beam","floor":4.0},{"not_picked":["Aggregate","Stack"],"picked":"Cold Snap","floor":5.0},{"not_picked":["Static Discharge","Cold Snap"],"picked":"Beam Cell","floor":7.0},{"not_picked":["Leap+1","Rebound"],"picked":"BootSequence+1","floor":10.0},{"not_picked":["Beam Cell","Heatsinks"],"picked":"Reinforced Body+1","floor":14},{"not_picked":["Machine Learning","Amplify+1"],"picked":"Core Surge","floor":16},{"not_picked":["Steam Power+1","Beam Cell","Stack+1"],"picked":"SKIP","floor":18},{"not_picked":["Hello World","Force Field+1"],"picked":"Defragment+1","floor":20},{"not_picked":["Scrape+1","Leap+1"],"picked":"Conserve Battery+1","floor":22}],"player_experience":984556,"relics_obtained":[{"floor":7.0,"key":"Orichalcum"},{"floor":9.0,"key":"Toxic Egg 2"}],"event_choices":[{"damage_healed":21.0,"max_hp_gain":0.0,"max_hp_loss":0.0,"gold_gain":0.0,"event_name":"Big Fish","player_choice":"Banana","floor":12.0,"gold_loss":0.0,"damage_taken":0.0},{"damage_healed":0,"gold_gain":0,"player_choice":"Ignored","damage_taken":0,"max_hp_gain":0,"max_hp_loss":0,"event_name":"Shining Light","floor":13,"gold_loss":0}],"is_beta":false,"boss_relics":[{"not_picked":["Cursed Key","Empty Cage"],"picked":"Astrolabe"}],"items_purged_floors":[],"is_endless":false,"potions_floor_spawned":[3,4,5,14,16,22],"killed_by":"Book of Stabbing","ascension_level":20}}