{"host":"y1oqg7uy0jc6f5mb","time":1612093939,"event":{"mods":["BaseMod","Better Altar","Better Match","Better Note","Better Sensory Stone","Better Skull","Better Third Choice","Colored Map","Colored Powertips","Custom Start","Downfall","Highlight Path","Ironclad Rager","Minty Spire (QoL Compilation)","Permanent Neow","Quick Restart","Relic Stats","Replay The Spire","Shop Mod","StSLib"],"gold_per_floor":[109,34,34,50,50,50,125,160,160,160,176,176,188,188,188,283,283,295,306,46,63,77,77,77,77,77],"floor_reached":25,"language":"ENG","playtime":2089,"items_purged":["Strike_P","Strike_P"],"score":231,"play_id":"38ef3ae7-acfd-4355-8108-403660e0d065","local_time":"20210131195219","is_ascension_mode":true,"campfire_choices":[{"data":"Demon Form","floor":6.0,"key":"SMITH"},{"floor":12.0,"key":"REST"},{"floor":15.0,"key":"REST"},{"floor":23.0,"key":"REST"}],"circlet_count":0,"master_deck":["Strike_P","Strike_P","Defend_P","Defend_P","Defend_P","Eruption","Protect","Berserk+1","Demon Form+1","Bash","Fasting2","Consecrate","ThirdEye","MasterReality+1","InnerPeace","ReachHeaven","MentalFortress+1","Halt+1","EmptyBody","Wallop","Replay:AtTheReady+1","Replay:Cycle+1","Mayhem+1"],"relics":["Replay:Bottled Steam","Replay:M_SmolderingBlood","Dead Branch","Frozen Egg 2","bronze:MakeshiftBattery"],"acts_visited":["Exordium","TheCity"],"potions_floor_usage":[],"damage_taken":[{"damage":4.0,"enemies":"Jaw Worm","floor":1.0,"turns":5.0},{"damage":6.0,"enemies":"2 Louse","floor":4.0,"turns":4.0},{"damage":19.0,"enemies":"3 Sentries","floor":8.0,"turns":8.0},{"damage":0.0,"enemies":"Small Slimes","floor":11.0,"turns":3.0},{"damage":10.0,"enemies":"Blue Slaver","floor":13.0,"turns":6.0},{"damage":20.0,"enemies":"Slime Boss","floor":16.0,"turns":6.0},{"damage":10.0,"enemies":"Spheric Guardian","floor":18.0,"turns":5.0},{"damage":0.0,"enemies":"Chosen","floor":19.0,"turns":6.0},{"damage":24.0,"enemies":"3 Cultists","floor":21.0,"turns":7.0},{"damage":37.0,"enemies":"Sentry and Sphere","floor":22.0,"turns":6.0},{"damage":41,"enemies":"Gremlin Leader","floor":25,"turns":4}],"seed_played":"-7450817655758015353","potions_obtained":[{"floor":4.0,"key":"hexamod:SoulburnPotion"},{"floor":8.0,"key":"PowerPotion"},{"floor":18.0,"key":"Adrenaline Potion"},{"floor":21.0,"key":"FearPotion"}],"is_trial":false,"path_per_floor":["M","$","?","M","?","R","?","E","T","?","M","R","M","?","R","B",null,"M","M","$","M","M","R","?","E"],"character_chosen":"WATCHER","items_purchased":["MentalFortress+1","Halt+1","EmptyBody"],"campfire_rested":3,"item_purchase_floors":[20,20,20],"current_hp_per_floor":[75,75,52,46,46,46,35,16,16,16,16,39,29,22,45,25,79,69,69,69,45,8,31,31,0,0],"gold":77,"neow_bonus":"TEN_PERCENT_HP_BONUS","is_daily":false,"chose_seed":false,"campfire_upgraded":1,"win_rate":0.0,"timestamp":1612093939,"path_taken":["M","$","?","M","?","R","?","E","T","?","M","R","?","?","R","BOSS","M","?","$","M","M","R","?","E"],"items_purchased_type":["Card","Card","Card"],"build_version":"2020-12-22","purchased_purges":2,"victory":false,"max_hp_per_floor":[79,79,79,79,79,79,79,79,79,79,79,79,79,79,79,79,79,79,79,79,79,79,79,79,79,79],"relic_stats":{"counters":[11,60],"Dead Branch":[14],"obtain_stats":[{"Replay:M_SmolderingBlood":5,"Dead Branch":8,"PureWater":0,"Frozen Egg 2":9,"bronze:MakeshiftBattery":17,"Replay:Bottled Steam":3},{"Replay:M_SmolderingBlood":2,"Dead Branch":3,"PureWater":0,"Frozen Egg 2":3,"bronze:MakeshiftBattery":6,"Replay:Bottled Steam":1},{"Replay:M_SmolderingBlood":9,"Dead Branch":17,"PureWater":0,"Frozen Egg 2":17,"bronze:MakeshiftBattery":32,"Replay:Bottled Steam":5}]},"card_choices":[{"not_picked":["Crescendo","SashWhip"],"picked":"Protect","floor":1.0},{"not_picked":["Halt","Replay:ManipulateFuture","BowlingBash"],"picked":"SKIP","floor":4.0},{"not_picked":["ConjureBlade","FlyingSleeves"],"picked":"Fasting2","floor":8.0},{"not_picked":["Headbutt","WreathOfFlame"],"picked":"Consecrate","floor":11.0},{"not_picked":["PathToVictory","Searing Blow"],"picked":"ThirdEye","floor":13.0},{"not_picked":["Replay:AllIn","MasterReality+1"],"picked":"DevaForm+1","floor":16.0},{"not_picked":["Indignation","FlurryOfBlows+1"],"picked":"InnerPeace","floor":18.0},{"not_picked":["Worship+1","Replay:Vibes"],"picked":"ReachHeaven","floor":19.0},{"not_picked":["Tantrum","EmptyBody"],"picked":"Wallop","floor":21.0},{"not_picked":["EmptyFist","PathToVictory+1"],"picked":"Replay:AtTheReady+1","floor":22.0},{"not_picked":["MentalFortress+1","WindmillStrike+1"],"picked":"Replay:Cycle+1","floor":24.0},{"not_picked":["Midas Touch+1","Crow Ritual+1"],"picked":"Mayhem+1","floor":24.0}],"player_experience":285169,"relics_obtained":[{"floor":8.0,"key":"Dead Branch"},{"floor":9.0,"key":"Frozen Egg 2"}],"event_choices":[{"damage_healed":0.0,"max_hp_gain":0.0,"max_hp_loss":0.0,"gold_gain":1.0,"event_name":"betterThird:BetterScrap","player_choice":"Card Card Relic ","floor":3.0,"gold_loss":0.0,"damage_taken":23.0,"cards_obtained":["Berserk","Demon Form"]},{"damage_healed":0.0,"max_hp_gain":0.0,"max_hp_loss":0.0,"gold_gain":75.0,"event_name":"betterThird:BetterGoop","player_choice":"Gold","floor":7.0,"gold_loss":0.0,"damage_taken":11.0},{"cards_removed":["Defend_P"],"damage_healed":0.0,"max_hp_gain":0.0,"max_hp_loss":0.0,"gold_gain":0.0,"event_name":"Golden Wing","player_choice":"Card Removal","floor":14.0,"gold_loss":0.0,"damage_taken":7.0},{"damage_healed":0.0,"max_hp_gain":0.0,"max_hp_loss":0.0,"gold_gain":0.0,"event_name":"betterMatch:BetterMatch","player_choice":"2","floor":24.0,"gold_loss":0.0,"damage_taken":0.0,"cards_obtained":["betterMatch:ColorlessRareCard","betterMatch:UncommonCard"]}],"is_beta":false,"boss_relics":[{"not_picked":["Astrolabe","Velvet Choker"],"picked":"bronze:MakeshiftBattery"}],"items_purged_floors":[2,20],"is_endless":false,"potions_floor_spawned":[4,8,18,21],"killed_by":"Gremlin Leader","ascension_level":3}}