{"host":"x5w9zppki4gdwvc7","time":1612094770,"event":{"mods":["AchievementEnabler","BaseMod","Colored Powertips","DeckTracker","Minty Spire (QoL Compilation)","Relic Sorter","SuperFastMode"],"gold_per_floor":[114,114,114,129,144,174,174,204,279,279,294,294,309,84,84,184,184,199,18,33,48,63,63,93,93,93,393,423,423,438,503,128,128,228,228,243,258,273,288,323,323,353,353,378,158,173,173,173,223,223,223],"floor_reached":52,"language":"ENG","playtime":4823,"items_purged":["Strike_R","Strike_R","Defend_R","Defend_R"],"score":784,"play_id":"0e5b9c85-fa89-4e7e-be33-2ffbbccd63d3","local_time":"20210131130610","daily_mods":["Allstar","Diverse","Elite Swarm"],"is_ascension_mode":false,"campfire_choices":[{"data":"Blind","floor":7,"key":"SMITH"},{"data":"Conserve Battery","floor":10,"key":"SMITH"},{"data":"CutThroughFate","floor":12,"key":"SMITH"},{"data":"Conserve Battery","floor":15,"key":"SMITH"},{"data":"Machine Learning","floor":23,"key":"SMITH"},{"data":"Scrawl","floor":25,"key":"SMITH"},{"data":"A Thousand Cuts","floor":33,"key":"SMITH"},{"data":"After Image","floor":41,"key":"SMITH"},{"data":"Barricade","floor":43,"key":"SMITH"},{"data":"Scrape","floor":48,"key":"SMITH"},{"data":"Shrug It Off","floor":50,"key":"SMITH"}],"circlet_count":0,"master_deck":["Strike_R","Strike_R+1","Strike_R","Defend_R","Bash","Discovery","Blind+1","Transmutation+1","Impatience","Panacea","Conserve Battery+1","CutThroughFate+1","Conserve Battery+1","Flex","Machine Learning+1","Footwork","Shrug It Off+1","Scrawl+1","Offering+1","A Thousand Cuts+1","Wireheading","After Image+1","CurseOfTheBell","Blade Dance+1","Whirlwind","Anger","Parasite","Steam+1","FlurryOfBlows+1","Barricade+1","Scrape+1","Distraction+1","Flash of Steel","Panache","Bandage Up+1"],"relics":["Burning Blood","Incense Burner","Self Forming Clay","Bronze Scales","Paper Frog","Chemical X","Sozu","Blood Vial","Potion Belt","Old Coin","Toxic Egg 2","Question Card","Calling Bell","Lantern","Ornamental Fan","Gambling Chip","TungstenRod","Anchor","Ginger"],"acts_visited":["Exordium","TheCity","TheBeyond"],"potions_floor_usage":[16],"damage_taken":[{"damage":0,"enemies":"Small Slimes","floor":1,"turns":3},{"damage":6,"enemies":"Jaw Worm","floor":4,"turns":3},{"damage":1,"enemies":"Cultist","floor":5,"turns":4},{"damage":7,"enemies":"Lagavulin","floor":6,"turns":9},{"damage":16,"enemies":"3 Sentries","floor":8,"turns":14},{"damage":1,"enemies":"Lots of Slimes","floor":11,"turns":4},{"damage":4,"enemies":"3 Louse","floor":13,"turns":4},{"damage":42,"enemies":"Slime Boss","floor":16,"turns":12},{"damage":0,"enemies":"2 Thieves","floor":18,"turns":4},{"damage":2,"enemies":"Shell Parasite","floor":20,"turns":2},{"damage":1,"enemies":"Shelled Parasite and Fungi","floor":21,"turns":7},{"damage":0,"enemies":"Snecko","floor":22,"turns":5},{"damage":34,"enemies":"Gremlin Leader","floor":24,"turns":9},{"damage":0,"enemies":"Slavers","floor":28,"turns":6},{"damage":7,"enemies":"Centurion and Healer","floor":30,"turns":4},{"damage":9,"enemies":"Shelled Parasite and Fungi","floor":31,"turns":4},{"damage":16,"enemies":"Collector","floor":34,"turns":9},{"damage":7,"enemies":"3 Darklings","floor":36,"turns":4},{"damage":6,"enemies":"3 Shapes","floor":37,"turns":3},{"damage":6,"enemies":"Jaw Worm Horde","floor":38,"turns":2},{"damage":10,"enemies":"Writhing Mass","floor":39,"turns":6},{"damage":0,"enemies":"Sphere and 2 Shapes","floor":40,"turns":3},{"damage":9,"enemies":"Giant Head","floor":42,"turns":7},{"damage":12,"enemies":"Transient","floor":46,"turns":5},{"damage":0,"enemies":"Mind Bloom Boss Battle","floor":49,"turns":4},{"damage":19,"enemies":"Awakened One","floor":51,"turns":9}],"seed_played":"7510361231737359051","potions_obtained":[{"floor":4,"key":"BloodPotion"},{"floor":6,"key":"Dexterity Potion"},{"floor":16,"key":"Weak Potion"}],"is_trial":false,"path_per_floor":["M","?","?","M","M","E","R","E","T","R","M","R","M","$","R","B",null,"M","$","M","M","M","R","E","R","T","T","E","?","M","M","$","R","B",null,"M","M","M","M","M","R","E","R","T","$","M","?","R","?","R","B",null],"character_chosen":"IRONCLAD","items_purchased":["Chemical X","Footwork","Question Card","Scrape"],"campfire_rested":0,"item_purchase_floors":[14,19,32,45],"current_hp_per_floor":[80,62,46,46,51,50,50,40,40,40,45,45,47,47,47,27,80,80,80,80,80,80,80,52,52,52,52,60,60,61,60,60,60,52,80,79,80,80,76,80,80,77,77,77,77,73,64,64,78,78,73],"gold":223,"neow_bonus":"","is_daily":true,"chose_seed":false,"campfire_upgraded":11,"win_rate":0.0,"timestamp":1612094770,"path_taken":["M","?","?","M","M","E","R","E","T","R","M","R","M","$","R","BOSS","M","$","M","M","M","R","E","R","T","T","E","?","M","M","$","R","BOSS","M","M","?","M","?","R","E","R","T","$","M","?","R","?","R","BOSS"],"items_purchased_type":["Relic","Card","Relic","Card"],"build_version":"2020-12-22","purchased_purges":4,"victory":true,"max_hp_per_floor":[80,80,80,80,80,80,80,80,80,80,80,80,80,80,80,80,80,80,80,80,80,80,80,80,80,80,80,80,80,80,80,80,80,80,80,80,80,80,80,80,80,80,80,80,80,80,80,80,80,80,80],"card_choices":[{"not_picked":["Prostrate","Prepared"],"picked":"Conserve Battery","floor":1},{"not_picked":["Skewer","Pummel"],"picked":"CutThroughFate","floor":4},{"not_picked":["ReachHeaven","FollowUp"],"picked":"Conserve Battery","floor":5},{"not_picked":["Envenom","Fiend Fire","Grand Finale"],"picked":"SKIP","floor":6},{"not_picked":["Establishment","ConjureBlade","Storm of Steel"],"picked":"SKIP","floor":8},{"not_picked":["Defragment","Warcry","Streamline"],"picked":"SKIP","floor":11},{"not_picked":["ClearTheMind","Cloak And Dagger"],"picked":"Flex","floor":13},{"not_picked":["Grand Finale","DeusExMachina"],"picked":"Machine Learning","floor":16},{"not_picked":["Outmaneuver","BowlingBash","EmptyFist"],"picked":"SKIP","floor":18},{"not_picked":["Uppercut+1","Cleave","SandsOfTime"],"picked":"SKIP","floor":20},{"not_picked":["Backstab+1","Halt"],"picked":"Shrug It Off","floor":21},{"not_picked":["ForeignInfluence","Iron Wave","Clash"],"picked":"SKIP","floor":22},{"not_picked":["Storm of Steel","Judgement"],"picked":"Scrawl","floor":24},{"not_picked":["Establishment","Corpse Explosion+1"],"picked":"Offering+1","floor":28},{"not_picked":["WheelKick+1","CutThroughFate"],"picked":"Wireheading","floor":30},{"not_picked":["Sentinel+1","FollowUp","Steam+1"],"picked":"SKIP","floor":31},{"not_picked":["Wish+1","DeusExMachina+1","Unload"],"picked":"After Image","floor":34},{"not_picked":["Searing Blow+1","Calculated Gamble+1","Quick Slash+1"],"picked":"Blade Dance+1","floor":36},{"not_picked":["Heel Hook","Combust+1","Melter+1"],"picked":"Whirlwind","floor":37},{"not_picked":["Barrage+1","CutThroughFate","Halt+1"],"picked":"Anger","floor":38},{"not_picked":["Consecrate","Cleave","WaveOfTheHand+1"],"picked":"Steam+1","floor":39},{"not_picked":["Reckless Charge+1","Cleave+1","Twin Strike+1"],"picked":"FlurryOfBlows+1","floor":40},{"not_picked":["Ragnarok","ConjureBlade+1","Reaper"],"picked":"Barricade","floor":42},{"not_picked":["Sword Boomerang","Beam Cell","Flying Knee"],"picked":"Distraction+1","floor":46},{"not_picked":["Deep Breath+1","Impatience+1","Enlightenment+1"],"picked":"Flash of Steel","floor":47},{"not_picked":["Flash of Steel","Madness+1","HandOfGreed"],"picked":"Panache","floor":47},{"not_picked":["Trip+1","Thinking Ahead+1","Dramatic Entrance"],"picked":"Bandage Up+1","floor":47}],"player_experience":307784,"relics_obtained":[{"floor":6,"key":"Self Forming Clay"},{"floor":8,"key":"Bronze Scales"},{"floor":9,"key":"Paper Frog"},{"floor":24,"key":"Blood Vial"},{"floor":26,"key":"Potion Belt"},{"floor":27,"key":"Old Coin"},{"floor":28,"key":"Toxic Egg 2"},{"floor":35,"key":"Lantern"},{"floor":35,"key":"Ornamental Fan"},{"floor":35,"key":"Gambling Chip"},{"floor":42,"key":"TungstenRod"},{"floor":44,"key":"Anchor"},{"floor":49,"key":"Ginger"}],"event_choices":[{"damage_healed":0,"gold_gain":0,"player_choice":"Success","damage_taken":18,"relics_obtained":["Incense Burner"],"max_hp_gain":0,"max_hp_loss":0,"event_name":"Scrap Ooze","floor":2,"gold_loss":0},{"damage_healed":0,"gold_gain":0,"player_choice":"Entered Light","damage_taken":16,"max_hp_gain":0,"max_hp_loss":0,"event_name":"Shining Light","floor":3,"gold_loss":0,"cards_upgraded":["Transmutation","Strike_R"]},{"damage_healed":0,"gold_gain":0,"cards_transformed":["Defend_R"],"player_choice":"Transformed","damage_taken":0,"max_hp_gain":0,"max_hp_loss":0,"event_name":"Transmorgrifier","floor":29,"gold_loss":0,"cards_obtained":["A Thousand Cuts"]},{"damage_healed":0,"gold_gain":0,"player_choice":"Memory 3","damage_taken":10,"max_hp_gain":0,"max_hp_loss":0,"event_name":"SensoryStone","floor":47,"gold_loss":0},{"damage_healed":0,"gold_gain":0,"player_choice":"Fight","damage_taken":0,"max_hp_gain":0,"max_hp_loss":0,"event_name":"MindBloom","floor":49,"gold_loss":0}],"is_beta":false,"boss_relics":[{"not_picked":["Mark of Pain","SlaversCollar"],"picked":"Sozu"},{"not_picked":["SacredBark","Velvet Choker"],"picked":"Calling Bell"}],"items_purged_floors":[14,19,32,45],"is_endless":false,"potions_floor_spawned":[4,6,16,21,28,30,31,36,37,39,46],"ascension_level":0}}