{"host":"fdq5pmhluajjrf8d","time":1612134289,"event":{"mods":["BaseMod","Minty Spire (QoL Compilation)"],"gold_per_floor":[114,264,284,284,307,307,330,330,330],"floor_reached":8,"language":"ENG","playtime":229,"items_purged":[],"score":96,"play_id":"9eeae92f-25ce-4d6d-ba53-5950c2909023","local_time":"20210131180449","is_ascension_mode":true,"campfire_choices":[{"floor":6,"key":"DIG"}],"circlet_count":0,"master_deck":["AscendersBane","Strike_B","Strike_B","Strike_B","Strike_B","Defend_B","Defend_B","Defend_B","Defend_B","Zap","Dualcast","Darkness","Doubt","Injury","Machine Learning"],"relics":["Cracked Core","Shovel","Golden Idol","Bird Faced Urn"],"acts_visited":["Exordium"],"potions_floor_usage":[8],"damage_taken":[{"damage":6,"enemies":"2 Louse","floor":1,"turns":4},{"damage":9,"enemies":"Jaw Worm","floor":3,"turns":4},{"damage":12,"enemies":"Cultist","floor":5,"turns":4},{"damage":12,"enemies":"Large Slime","floor":7,"turns":6},{"damage":10,"enemies":"3 Sentries","floor":8,"turns":2}],"seed_played":"108693270217747045","potions_obtained":[{"floor":7,"key":"ColorlessPotion"}],"is_trial":false,"path_per_floor":["M","?","M","?","M","R","M","E"],"character_chosen":"DEFECT","items_purchased":[],"campfire_rested":0,"item_purchase_floors":[],"current_hp_per_floor":[40,40,31,31,19,19,7,0,0],"gold":330,"neow_bonus":"ONE_RARE_RELIC","is_daily":false,"chose_seed":false,"campfire_upgraded":0,"win_rate":0.0,"timestamp":1612134289,"path_taken":["M","?","M","?","M","R","M","E"],"items_purchased_type":[],"build_version":"2020-12-22","purchased_purges":0,"victory":false,"max_hp_per_floor":[71,71,71,71,71,71,71,71,71],"card_choices":[{"not_picked":["Leap","Gash"],"picked":"Darkness","floor":1},{"not_picked":["Compile Driver","Consume","Hologram"],"picked":"SKIP","floor":3},{"not_picked":["Streamline","Rebound","Conserve Battery"],"picked":"SKIP","floor":5},{"not_picked":["Steam","Hello World"],"picked":"Machine Learning","floor":7}],"player_experience":1961125,"relics_obtained":[{"floor":6,"key":"Bird Faced Urn"}],"event_choices":[{"damage_healed":0,"gold_gain":150,"player_choice":"AGREE","damage_taken":0,"max_hp_gain":0,"max_hp_loss":0,"event_name":"Liars Game","floor":2,"gold_loss":0,"cards_obtained":["Doubt"]},{"damage_healed":0,"gold_gain":0,"player_choice":"Take Wound","damage_taken":0,"relics_obtained":["Golden Idol"],"max_hp_gain":0,"max_hp_loss":0,"event_name":"Golden Idol","floor":4,"gold_loss":0,"cards_obtained":["Injury"]}],"is_beta":false,"boss_relics":[],"items_purged_floors":[],"is_endless":false,"potions_floor_spawned":[7],"killed_by":"3 Sentries","ascension_level":20}}