{"host":"gobyjzz6xbwq9f9i","time":1612062782,"event":{"mods":["AchievementEnabler","BaseMod","Bestiary","Colored Map","Minty Spire (QoL Compilation)","Relic Stats"],"gold_per_floor":[109,129,141,153,166,166,198,198,198,216,229,229,262,287,287,408,408,422,445,445,225,238,238,276,294,294,319,343,364,364,398,398,521,521,545,455,479,160,178,209,223,223,223,78,101,101,132,150,150,150],"floor_reached":51,"language":"ENG","playtime":2979,"items_purged":["Strike_P","Strike_P+1"],"score":892,"play_id":"23820441-fe3d-4d30-b5a6-7fdf0c046be7","local_time":"20210130191302","is_ascension_mode":false,"campfire_choices":[{"data":"TalkToTheHand","floor":6.0,"key":"SMITH"},{"data":"TalkToTheHand","floor":12.0,"key":"SMITH"},{"data":"CrushJoints","floor":15.0,"key":"SMITH"},{"data":"BowlingBash","floor":23.0,"key":"SMITH"},{"data":"WaveOfTheHand","floor":32.0,"key":"SMITH"},{"data":"Fasting2","floor":42,"key":"SMITH"},{"floor":46,"key":"RECALL"},{"data":"Defend_P+1","floor":49,"key":"PURGE"}],"circlet_count":0,"master_deck":["Strike_P+1","Strike_P+1","Defend_P+1","Eruption","Vigilance","BowlingBash+1","SashWhip+1","TalkToTheHand+1","Vault","Conclude","TalkToTheHand+1","FlurryOfBlows","EmptyFist","EmptyMind","CrushJoints+1","Vault","WaveOfTheHand+1","FlyingSleeves","FollowUp+1","Tantrum","Scrawl","WheelKick","Omniscience","ThirdEye+1","Fasting2+1","CutThroughFate+1","Meditate","Nirvana+1","Perseverance+1"],"relics":["Velvet Choker","Peace Pipe","Golden Idol","Question Card","Yang","Coffee Dripper","Sling","Bronze Scales","Damaru","Bag of Preparation","Runic Pyramid","Omamori","Prayer Wheel","The Courier","Happy Flower","Regal Pillow"],"acts_visited":["Exordium","TheCity","TheBeyond"],"potions_floor_usage":[50],"damage_taken":[{"damage":0.0,"enemies":"Cultist","floor":1.0,"turns":2.0},{"damage":0.0,"enemies":"Small Slimes","floor":2.0,"turns":2.0},{"damage":1.0,"enemies":"Jaw Worm","floor":3.0,"turns":3.0},{"damage":27.0,"enemies":"Exordium Thugs","floor":4.0,"turns":6.0},{"damage":0.0,"enemies":"3 Louse","floor":5.0,"turns":3.0},{"damage":1.0,"enemies":"3 Sentries","floor":7.0,"turns":4.0},{"damage":1.0,"enemies":"Blue Slaver","floor":10.0,"turns":4.0},{"damage":0.0,"enemies":"Red Slaver","floor":11.0,"turns":1.0},{"damage":0.0,"enemies":"Lagavulin","floor":13.0,"turns":8.0},{"damage":0.0,"enemies":"Exordium Thugs","floor":14.0,"turns":3.0},{"damage":0.0,"enemies":"Hexaghost","floor":16.0,"turns":7.0},{"damage":1.0,"enemies":"Chosen","floor":18.0,"turns":3.0},{"damage":0.0,"enemies":"3 Byrds","floor":19.0,"turns":3.0},{"damage":0.0,"enemies":"Snake Plant","floor":22.0,"turns":5.0},{"damage":0.0,"enemies":"Book of Stabbing","floor":24.0,"turns":5.0},{"damage":0.0,"enemies":"Sentry and Sphere","floor":25.0,"turns":5.0},{"damage":0.0,"enemies":"Centurion and Healer","floor":27.0,"turns":3.0},{"damage":0.0,"enemies":"Cultist and Chosen","floor":28.0,"turns":4.0},{"damage":0.0,"enemies":"Snecko","floor":29.0,"turns":3.0},{"damage":5.0,"enemies":"Gremlin Leader","floor":31.0,"turns":3.0},{"damage":9.0,"enemies":"Automaton","floor":33.0,"turns":10.0},{"damage":0,"enemies":"Orb Walker","floor":35,"turns":2},{"damage":0,"enemies":"3 Darklings","floor":37,"turns":3},{"damage":6,"enemies":"4 Shapes","floor":39,"turns":9},{"damage":0,"enemies":"Giant Head","floor":40,"turns":5},{"damage":0,"enemies":"Transient","floor":41,"turns":5},{"damage":0,"enemies":"Writhing Mass","floor":45,"turns":7},{"damage":0,"enemies":"Reptomancer","floor":47,"turns":4},{"damage":0,"enemies":"Jaw Worm Horde","floor":48,"turns":4},{"damage":27,"enemies":"Time Eater","floor":50,"turns":8}],"seed_played":"-2816541425903354480","potions_obtained":[{"floor":1.0,"key":"DuplicationPotion"},{"floor":5.0,"key":"AttackPotion"},{"floor":10.0,"key":"Fire Potion"},{"floor":14.0,"key":"GamblersBrew"},{"floor":35,"key":"CultistPotion"}],"is_trial":false,"path_per_floor":["M","M","M","M","M","R","E","?","T","M","M","R","E","M","R","B",null,"M","M","?","$","M","R","E","M","T","M","M","M","?","E","R","B",null,"M","?","M","$","M","E","M","R","T","$","M","R","E","M","R","B",null],"character_chosen":"WATCHER","items_purchased":["Sling","Fasting2","Omamori","Meditate","Happy Flower"],"campfire_rested":0,"item_purchase_floors":[21,38,38,44,44],"current_hp_per_floor":[72,72,71,44,44,44,43,43,43,42,42,42,42,42,42,42,67,66,66,66,66,66,66,66,66,66,66,66,66,66,61,61,52,67,67,67,67,67,61,61,61,61,61,61,61,61,61,61,61,34],"gold":150,"neow_bonus":"BOSS_RELIC","is_daily":false,"chose_seed":false,"campfire_upgraded":6,"win_rate":0.0,"timestamp":1612062782,"path_taken":["M","?","M","M","?","R","E","?","T","M","M","R","E","M","R","BOSS","M","M","?","$","M","R","E","M","T","M","?","M","?","E","R","BOSS","M","?","M","$","M","E","M","R","T","$","M","R","E","M","R","BOSS"],"items_purchased_type":["Relic","Card","Relic","Card","Relic"],"build_version":"2020-12-22","purchased_purges":2,"victory":true,"max_hp_per_floor":[72,72,72,72,72,72,72,67,67,67,67,67,67,67,67,67,67,67,67,67,67,67,67,67,67,67,67,67,67,67,67,67,67,67,67,67,67,67,67,67,67,67,67,67,67,67,67,67,67,67],"relic_stats":{"Peace Pipe":2,"Regal Pillow":0,"Happy Flower":[7],"counters":[30,134],"Golden Idol":176,"Bronze Scales":[143],"Yang":[288],"Prayer Wheel":3,"Bag of Preparation":[20],"Question Card":26,"obtain_stats":[{"Regal Pillow":47,"Happy Flower":44,"Golden Idol":8,"Velvet Choker":0,"Damaru":26,"Yang":13,"The Courier":43,"Bag of Preparation":31,"Omamori":38,"Question Card":9,"Sling":21,"Peace Pipe":7,"Bronze Scales":24,"Prayer Wheel":40,"Coffee Dripper":17,"PureWater":0,"Runic Pyramid":34},{"Regal Pillow":28,"Happy Flower":26,"Golden Idol":6,"Velvet Choker":0,"Damaru":16,"Yang":9,"The Courier":26,"Bag of Preparation":20,"Omamori":23,"Question Card":6,"Sling":13,"Peace Pipe":6,"Bronze Scales":15,"Prayer Wheel":25,"Coffee Dripper":11,"PureWater":0,"Runic Pyramid":21},{"Regal Pillow":122,"Happy Flower":111,"Golden Idol":20,"Velvet Choker":0,"Damaru":64,"Yang":33,"The Courier":111,"Bag of Preparation":77,"Omamori":92,"Question Card":20,"Sling":49,"Peace Pipe":20,"Bronze Scales":59,"Prayer Wheel":106,"Coffee Dripper":43,"PureWater":0,"Runic Pyramid":87}]},"card_choices":[{"not_picked":["ReachHeaven","Protect"],"picked":"BowlingBash","floor":1.0},{"not_picked":["ClearTheMind","Nirvana"],"picked":"SashWhip","floor":2.0},{"not_picked":["Halt","JustLucky"],"picked":"TalkToTheHand","floor":3.0},{"not_picked":["EmptyMind","CutThroughFate"],"picked":"Vault","floor":4.0},{"not_picked":["ClearTheMind","Crescendo"],"picked":"Conclude","floor":5.0},{"not_picked":["FlurryOfBlows","Crescendo"],"picked":"TalkToTheHand","floor":7.0},{"not_picked":["Halt","Judgement","JustLucky"],"picked":"FlurryOfBlows","floor":10.0},{"not_picked":["Protect","BowlingBash","ThirdEye"],"picked":"EmptyFist","floor":11.0},{"not_picked":["BowlingBash","Consecrate","FlurryOfBlows"],"picked":"EmptyMind","floor":13.0},{"not_picked":["Conclude","SpiritShield","Worship"],"picked":"CrushJoints","floor":14.0},{"not_picked":["Brilliance","Establishment","DeusExMachina"],"picked":"Vault","floor":16.0},{"not_picked":["CrushJoints","ForeignInfluence","LikeWater"],"picked":"WaveOfTheHand","floor":18.0},{"not_picked":["CutThroughFate","CrushJoints+1","Evaluate"],"picked":"FlyingSleeves","floor":19.0},{"not_picked":["SandsOfTime","Wish","Halt"],"picked":"FollowUp+1","floor":22.0},{"not_picked":["FlyingSleeves","Sanctity","Evaluate","FollowUp+1"],"picked":"SKIP","floor":24.0},{"not_picked":["Wireheading","EmptyFist","Crescendo+1"],"picked":"Tantrum","floor":25.0},{"not_picked":["WreathOfFlame","JustLucky","Prostrate","EmptyBody"],"picked":"SKIP","floor":27.0},{"not_picked":["Wallop","ForeignInfluence","Protect"],"picked":"Scrawl","floor":28.0},{"not_picked":["BowlingBash","CrushJoints","FlurryOfBlows"],"picked":"WheelKick","floor":29.0},{"not_picked":["Weave","FlurryOfBlows","SignatureMove","ForeignInfluence+1"],"picked":"SKIP","floor":31.0},{"not_picked":["ConjureBlade","Vault","Establishment"],"picked":"Omniscience","floor":33.0},{"not_picked":["BattleHymn+1","Vengeance","WindmillStrike","ClearTheMind+1"],"picked":"SKIP","floor":35},{"not_picked":["PathToVictory","Tantrum+1","Collect"],"picked":"ThirdEye+1","floor":37},{"not_picked":["Halt+1","Pray+1","Crescendo"],"picked":"CutThroughFate+1","floor":39},{"not_picked":["Crescendo","PathToVictory+1","Protect","CutThroughFate+1"],"picked":"SKIP","floor":40},{"not_picked":["FlyingSleeves","Prostrate","WaveOfTheHand+1","SandsOfTime+1"],"picked":"SKIP","floor":41},{"not_picked":["Omniscience","FollowUp+1","SashWhip+1","Consecrate+1"],"picked":"SKIP","floor":41},{"not_picked":["Study","EmptyBody+1","Consecrate+1"],"picked":"Nirvana+1","floor":45},{"not_picked":["Halt+1","ThirdEye","ClearTheMind+1","BattleHymn"],"picked":"SKIP","floor":45},{"not_picked":["EmptyFist+1","Scrawl","Protect+1","Consecrate"],"picked":"SKIP","floor":47},{"not_picked":["BattleHymn+1","Evaluate+1","Pray+1"],"picked":"Perseverance+1","floor":48},{"not_picked":["Adaptation+1","CrushJoints+1","FlurryOfBlows+1","BowlingBash"],"picked":"SKIP","floor":48}],"player_experience":1224131,"relics_obtained":[{"floor":7.0,"key":"Peace Pipe"},{"floor":9.0,"key":"Question Card"},{"floor":13.0,"key":"Yang"},{"floor":24.0,"key":"Bronze Scales"},{"floor":26.0,"key":"Damaru"},{"floor":31.0,"key":"Bag of Preparation"},{"floor":40,"key":"Prayer Wheel"},{"floor":43,"key":"The Courier"},{"floor":47,"key":"Regal Pillow"}],"event_choices":[{"damage_healed":0.0,"max_hp_gain":0.0,"max_hp_loss":5.0,"gold_gain":0.0,"event_name":"Golden Idol","player_choice":"Lose Max HP","floor":8.0,"gold_loss":0.0,"damage_taken":0.0,"relics_obtained":["Golden Idol"]},{"cards_removed":["Defend_P"],"damage_healed":0.0,"max_hp_gain":0.0,"max_hp_loss":0.0,"gold_gain":0.0,"event_name":"Purifier","player_choice":"Purged","floor":20.0,"gold_loss":0.0,"damage_taken":0.0},{"damage_healed":0.0,"max_hp_gain":0.0,"max_hp_loss":0.0,"gold_gain":0.0,"event_name":"Back to Basics","player_choice":"Simplicity","floor":30.0,"gold_loss":0.0,"damage_taken":0.0,"cards_upgraded":["Strike_P","Strike_P","Strike_P","Defend_P","Defend_P","Defend_P"]},{"cards_removed":["Defend_P"],"damage_healed":0,"gold_gain":0,"player_choice":"Upgrade and Remove","damage_taken":0,"max_hp_gain":0,"max_hp_loss":0,"event_name":"Designer","floor":36,"gold_loss":90,"cards_upgraded":["SashWhip"]}],"is_beta":false,"boss_relics":[{"not_picked":["Snecko Eye","Empty Cage"],"picked":"Coffee Dripper"},{"not_picked":["Busted Crown","Pandora\u0027s Box"],"picked":"Runic Pyramid"}],"items_purged_floors":[21,38],"is_endless":false,"potions_floor_spawned":[1,5,10,13,14,19,25,27,29,33,35,45],"ascension_level":0}}