{"host":"b34lfm0pg36jv5no","time":1612127022,"event":{"mods":["BaseMod","Bestiary","Colored Map","Dark Map","Minty Spire (QoL Compilation)","Relic Stats","ojb\u0027s Info Mod"],"gold_per_floor":[109,128,146,146,160,160,160,160,160,160,198,211,236,270,270,396,396,411,41,116,139,152,196,220,264,264,285,285,319,319,347,347,451,451,471,471,411,411,485,516,516,550,600,600,410,410,291,305,305,305,305,305,5,40,40],"floor_reached":56,"language":"ENG","playtime":5143,"items_purged":["Quick Slash+1"],"score":1610,"play_id":"b448d7ee-8e82-426c-90c0-db0b69ff8859","local_time":"20210131210342","is_ascension_mode":true,"campfire_choices":[{"data":"Deadly Poison","floor":6,"key":"SMITH"},{"data":"Underhanded Strike","floor":10,"key":"SMITH"},{"data":"Leg Sweep","floor":15,"key":"SMITH"},{"data":"Blade Dance","floor":28,"key":"SMITH"},{"data":"Blade Dance","floor":32,"key":"SMITH"},{"data":"Catalyst","floor":41,"key":"SMITH"},{"data":"Leg Sweep","floor":44,"key":"SMITH"},{"data":"Noxious Fumes","floor":46,"key":"SMITH"},{"floor":49,"key":"RECALL"},{"data":"Well Laid Plans","floor":52,"key":"SMITH"}],"circlet_count":0,"master_deck":["Survivor","Underhanded Strike+1","Deadly Poison+1","Envenom","Underhanded Strike+1","Leg Sweep+1","Envenom","Dagger Spray+1","Acrobatics","Poisoned Stab+1","Eviscerate+1","Dagger Throw+1","Malaise","Blade Dance+1","Underhanded Strike+1","Reflex","Blade Dance+1","Acrobatics+1","PiercingWail","Predator+1","Predator+1","Bullet Time","Catalyst+1","Eviscerate+1","Underhanded Strike+1","Leg Sweep+1","Noxious Fumes+1","Secret Technique","Well Laid Plans+1","Footwork","Leg Sweep"],"relics":["Snecko Eye","Bloody Idol","Letter Opener","FossilizedHelix","Molten Egg 2","Pear","Pandora\u0027s Box","Membership Card","Orichalcum","Prayer Wheel","Bird Faced Urn","StoneCalendar","InkBottle","Du-Vu Doll","Juzu Bracelet","HoveringKite","White Beast Statue","Eternal Feather","Omamori","Frozen Eye","Oddly Smooth Stone","Bronze Scales","Lee\u0027s Waffle","Anchor"],"acts_visited":["Exordium","TheCity","TheBeyond","TheEnding"],"potions_floor_usage":[23,48,54,55,55,55],"damage_taken":[{"damage":0,"enemies":"Jaw Worm","floor":1,"turns":4},{"damage":0,"enemies":"2 Louse","floor":2,"turns":2},{"damage":0,"enemies":"Cultist","floor":3,"turns":3},{"damage":0,"enemies":"2 Fungi Beasts","floor":5,"turns":4},{"damage":3,"enemies":"Lagavulin","floor":11,"turns":5},{"damage":0,"enemies":"Blue Slaver","floor":12,"turns":3},{"damage":4,"enemies":"3 Louse","floor":13,"turns":2},{"damage":14,"enemies":"3 Sentries","floor":14,"turns":8},{"damage":21,"enemies":"Hexaghost","floor":16,"turns":8},{"damage":0,"enemies":"3 Byrds","floor":18,"turns":3},{"damage":0,"enemies":"Spheric Guardian","floor":21,"turns":3},{"damage":7,"enemies":"Shelled Parasite and Fungi","floor":22,"turns":2},{"damage":0,"enemies":"Book of Stabbing","floor":23,"turns":3},{"damage":0,"enemies":"Snecko","floor":24,"turns":2},{"damage":7,"enemies":"Slavers","floor":25,"turns":3},{"damage":0,"enemies":"Snake Plant","floor":27,"turns":2},{"damage":0,"enemies":"Gremlin Leader","floor":29,"turns":3},{"damage":0,"enemies":"Book of Stabbing","floor":31,"turns":3},{"damage":0,"enemies":"Collector","floor":33,"turns":2},{"damage":0,"enemies":"Orb Walker","floor":35,"turns":1},{"damage":0,"enemies":"Nemesis","floor":40,"turns":3},{"damage":0,"enemies":"Giant Head","floor":42,"turns":5},{"damage":8,"enemies":"3 Shapes","floor":48,"turns":4},{"damage":25,"enemies":"Time Eater","floor":50,"turns":5},{"damage":13,"enemies":"Shield and Spear","floor":54,"turns":5},{"damage":13,"enemies":"The Heart","floor":55,"turns":7}],"seed_played":"4501343082386144721","potions_obtained":[{"floor":1,"key":"LiquidMemories"},{"floor":14,"key":"Strength Potion"},{"floor":16,"key":"Weak Potion"},{"floor":23,"key":"Block Potion"},{"floor":29,"key":"Swift Potion"},{"floor":42,"key":"PowerPotion"},{"floor":48,"key":"SteroidPotion"},{"floor":54,"key":"GamblersBrew"}],"is_trial":false,"path_per_floor":["M","M","M","?","M","R","?","T","T","R","E","M","M","E","R","B",null,"M","$","?","M","M","E","M","E","T","M","R","E","?","E","R","B",null,"M","?","?","?","T","E","R","E","T","R","$","R","$","M","R","B",null,"R","$","E","B",null],"character_chosen":"THE_SILENT","items_purchased":["Membership Card","Orichalcum","Prayer Wheel","Frozen Eye","Oddly Smooth Stone","Noxious Fumes","Secret Technique","Well Laid Plans","Bronze Scales","Footwork","Leg Sweep","Lee\u0027s Waffle","CultistPotion"],"campfire_rested":0,"item_purchase_floors":[19,19,19,45,45,45,47,47,53,53,53,53,53],"current_hp_per_floor":[70,70,70,75,75,75,69,69,69,69,66,66,62,58,58,37,79,79,79,72,72,65,65,67,64,64,64,64,66,66,75,75,79,79,79,69,69,69,74,79,79,79,79,79,79,79,79,78,79,58,79,79,86,82,73],"gold":40,"neow_bonus":"BOSS_RELIC","is_daily":false,"chose_seed":false,"campfire_upgraded":9,"win_rate":0.0,"timestamp":1612127022,"path_taken":["M","M","M","?","M","R","?","?","T","R","E","M","M","E","R","BOSS","M","$","?","?","M","E","M","E","T","M","R","E","?","E","R","BOSS","M","?","?","?","?","E","R","E","T","R","?","R","$","M","R","BOSS","R","$","E","BOSS"],"items_purchased_type":["Relic","Relic","Relic","Relic","Relic","Card","Card","Card","Relic","Card","Card","Relic","Potion"],"build_version":"2020-12-22","purchased_purges":1,"victory":true,"max_hp_per_floor":[70,70,70,75,75,75,69,69,69,69,69,69,69,79,79,79,79,79,79,79,79,79,79,79,79,79,79,79,79,79,79,79,79,79,79,79,79,79,79,79,79,79,79,79,79,79,79,79,79,79,79,79,86,86,86],"relic_stats":{"Lee\u0027s Waffle":7,"counters":[26,95],"HoveringKite":[17],"StoneCalendar":[0],"Eternal Feather":1,"Juzu Bracelet":1,"Letter Opener":[221],"Orichalcum":[150],"Bloody Idol":21,"Bird Faced Urn":[34],"Bronze Scales":[102],"Snecko Eye":[203,173,196,167],"Pandora\u0027s Box":["Dagger Spray","Acrobatics","Poisoned Stab","Eviscerate","Dagger Throw","Malaise","Blade Dance","Quick Slash","Underhanded Strike","Skewer"],"Prayer Wheel":6,"obtain_stats":[{"HoveringKite":34,"StoneCalendar":25,"Juzu Bracelet":31,"Frozen Eye":45,"Prayer Wheel":19,"InkBottle":26,"Ring of the Snake":0,"Lee\u0027s Waffle":53,"Pear":14,"Golden Idol":7,"Oddly Smooth Stone":45,"Eternal Feather":40,"Omamori":42,"Letter Opener":8,"Orichalcum":19,"White Beast Statue":39,"Du-Vu Doll":29,"Anchor":54,"Bird Faced Urn":23,"Bloody Idol":30,"Bronze Scales":53,"Snecko Eye":0,"Molten Egg 2":11,"Pandora\u0027s Box":17,"Membership Card":19,"FossilizedHelix":9},{"HoveringKite":19,"StoneCalendar":15,"Juzu Bracelet":18,"Frozen Eye":22,"Prayer Wheel":10,"InkBottle":15,"Ring of the Snake":0,"Lee\u0027s Waffle":24,"Pear":8,"Golden Idol":4,"Oddly Smooth Stone":22,"Eternal Feather":21,"Omamori":22,"Letter Opener":4,"Orichalcum":10,"White Beast Statue":20,"Du-Vu Doll":17,"Anchor":25,"Bird Faced Urn":13,"Bloody Idol":17,"Bronze Scales":24,"Snecko Eye":0,"Molten Egg 2":5,"Pandora\u0027s Box":9,"Membership Card":10,"FossilizedHelix":4},{"HoveringKite":65,"StoneCalendar":55,"Juzu Bracelet":63,"Frozen Eye":74,"Prayer Wheel":42,"InkBottle":55,"Ring of the Snake":0,"Lee\u0027s Waffle":83,"Pear":31,"Golden Idol":13,"Oddly Smooth Stone":74,"Eternal Feather":69,"Omamori":74,"Letter Opener":13,"Orichalcum":42,"White Beast Statue":66,"Du-Vu Doll":60,"Anchor":88,"Bird Faced Urn":50,"Bloody Idol":60,"Bronze Scales":83,"Snecko Eye":0,"Molten Egg 2":18,"Pandora\u0027s Box":39,"Membership Card":42,"FossilizedHelix":13}],"InkBottle":[21]},"card_choices":[{"not_picked":["Endless Agony","Dagger Spray","Acrobatics"],"picked":"SKIP","floor":1},{"not_picked":["Bane","Setup"],"picked":"Underhanded Strike","floor":2},{"not_picked":["Sucker Punch","Dagger Spray","Poisoned Stab"],"picked":"SKIP","floor":3},{"not_picked":["Caltrops","Backflip"],"picked":"Deadly Poison","floor":5},{"not_picked":["Cloak And Dagger","A Thousand Cuts"],"picked":"Envenom","floor":11},{"not_picked":["Sucker Punch+1","Finisher+1"],"picked":"Underhanded Strike+1","floor":12},{"not_picked":["Bane+1","Escape Plan","Flying Knee+1"],"picked":"SKIP","floor":13},{"not_picked":["Prepared","Endless Agony+1"],"picked":"Leg Sweep","floor":14},{"not_picked":["After Image","Grand Finale+1"],"picked":"Envenom","floor":16},{"not_picked":["Escape Plan","Blur","Quick Slash+1"],"picked":"SKIP","floor":18},{"not_picked":["Poisoned Stab+1","Finisher+1"],"picked":"Reflex","floor":21},{"not_picked":["Underhanded Strike+1","Setup","Calculated Gamble+1"],"picked":"SKIP","floor":21},{"not_picked":["Deadly Poison","Prepared"],"picked":"Blade Dance","floor":22},{"not_picked":["Sucker Punch+1","Eviscerate+1"],"picked":"Acrobatics+1","floor":22},{"not_picked":["Glass Knife+1","Flechettes+1","Bane+1"],"picked":"SKIP","floor":23},{"not_picked":["Dagger Throw+1","Bane+1"],"picked":"PiercingWail","floor":24},{"not_picked":["Dodge and Roll","Expertise","Blur"],"picked":"SKIP","floor":24},{"not_picked":["Dodge and Roll","Expertise","Blur"],"picked":"SKIP","floor":24},{"not_picked":["Terror+1","Sucker Punch+1"],"picked":"Predator+1","floor":25},{"not_picked":["Deflect","Poisoned Stab+1","Choke+1"],"picked":"SKIP","floor":27},{"not_picked":["Blade Dance","Distraction","Dagger Spray+1"],"picked":"SKIP","floor":27},{"not_picked":["Quick Slash+1","Unload+1"],"picked":"Predator+1","floor":29},{"not_picked":["Underhanded Strike+1","Dagger Spray+1","Infinite Blades+1"],"picked":"SKIP","floor":31},{"not_picked":["Doppelganger","A Thousand Cuts"],"picked":"Bullet Time","floor":33},{"not_picked":["Distraction+1","Quick Slash+1"],"picked":"Catalyst","floor":35},{"not_picked":["Deflect+1","Outmaneuver+1","Dodge and Roll"],"picked":"SKIP","floor":35},{"not_picked":["Escape Plan+1","Quick Slash+1"],"picked":"Leg Sweep","floor":40},{"not_picked":["Slice+1","Acrobatics+1","Deflect"],"picked":"SKIP","floor":42},{"not_picked":["Blade Dance","Dagger Spray+1","Riddle With Holes+1"],"picked":"SKIP","floor":48},{"not_picked":["Distraction","Outmaneuver","Dodge and Roll"],"picked":"SKIP","floor":48},{"not_picked":["Noxious Fumes","Dagger Throw+1","Dagger Spray+1"],"picked":"SKIP","floor":54}],"player_experience":2582488,"relics_obtained":[{"floor":8,"key":"Letter Opener"},{"floor":9,"key":"FossilizedHelix"},{"floor":11,"key":"Molten Egg 2"},{"floor":14,"key":"Pear"},{"floor":23,"key":"Bird Faced Urn"},{"floor":25,"key":"StoneCalendar"},{"floor":26,"key":"InkBottle"},{"floor":29,"key":"Du-Vu Doll"},{"floor":31,"key":"Juzu Bracelet"},{"floor":39,"key":"White Beast Statue"},{"floor":40,"key":"Eternal Feather"},{"floor":42,"key":"Omamori"},{"floor":54,"key":"Anchor"}],"event_choices":[{"damage_healed":0,"gold_gain":0,"player_choice":"Donut","damage_taken":0,"max_hp_gain":5,"max_hp_loss":0,"event_name":"Big Fish","floor":4,"gold_loss":0},{"damage_healed":0,"gold_gain":0,"player_choice":"Lose Max HP","damage_taken":0,"relics_obtained":["Golden Idol"],"max_hp_gain":0,"max_hp_loss":6,"event_name":"Golden Idol","floor":7,"gold_loss":0},{"damage_healed":0,"gold_gain":75,"player_choice":"Touch","damage_taken":7,"max_hp_gain":0,"max_hp_loss":0,"event_name":"FaceTrader","floor":20,"gold_loss":0},{"damage_healed":0,"gold_gain":0,"player_choice":"Gave Idol","damage_taken":0,"relics_obtained":["Bloody Idol"],"max_hp_gain":0,"max_hp_loss":0,"event_name":"Forgotten Altar","floor":30,"relics_lost":["Golden Idol"],"gold_loss":0},{"damage_healed":0,"gold_gain":0,"player_choice":"Memory 3","damage_taken":10,"max_hp_gain":0,"max_hp_loss":0,"event_name":"SensoryStone","floor":36,"gold_loss":0},{"damage_healed":0,"gold_gain":0,"cards_transformed":["Neutralize","Skewer"],"player_choice":"Transformed Cards","damage_taken":0,"max_hp_gain":0,"max_hp_loss":0,"event_name":"Designer","floor":37,"gold_loss":60,"cards_obtained":["Eviscerate","Underhanded Strike"]},{"damage_healed":0,"gold_gain":0,"player_choice":"Ignored","damage_taken":0,"max_hp_gain":0,"max_hp_loss":0,"event_name":"Tomb of Lord Red Mask","floor":38,"gold_loss":0}],"is_beta":false,"boss_relics":[{"not_picked":["Tiny House","Busted Crown"],"picked":"Pandora\u0027s Box"},{"not_picked":["Velvet Choker","Fusion Hammer"],"picked":"HoveringKite"}],"items_purged_floors":[53],"is_endless":false,"potions_floor_spawned":[1,14,16,18,22,23,29,33,40,42,48,54],"ascension_level":2}}