{"host":"nnmmiiw4bez2c8ei","time":1612076038,"event":{"mods":["AchievementEnabler","BaseMod","Colored Map","Colored Powertips","Minty Spire (QoL Compilation)","Rare Cards Sparkle","StSLib"],"gold_per_floor":[118,293,147,164,164,193,193,204,272,10,20,20,20,61,61,190,190,213,256,47,82,82,82,82],"floor_reached":23,"language":"KOR","playtime":736,"items_purged":["Doubt","Strike_B","Strike_B"],"score":270,"play_id":"973b6c00-2c10-4f39-ae0d-2300aabee5e8","local_time":"20210131155358","is_ascension_mode":true,"campfire_choices":[{"data":"Zap","floor":7,"key":"SMITH"},{"data":"Dualcast","floor":15,"key":"SMITH"}],"circlet_count":0,"master_deck":["Strike_B","Strike_B","Defend_B","Defend_B","Defend_B","Defend_B","Zap+1","Dualcast+1","Loop","Defragment+1","Sweeping Beam","Conserve Battery","HandOfGreed","Injury","Defragment","Shame"],"relics":["Cracked Core","NeowsBlessing","Toy Ornithopter","Singing Bowl","Golden Idol","Coffee Dripper","Anchor"],"acts_visited":["Exordium","TheCity"],"potions_floor_usage":[16,18,19,21,23],"damage_taken":[{"damage":0,"enemies":"Small Slimes","floor":1,"turns":1},{"damage":0,"enemies":"Jaw Worm","floor":4,"turns":1},{"damage":0,"enemies":"3 Sentries","floor":6,"turns":1},{"damage":0,"enemies":"Cultist","floor":8,"turns":3},{"damage":0,"enemies":"2 Fungi Beasts","floor":11,"turns":3},{"damage":16,"enemies":"Exordium Wildlife","floor":14,"turns":5},{"damage":59,"enemies":"Slime Boss","floor":16,"turns":9},{"damage":7,"enemies":"Chosen","floor":18,"turns":4},{"damage":34,"enemies":"Shell Parasite","floor":19,"turns":7},{"damage":22,"enemies":"Snecko","floor":21,"turns":5},{"damage":33,"enemies":"Book of Stabbing","floor":23,"turns":4}],"seed_played":"6656943892243063441","potions_obtained":[{"floor":1,"key":"LiquidMemories"},{"floor":4,"key":"AttackPotion"},{"floor":11,"key":"FearPotion"},{"floor":21,"key":"Swift Potion"}],"is_trial":false,"path_per_floor":["M","?","$","M","?","E","R","M","T","$","M","?","$","M","R","B",null,"M","M","$","M","?","E"],"character_chosen":"DEFECT","items_purchased":["Defragment","HandOfGreed","Defragment","PowerPotion"],"campfire_rested":0,"item_purchase_floors":[3,10,20,20],"current_hp_per_floor":[75,75,75,75,75,75,75,75,75,75,77,77,77,63,63,11,64,64,37,37,22,22,0,0],"gold":82,"neow_bonus":"THREE_ENEMY_KILL","is_daily":false,"chose_seed":false,"campfire_upgraded":2,"win_rate":0.0,"timestamp":1612076038,"path_taken":["M","?","$","M","?","E","R","M","T","$","?","?","?","?","R","BOSS","M","M","$","?","?","E"],"items_purchased_type":["Card","Card","Card","Potion"],"build_version":"2020-12-22","purchased_purges":3,"victory":false,"max_hp_per_floor":[75,75,75,75,75,75,75,75,75,75,77,77,77,79,79,81,81,83,85,85,87,87,87,87],"card_choices":[{"not_picked":["Turbo","Streamline"],"picked":"Loop","floor":1},{"not_picked":["Hello World","Sunder"],"picked":"Sweeping Beam","floor":4},{"not_picked":["Hyperbeam","Barrage","Hologram"],"picked":"SKIP","floor":6},{"not_picked":["Steam","Cold Snap"],"picked":"Conserve Battery","floor":8},{"not_picked":["Darkness","Glacier","Hologram"],"picked":"Singing Bowl","floor":11},{"not_picked":["Fusion","Static Discharge","Rebound"],"picked":"Singing Bowl","floor":14},{"not_picked":["Thunder Strike","Meteor Strike","Reboot"],"picked":"Singing Bowl","floor":16},{"not_picked":["Gash+1","Stack","Beam Cell"],"picked":"Singing Bowl","floor":18},{"not_picked":["Undo","Turbo","Barrage+1"],"picked":"Singing Bowl","floor":19},{"not_picked":["Barrage","Rebound","Steam+1"],"picked":"Singing Bowl","floor":21}],"player_experience":500802,"relics_obtained":[{"floor":6,"key":"Toy Ornithopter"},{"floor":9,"key":"Singing Bowl"}],"event_choices":[{"damage_healed":0,"gold_gain":175,"player_choice":"AGREE","damage_taken":0,"max_hp_gain":0,"max_hp_loss":0,"event_name":"Liars Game","floor":2,"gold_loss":0,"cards_obtained":["Doubt"]},{"damage_healed":0,"gold_gain":0,"player_choice":"Upgraded","damage_taken":0,"max_hp_gain":0,"max_hp_loss":0,"event_name":"Upgrade Shrine","floor":5,"gold_loss":0,"cards_upgraded":["Defragment"]},{"damage_healed":0,"gold_gain":0,"player_choice":"Take Wound","damage_taken":0,"relics_obtained":["Golden Idol"],"max_hp_gain":0,"max_hp_loss":0,"event_name":"Golden Idol","floor":12,"gold_loss":0,"cards_obtained":["Injury"]},{"damage_healed":0,"gold_gain":0,"player_choice":"Stole Relic","damage_taken":0,"relics_obtained":["Anchor"],"max_hp_gain":0,"max_hp_loss":0,"event_name":"Addict","floor":22,"gold_loss":0,"cards_obtained":["Shame"]}],"is_beta":false,"boss_relics":[{"not_picked":["Runic Pyramid","Ectoplasm"],"picked":"Coffee Dripper"}],"items_purged_floors":[3,10,20],"is_endless":false,"potions_floor_spawned":[1,4,11,14,21],"killed_by":"Book of Stabbing","ascension_level":5}}