{"host":"osk2oboccoevp2u5","time":1612060975,"event":{"mods":["AchievementEnabler","Alarm Clock","BaseMod","Colored Powertips","Disable Question Mark Monsters","Displayed Cursed Tome","Hermit","Key Reminder","Minty Spire (QoL Compilation)","Potion Indicator Mod","Quick Restart","Rare Cards Sparkle","Reorder Act Four","StSLib","Useless Jewels Mod"],"gold_per_floor":[115,125,145,16,30,58,58,87,87,102,102,127,127,127,127,225,225,241,241,8,19,19,48,48,48,100,113,131,143,242,69,69,166,166,181,231,5,0,16,16,16,16,40,40,58,58,6,19,19,19,19],"floor_reached":50,"language":"ENG","playtime":3440,"items_purged":["hermit:Strike_Hermit","Pain","hermit:Defend_Hermit","hermit:Defend_Hermit"],"score":654,"play_id":"efe09029-85c9-4060-b44e-cd2f5f41edc2","local_time":"20210130224255","is_ascension_mode":true,"campfire_choices":[{"data":"hermit:Deadeye","floor":7.0,"key":"SMITH"},{"data":"hermit:Covet","floor":11.0,"key":"SMITH"},{"floor":15.0,"key":"REST"},{"floor":24.0,"key":"REST"},{"floor":32.0,"key":"REST"},{"data":"hermit:Roughhouse","floor":40.0,"key":"SMITH"},{"data":"hermit:Vantage","floor":42.0,"key":"SMITH"},{"data":"Apotheosis","floor":44.0,"key":"SMITH"},{"data":"hermit:Roulette","floor":46.0,"key":"SMITH"},{"floor":49.0,"key":"REST"}],"circlet_count":0,"master_deck":["hermit:Strike_Hermit+1","hermit:Defend_Hermit","hermit:Defend_Hermit","hermit:Snapshot","hermit:Covet+1","hermit:Combo","hermit:Deadeye+1","hermit:Headshot","hermit:Headshot","hermit:Vantage+1","hermit:Vantage+1","hermit:Roughhouse+1","CurseOfTheBell","hermit:Headshot","hermit:BigShot","hermit:Snipe","hermit:BlackWind","hermit:Malice","hermit:TrackingShot+1","hermit:Combo","hermit:Snipe","Apotheosis+1","Parasite","hermit:Roulette+1","hermit:Midnight+1"],"relics":["hermit:BartenderGlass","Bag of Preparation","Orichalcum","Ornamental Fan","hermit:Horseshoe","WarpedTongs","Calling Bell","MealTicket","HornCleat","WingedGreaves","Gremlin Horn","Sundial","PreservedInsect","Calipers","Red Mask","Oddly Smooth Stone"],"acts_visited":["Exordium","TheCity","TheBeyond"],"potions_floor_usage":[50,50],"damage_taken":[{"damage":0.0,"enemies":"Small Slimes","floor":1.0,"turns":3.0},{"damage":6.0,"enemies":"Cultist","floor":2.0,"turns":4.0},{"damage":1.0,"enemies":"2 Louse","floor":3.0,"turns":4.0},{"damage":6.0,"enemies":"Blue Slaver","floor":5.0,"turns":4.0},{"damage":3.0,"enemies":"3 Sentries","floor":6.0,"turns":6.0},{"damage":0.0,"enemies":"Gremlin Nob","floor":8.0,"turns":2.0},{"damage":10.0,"enemies":"Exordium Wildlife","floor":10.0,"turns":4.0},{"damage":3.0,"enemies":"Lagavulin","floor":12.0,"turns":5.0},{"damage":27.0,"enemies":"Hexaghost","floor":16.0,"turns":7.0},{"damage":5.0,"enemies":"Chosen","floor":18.0,"turns":4.0},{"damage":2.0,"enemies":"Spheric Guardian","floor":21.0,"turns":4.0},{"damage":11.0,"enemies":"Slavers","floor":23.0,"turns":4.0},{"damage":14.0,"enemies":"Centurion and Healer","floor":27.0,"turns":6.0},{"damage":41.0,"enemies":"Cultist and Chosen","floor":28.0,"turns":9.0},{"damage":0.0,"enemies":"Sentry and Sphere","floor":29.0,"turns":3.0},{"damage":29.0,"enemies":"Champ","floor":33.0,"turns":9.0},{"damage":1.0,"enemies":"Orb Walker","floor":35.0,"turns":4.0},{"damage":0.0,"enemies":"Mind Bloom Boss Battle","floor":36.0,"turns":5.0},{"damage":5.0,"enemies":"3 Shapes","floor":39.0,"turns":5.0},{"damage":15.0,"enemies":"Writhing Mass","floor":45.0,"turns":5.0},{"damage":33.0,"enemies":"Transient","floor":48.0,"turns":5.0},{"damage":200,"enemies":"Time Eater","floor":50,"turns":16}],"seed_played":"3568384989505262479","potions_obtained":[{"floor":3.0,"key":"Fire Potion"},{"floor":5.0,"key":"FearPotion"},{"floor":6.0,"key":"AttackPotion"},{"floor":12.0,"key":"AttackPotion"},{"floor":16.0,"key":"Swift Potion"},{"floor":28.0,"key":"DistilledChaos"},{"floor":29.0,"key":"hermit:Tonic"},{"floor":35.0,"key":"GamblersBrew"},{"floor":36.0,"key":"AttackPotion"}],"is_trial":false,"path_per_floor":["M","M","M","$","M","E","R","E","T","M","R","E","?","?","R","B",null,"M","T","$","M","?","E","R","?","T","M","M","M","?","$","R","B",null,"M","?","$","?","M","R","?","R","T","R","M","R","$","M","R","B"],"character_chosen":"HERMIT","items_purchased":["hermit:Headshot","hermit:Headshot","hermit:BigShot","hermit:Snipe","Swift Potion","hermit:Combo","FearPotion"],"campfire_rested":4,"item_purchase_floors":[4,20,20,20,31,37,47],"current_hp_per_floor":[68,62,61,61,55,67,67,67,67,57,57,54,39,39,61,34,65,60,60,75,73,59,48,72,72,72,58,17,17,17,32,56,27,67,66,66,80,80,75,75,75,75,75,75,60,60,75,42,66,19,19],"gold":19,"neow_bonus":"BOSS_RELIC","is_daily":false,"chose_seed":false,"campfire_upgraded":6,"win_rate":0.0,"timestamp":1612060975,"path_taken":["M","M","M","$","M","E","R","E","T","M","R","E","?","?","R","BOSS","M","?","$","M","?","E","R","?","T","M","M","M","?","$","R","BOSS","M","?","$","?","M","R","?","R","T","R","M","R","?","M","R","BOSS"],"items_purchased_type":["Card","Card","Card","Card","Potion","Card","Potion"],"build_version":"2020-12-22","purchased_purges":4,"victory":false,"max_hp_per_floor":[75,75,75,75,75,75,75,75,75,75,75,75,75,75,75,75,75,75,75,75,75,80,80,80,80,80,80,80,80,80,80,80,80,80,80,80,80,80,80,80,80,80,80,80,80,80,80,80,80,80,80],"card_choices":[{"not_picked":["hermit:Feint","hermit:FlashPowder"],"picked":"hermit:Combo","floor":1.0},{"not_picked":["hermit:BodyArmor","hermit:Quickdraw"],"picked":"hermit:Deadeye","floor":2.0},{"not_picked":["hermit:SprayPray","hermit:BodyArmor"],"picked":"hermit:Headshot","floor":3.0},{"not_picked":["hermit:Roughhouse","hermit:Ricochet"],"picked":"hermit:Vantage","floor":5.0},{"not_picked":["hermit:BodyArmor","hermit:TakeCover","hermit:Desperado"],"picked":"SKIP","floor":6.0},{"not_picked":["hermit:HoleUp","hermit:FullyLoaded","hermit:Misfire"],"picked":"SKIP","floor":8.0},{"not_picked":["hermit:SprayPray","hermit:HighCaliber","hermit:OverwhelmingPower"],"picked":"SKIP","floor":10.0},{"not_picked":["hermit:FlashPowder","hermit:Desperado"],"picked":"hermit:Vantage","floor":12.0},{"not_picked":["hermit:HighNoon","hermit:RoundhouseKick"],"picked":"hermit:Roughhouse","floor":16.0},{"not_picked":["hermit:SprayPray","hermit:Maintenance","hermit:Virtue+1"],"picked":"SKIP","floor":18.0},{"not_picked":["hermit:Feint","hermit:Manifest","hermit:Shortfuse+1"],"picked":"SKIP","floor":21.0},{"not_picked":["hermit:Misfire","hermit:Glare","hermit:Manifest"],"picked":"SKIP","floor":23.0},{"not_picked":["hermit:Roulette+1","hermit:Ricochet","hermit:HighCaliber"],"picked":"SKIP","floor":27.0},{"not_picked":["hermit:Determination","hermit:ItchyTrigger","hermit:Roughhouse"],"picked":"SKIP","floor":28.0},{"not_picked":["hermit:Vantage","hermit:BodyArmor","hermit:Ricochet"],"picked":"SKIP","floor":29.0},{"not_picked":["hermit:Horror","hermit:Misfire","hermit:WideOpen"],"picked":"SKIP","floor":35.0},{"not_picked":["hermit:CursedWeapon","hermit:LoneWolf"],"picked":"hermit:TrackingShot+1","floor":36.0},{"not_picked":["hermit:CursedWeapon","hermit:DeadMansHand"],"picked":"hermit:Snipe","floor":39.0},{"not_picked":["Good Instincts","Finesse"],"picked":"Apotheosis","floor":41.0},{"not_picked":["hermit:Misfire","hermit:TrackingShot"],"picked":"hermit:Roulette","floor":45.0},{"not_picked":["hermit:SprayPray+1","hermit:Quickdraw+1"],"picked":"hermit:Midnight+1","floor":48.0}],"player_experience":1011896,"relics_obtained":[{"floor":6.0,"key":"Bag of Preparation"},{"floor":8.0,"key":"Orichalcum"},{"floor":9.0,"key":"Ornamental Fan"},{"floor":12.0,"key":"hermit:Horseshoe"},{"floor":17.0,"key":"MealTicket"},{"floor":17.0,"key":"HornCleat"},{"floor":17.0,"key":"WingedGreaves"},{"floor":19.0,"key":"Gremlin Horn"},{"floor":23.0,"key":"Sundial"},{"floor":26.0,"key":"PreservedInsect"},{"floor":36.0,"key":"Calipers"},{"floor":43.0,"key":"Oddly Smooth Stone"}],"event_choices":[{"damage_healed":0.0,"max_hp_gain":0.0,"max_hp_loss":0.0,"gold_gain":0.0,"event_name":"Shining Light","player_choice":"Entered Light","floor":13.0,"gold_loss":0.0,"damage_taken":15.0,"cards_upgraded":["hermit:Vantage","hermit:Strike_Hermit"]},{"damage_healed":0.0,"max_hp_gain":0.0,"max_hp_loss":0.0,"gold_gain":0.0,"event_name":"Accursed Blacksmith","player_choice":"Rummage","floor":14.0,"gold_loss":0.0,"damage_taken":0.0,"relics_obtained":["WarpedTongs"],"cards_obtained":["Pain"]},{"damage_healed":0.0,"max_hp_gain":5.0,"max_hp_loss":0.0,"gold_gain":0.0,"event_name":"Forgotten Altar","player_choice":"Shed Blood","floor":22.0,"gold_loss":0.0,"damage_taken":19.0},{"damage_healed":0.0,"max_hp_gain":0.0,"max_hp_loss":0.0,"gold_gain":0.0,"cards_transformed":["hermit:Strike_Hermit","hermit:Strike_Hermit"],"event_name":"Drug Dealer","player_choice":"Became Test Subject","floor":25.0,"gold_loss":0.0,"damage_taken":0.0,"cards_obtained":["hermit:BlackWind","hermit:Malice"]},{"damage_healed":0.0,"max_hp_gain":0.0,"max_hp_loss":0.0,"gold_gain":99.0,"event_name":"Nest","player_choice":"Stole From Cult","floor":30.0,"gold_loss":0.0,"damage_taken":0.0},{"damage_healed":0.0,"max_hp_gain":0.0,"max_hp_loss":0.0,"gold_gain":0.0,"event_name":"MindBloom","player_choice":"Fight","floor":36.0,"gold_loss":0.0,"damage_taken":0.0},{"damage_healed":0.0,"max_hp_gain":0.0,"max_hp_loss":0.0,"gold_gain":0.0,"event_name":"Tomb of Lord Red Mask","player_choice":"Paid","floor":38.0,"gold_loss":5.0,"damage_taken":0.0,"relics_obtained":["Red Mask"]},{"damage_healed":0.0,"max_hp_gain":0.0,"max_hp_loss":0.0,"gold_gain":0.0,"event_name":"SensoryStone","player_choice":"Memory 1","floor":41.0,"gold_loss":0.0,"damage_taken":0.0}],"is_beta":false,"boss_relics":[{"not_picked":["Snecko Eye","Busted Crown"],"picked":"Calling Bell"},{"not_picked":["Pandora\u0027s Box","Velvet Choker","Runic Dome"]}],"items_purged_floors":[4,20,31,37],"is_endless":false,"potions_floor_spawned":[3,5,6,12,16,18,28,29,35,36],"killed_by":"Time Eater","ascension_level":6}}