{"host":"edndssuekvzbh3is","time":1612060908,"event":{"mods":["BaseMod","Colored Map","Colored Powertips","Minty Spire (QoL Compilation)","SuperFastMode"],"gold_per_floor":[117,42,56,71,90,90,109,134,134,144,172,172,200,300,300,401,401,388,403,12,12,12,12,12],"floor_reached":23,"language":"ENG","playtime":779,"items_purged":[],"score":306,"play_id":"da47dd9e-4adc-4922-94ab-32c69f19e9d9","local_time":"20210130214148","is_ascension_mode":true,"campfire_choices":[{"data":"True Grit","floor":6,"key":"SMITH"},{"floor":12,"key":"REST"},{"floor":15,"key":"REST"}],"circlet_count":0,"master_deck":["Strike_R","Strike_R","Strike_R","Defend_R","Defend_R","Defend_R","Defend_R","Bash","Armaments","True Grit+1","Sentinel","Cleave","Clothesline","Thunderclap","Exhume","Limit Break","Rage","Impervious","Shrug It Off","Hemokinesis","Dark Embrace","Double Tap","Clash"],"relics":["Burning Blood","StoneCalendar","Matryoshka","Akabeko","Girya","Dead Branch","Magic Flower","Black Star","Membership Card","Self Forming Clay","Red Skull"],"acts_visited":["Exordium","TheCity"],"potions_floor_usage":[8,8,11,11,16,23],"damage_taken":[{"damage":6,"enemies":"Cultist","floor":1,"turns":3},{"damage":8,"enemies":"Jaw Worm","floor":3,"turns":4},{"damage":5,"enemies":"Small Slimes","floor":4,"turns":4},{"damage":12,"enemies":"3 Louse","floor":5,"turns":5},{"damage":22,"enemies":"Large Slime","floor":7,"turns":7},{"damage":21,"enemies":"Lagavulin","floor":8,"turns":6},{"damage":20,"enemies":"Exordium Thugs","floor":10,"turns":7},{"damage":15,"enemies":"Gremlin Nob","floor":11,"turns":4},{"damage":24,"enemies":"3 Sentries","floor":13,"turns":7},{"damage":31,"enemies":"Slime Boss","floor":16,"turns":9},{"damage":18,"enemies":"2 Thieves","floor":18,"turns":4},{"damage":29,"enemies":"Spheric Guardian","floor":19,"turns":7},{"damage":40,"enemies":"Slavers","floor":23,"turns":3}],"seed_played":"7556505422539532982","potions_obtained":[{"floor":1,"key":"SteroidPotion"},{"floor":7,"key":"Energy Potion"},{"floor":10,"key":"PowerPotion"},{"floor":13,"key":"Block Potion"},{"floor":16,"key":"PowerPotion"}],"is_trial":false,"path_per_floor":["M","$","M","M","M","R","M","E","T","M","E","R","E","?","R","B",null,"M","M","$","?","?","E"],"character_chosen":"IRONCLAD","items_purchased":["DuplicationPotion","Membership Card","Dark Embrace","Self Forming Clay","Red Skull"],"campfire_rested":2,"item_purchase_floors":[2,20,20,20,20],"current_hp_per_floor":[72,72,70,71,65,65,49,34,34,20,11,32,14,14,35,13,57,48,28,28,28,28,0,0],"gold":12,"neow_bonus":"ONE_RARE_RELIC","is_daily":false,"chose_seed":false,"campfire_upgraded":1,"win_rate":0.0,"timestamp":1612060908,"path_taken":["M","?","M","M","M","R","M","E","T","?","E","R","E","?","R","BOSS","M","M","$","?","?","E"],"items_purchased_type":["Potion","Relic","Card","Relic","Relic"],"build_version":"2020-12-22","purchased_purges":0,"victory":false,"max_hp_per_floor":[72,72,72,72,72,72,72,72,72,72,72,72,72,72,72,72,72,72,72,72,72,72,72,72],"card_choices":[{"not_picked":["Sentinel","Iron Wave"],"picked":"Armaments","floor":1},{"not_picked":["Headbutt","Wild Strike"],"picked":"True Grit","floor":3},{"not_picked":["Metallicize","Disarm"],"picked":"Sentinel","floor":4},{"not_picked":["Juggernaut","Sword Boomerang"],"picked":"Cleave","floor":5},{"not_picked":["Body Slam","Perfected Strike"],"picked":"Clothesline","floor":7},{"not_picked":["Blood for Blood","Clash"],"picked":"Thunderclap","floor":8},{"not_picked":["Anger","Evolve"],"picked":"Exhume","floor":10},{"not_picked":["Cleave","Clothesline"],"picked":"Limit Break","floor":11},{"not_picked":["Rupture","Headbutt"],"picked":"Rage","floor":13},{"not_picked":["Juggernaut","Offering"],"picked":"Impervious","floor":16},{"not_picked":["Pommel Strike","Thunderclap"],"picked":"Shrug It Off","floor":18},{"not_picked":["Uppercut","Fire Breathing"],"picked":"Hemokinesis","floor":19}],"player_experience":337433,"relics_obtained":[{"floor":8,"key":"Matryoshka"},{"floor":9,"key":"Akabeko"},{"floor":9,"key":"Girya"},{"floor":11,"key":"Dead Branch"},{"floor":13,"key":"Magic Flower"}],"event_choices":[{"damage_healed":0,"gold_gain":100,"player_choice":"Pray","damage_taken":0,"max_hp_gain":0,"max_hp_loss":0,"event_name":"Golden Shrine","floor":14,"gold_loss":0},{"damage_healed":0,"gold_gain":0,"cards_transformed":["Strike_R","Strike_R"],"player_choice":"Became Test Subject","damage_taken":0,"max_hp_gain":0,"max_hp_loss":0,"event_name":"Drug Dealer","floor":22,"gold_loss":0,"cards_obtained":["Double Tap","Clash"]}],"is_beta":false,"boss_relics":[{"not_picked":["SacredBark","SlaversCollar"],"picked":"Black Star"}],"items_purged_floors":[],"is_endless":false,"potions_floor_spawned":[1,7,10,13,16],"killed_by":"Slavers","ascension_level":9}}