{"host":"Bawah","time":1612132798,"event":{"mods":["BaseMod","Downfall","Marisa????????","Minty Spire (QoL Compilation)","Replay The Spire","StSLib","The Cursed"],"gold_per_floor":[111,127,137,148,162,189,189,221,244,273,284,284,284,299,299,399,399,415,330,330,347,44,73,73,83,106,106,106,106,106],"floor_reached":29,"language":"SPA","playtime":1481,"items_purged":[],"score":305,"play_id":"652d569c-4f1a-48b4-a643-40eb9287dae7","local_time":"20210131233958","is_ascension_mode":true,"campfire_choices":[{"data":"WitchLeyline","floor":7.0,"key":"SMITH"},{"floor":12,"key":"REST"},{"floor":15,"key":"REST"}],"circlet_count":0,"master_deck":["Strike_MRS+1","Strike_MRS+1","Strike_MRS+1","Strike_MRS+1","Defend_MRS+1","Defend_MRS+1","Defend_MRS+1","Defend_MRS+1","MasterSpark+1","UpSweep","SporeBomb","DoubleSpark","MachineGunSpark","PowerUp","WitchLeyline+1","DeepEcoloBomb","CasketOfStar","EarthLightRay","Hallucinations","EarthLightRay","CasketOfStar","OrrerysSun","EarthLightRay","IllusionStar"],"relics":["MiniHakkero","Bottled Lightning","ReplayFunnel","Toy Ornithopter","ReplayTheSpireMod:Ring of Collecting","Ring of Panic","ExperimentalFamiliar","Potion Belt","TheAbacus","Orichalcum","Bag of Preparation","Ring of Fangs","Gremlin Food"],"acts_visited":["Exordium","TheCity"],"potions_floor_usage":[10,10,16,16,16,25],"damage_taken":[{"damage":1.0,"enemies":"Cultist","floor":1.0,"turns":3.0},{"damage":1.0,"enemies":"Jaw Worm","floor":2.0,"turns":3.0},{"damage":3.0,"enemies":"Small Slimes","floor":3.0,"turns":2.0},{"damage":14.0,"enemies":"Blue Slaver","floor":4.0,"turns":3.0},{"damage":5.0,"enemies":"3 Louse","floor":5.0,"turns":3.0},{"damage":20.0,"enemies":"Replay:BlueRogue","floor":6.0,"turns":5.0},{"damage":14.0,"enemies":"Gremlin Nob","floor":8.0,"turns":3.0},{"damage":19,"enemies":"3 Sentries","floor":10,"turns":5},{"damage":4,"enemies":"Exordium Thugs","floor":11,"turns":3},{"damage":2,"enemies":"Blue Slaver","floor":14,"turns":3},{"damage":63,"enemies":"Fading Forest","floor":16,"turns":11},{"damage":30,"enemies":"2 Thieves","floor":18,"turns":3},{"damage":35,"enemies":"Shell Parasite","floor":21,"turns":5},{"damage":0,"enemies":"Slavers","floor":23,"turns":1},{"damage":2,"enemies":"Centurion and Healer","floor":25,"turns":3},{"damage":45,"enemies":"Sentry and Sphere","floor":29,"turns":5}],"seed_played":"1709223740984105111","potions_obtained":[{"floor":1.0,"key":"Regen Potion"},{"floor":4.0,"key":"BottledSpark"},{"floor":6.0,"key":"Energy Potion"},{"floor":10,"key":"Dexterity Potion"},{"floor":11,"key":"SkillPotion"},{"floor":23,"key":"Flashbang"}],"is_trial":false,"path_per_floor":["M","M","M","M","M","E","R","E","T","E","M","R","?","M","R","B",null,"M","?","?","M","$","E","?","M","T","?","?","M"],"character_chosen":"MARISA","items_purchased":["TheAbacus","Orichalcum"],"campfire_rested":2,"item_purchase_floors":[22,22],"current_hp_per_floor":[74,73,70,56,51,31,31,17,17,10,6,28,28,26,48,18,75,45,45,45,18,18,18,18,25,25,25,25,0,0],"gold":106,"neow_bonus":"UPGRADE_CARD","is_daily":false,"chose_seed":false,"campfire_upgraded":1,"win_rate":0.0,"timestamp":1612132798,"path_taken":["M","M","M","?","M","E","R","E","T","E","M","R","?","M","R","BOSS","M","?","?","M","$","E","?","?","T","?","?","?"],"items_purchased_type":["Relic","Relic"],"build_version":"2020-12-18","purchased_purges":0,"victory":false,"max_hp_per_floor":[75,75,75,75,75,75,75,75,75,75,75,75,75,75,75,75,75,75,75,75,75,75,75,75,75,75,75,75,75,75],"card_choices":[{"not_picked":["ChargingUp","PulseMagic"],"picked":"NonDirectionalLaser","floor":1.0},{"not_picked":["WitchOfGreed","MagicAbsorber"],"picked":"SporeBomb","floor":2.0},{"not_picked":["OortCloud","PowerUp"],"picked":"DoubleSpark","floor":3.0},{"not_picked":["SporeBomb","GravityBeat"],"picked":"MachineGunSpark","floor":4.0},{"not_picked":["SporeBomb","MilkyWay"],"picked":"PowerUp","floor":5.0},{"not_picked":["UnstableBomb","LuminesStrike"],"picked":"WitchLeyline","floor":6.0},{"not_picked":["MagicAbsorber","OrrerysSun"],"picked":"DeepEcoloBomb","floor":8.0},{"not_picked":["SporeBomb","LuminesStrike"],"picked":"CasketOfStar","floor":10},{"not_picked":["WitchLeyline","Occultation"],"picked":"EarthLightRay","floor":11},{"not_picked":["StarlightTyphoon","NonDirectionalLaser"],"picked":"EarthLightRay","floor":14},{"not_picked":["StarDustReverie","AbsoluteMagnitude"],"picked":"CasketOfStar","floor":16},{"not_picked":["UnstableBomb+1","EnergyRecoil","IllusionStar"],"picked":"SKIP","floor":18},{"not_picked":["GravityBeat","NonDirectionalLaser"],"picked":"OrrerysSun","floor":21},{"not_picked":["UnstableBomb","EnergyRecoil+1","BlazingStar"],"picked":"SKIP","floor":23},{"not_picked":["WitchOfGreed+1","Occultation"],"picked":"IllusionStar","floor":25}],"player_experience":848602,"relics_obtained":[{"floor":6.0,"key":"Bottled Lightning"},{"floor":8.0,"key":"ReplayFunnel"},{"floor":10,"key":"Toy Ornithopter"},{"floor":13,"key":"ReplayTheSpireMod:Ring of Collecting"},{"floor":13,"key":"Ring of Panic"},{"floor":23,"key":"Bag of Preparation"},{"floor":26,"key":"Ring of Fangs"},{"floor":26,"key":"Gremlin Food"}],"event_choices":[{"damage_healed":0,"gold_gain":0,"player_choice":"Obtained Relic","damage_taken":0,"relics_obtained":["Potion Belt"],"max_hp_gain":0,"max_hp_loss":0,"event_name":"Addict","floor":19,"gold_loss":85},{"damage_healed":0,"gold_gain":0,"player_choice":"Ignored","damage_taken":0,"max_hp_gain":0,"max_hp_loss":0,"event_name":"Vampires","floor":20,"gold_loss":0},{"damage_healed":0,"gold_gain":0,"player_choice":"Copied","damage_taken":0,"max_hp_gain":0,"max_hp_loss":0,"event_name":"Duplicator","floor":24,"gold_loss":0,"cards_obtained":["EarthLightRay"]},{"damage_healed":0,"gold_gain":0,"player_choice":"Simplicity","damage_taken":0,"max_hp_gain":0,"max_hp_loss":0,"event_name":"Back to Basics","floor":27,"gold_loss":0,"cards_upgraded":["Strike_MRS","Strike_MRS","Strike_MRS","Strike_MRS","Defend_MRS","Defend_MRS","Defend_MRS","Defend_MRS"]},{"cards_removed":["NonDirectionalLaser"],"damage_healed":0,"gold_gain":0,"player_choice":"Purged","damage_taken":0,"max_hp_gain":0,"max_hp_loss":0,"event_name":"Purifier","floor":28,"gold_loss":0}],"is_beta":true,"boss_relics":[{"not_picked":["Busted Crown","Black Star"],"picked":"ExperimentalFamiliar"}],"items_purged_floors":[],"is_endless":false,"potions_floor_spawned":[1,4,6,10,11,23],"killed_by":"Sentry and Sphere","ascension_level":1}}