{"host":"gc0hqzwg2gd3zszy","time":1612078079,"event":{"mods":["BaseMod","DeckTracker","Minty Spire (QoL Compilation)","Relic Stats","SuperFastMode"],"gold_per_floor":[113,163,174,185,80,80,95,130,156,167,167,167],"floor_reached":11,"language":"KOR","playtime":255,"items_purged":["Strike_B"],"score":150,"play_id":"3d5f9c07-499e-4ec9-adcb-2e9004e2c3f9","local_time":"20210131162759","is_ascension_mode":true,"campfire_choices":[{"data":"Zap","floor":6,"key":"SMITH"}],"circlet_count":0,"master_deck":["AscendersBane","Strike_B","Strike_B","Strike_B","Defend_B","Defend_B","Defend_B","Defend_B","Zap+1","Dualcast","Streamline","Aggregate","Go for the Eyes","Compile Driver","Stack","Buffer","BootSequence"],"relics":["Cracked Core","NeowsBlessing","Toy Ornithopter","Blood Vial"],"acts_visited":["Exordium"],"potions_floor_usage":[8],"damage_taken":[{"damage":0,"enemies":"Small Slimes","floor":1,"turns":1},{"damage":0,"enemies":"Cultist","floor":3,"turns":1},{"damage":0,"enemies":"2 Louse","floor":4,"turns":2},{"damage":16,"enemies":"Large Slime","floor":7,"turns":7},{"damage":33,"enemies":"Lagavulin","floor":8,"turns":8},{"damage":2,"enemies":"Exordium Thugs","floor":10,"turns":5},{"damage":45,"enemies":"Gremlin Nob","floor":11,"turns":3}],"seed_played":"-1202440093388556401","potions_obtained":[{"floor":7,"key":"Weak Potion"}],"is_trial":false,"path_per_floor":["M","?","M","M","$","R","M","E","T","M","E"],"character_chosen":"DEFECT","items_purchased":["Compile Driver"],"campfire_rested":0,"item_purchase_floors":[5],"current_hp_per_floor":[64,57,57,57,57,57,41,8,8,8,0,0],"gold":167,"neow_bonus":"THREE_ENEMY_KILL","is_daily":false,"chose_seed":false,"campfire_upgraded":1,"win_rate":0.0,"timestamp":1612078079,"path_taken":["M","?","M","?","$","R","?","E","T","M","E"],"items_purchased_type":["Card"],"build_version":"2020-12-22","purchased_purges":1,"victory":false,"max_hp_per_floor":[71,71,71,71,71,71,71,71,71,71,71,71],"relic_stats":{"Blood Vial":4,"counters":[7,27],"obtain_stats":[{"Blood Vial":9,"NeowsBlessing":0,"Cracked Core":0,"Toy Ornithopter":8},{"Blood Vial":5,"NeowsBlessing":0,"Cracked Core":0,"Toy Ornithopter":5},{"Blood Vial":19,"NeowsBlessing":0,"Cracked Core":0,"Toy Ornithopter":19}],"Toy Ornithopter":0},"card_choices":[{"not_picked":["Barrage","Coolheaded"],"picked":"Streamline","floor":1},{"not_picked":["Hologram","Streamline"],"picked":"Aggregate","floor":3},{"not_picked":["Force Field","Tempest"],"picked":"Go for the Eyes","floor":4},{"not_picked":["Recycle","Rebound"],"picked":"Stack","floor":7},{"not_picked":["Beam Cell","Consume"],"picked":"Buffer","floor":8},{"not_picked":["Cold Snap","Gash"],"picked":"BootSequence","floor":10}],"player_experience":1381656,"relics_obtained":[{"floor":8,"key":"Toy Ornithopter"},{"floor":9,"key":"Blood Vial"}],"event_choices":[{"damage_healed":0,"gold_gain":50,"player_choice":"Touch","damage_taken":7,"max_hp_gain":0,"max_hp_loss":0,"event_name":"FaceTrader","floor":2,"gold_loss":0}],"is_beta":false,"boss_relics":[],"items_purged_floors":[5],"is_endless":false,"potions_floor_spawned":[7],"killed_by":"Gremlin Nob","ascension_level":20}}