{"host":"qdfumeom6htv8yxl","time":1612129096,"event":{"mods":["AchievementEnabler","BaseMod","Bestiary","Block Reminder","Highlight Path","Minty Spire (QoL Compilation)","Quick Restart","Relic Stats"],"gold_per_floor":[118,118,118,3,3,37,187,187,187,212,212,224,43,43,43,119,119,134,154,117,134,49,49,83,83,132,132,132,151,169,201,201,278,278,289,306,105,105,125,159,159,177,177,203,203,254,254,274,274,274,274,274],"floor_reached":51,"language":"ENG","playtime":3315,"items_purged":["Zap","Doubt","Coolheaded+1"],"score":1588,"play_id":"054352a1-c1b9-4800-a54d-8c6523917e0f","local_time":"20210131153816","is_ascension_mode":true,"campfire_choices":[{"data":"Reprogram","floor":8.0,"key":"SMITH"},{"data":"FTL","floor":11.0,"key":"SMITH"},{"data":"Go for the Eyes","floor":15.0,"key":"SMITH"},{"data":"Reboot","floor":23.0,"key":"SMITH"},{"floor":27.0,"key":"REST"},{"floor":32.0,"key":"REST"},{"floor":41.0,"key":"REST"},{"data":"Hologram","floor":47,"key":"SMITH"},{"floor":49,"key":"REST"}],"circlet_count":0,"master_deck":["AscendersBane","Strike_B","Strike_B","Strike_B","Defend_B","Defend_B","Defend_B","Defend_B","FTL+1","Reprogram+1","Go for the Eyes+1","Gash","Reboot+1","Beam Cell","Gash+1","Self Repair","Melter+1","Skim","Hologram+1","Steam","Reboot","Rebound","Rip and Tear","Sweeping Beam","Beam Cell","Violence","Steam Power"],"relics":["Cracked Core","NeowsBlessing","Shuriken","HornCleat","Gremlin Horn","Bottled Flame","Empty Cage","StrikeDummy","Centennial Puzzle","Orichalcum","DataDisk","Sozu","Art of War","Molten Egg 2","Bottled Lightning","StoneCalendar"],"acts_visited":["Exordium","TheCity","TheBeyond"],"potions_floor_usage":[50],"damage_taken":[{"damage":0.0,"enemies":"Jaw Worm","floor":1.0,"turns":1.0},{"damage":0.0,"enemies":"Gremlin Nob","floor":6.0,"turns":1.0},{"damage":0.0,"enemies":"Lagavulin","floor":10.0,"turns":1.0},{"damage":0.0,"enemies":"Small Slimes","floor":12.0,"turns":3.0},{"damage":12.0,"enemies":"Slime Boss","floor":16.0,"turns":6.0},{"damage":23.0,"enemies":"Spheric Guardian","floor":18.0,"turns":5.0},{"damage":0.0,"enemies":"Chosen","floor":19.0,"turns":3.0},{"damage":0.0,"enemies":"Snake Plant","floor":21.0,"turns":3.0},{"damage":32.0,"enemies":"Slavers","floor":24.0,"turns":5.0},{"damage":0.0,"enemies":"Book of Stabbing","floor":28.0,"turns":1.0},{"damage":1.0,"enemies":"Snecko","floor":29.0,"turns":5.0},{"damage":16.0,"enemies":"Centurion and Healer","floor":30.0,"turns":5.0},{"damage":37.0,"enemies":"Slavers","floor":31.0,"turns":5.0},{"damage":42.0,"enemies":"Collector","floor":33.0,"turns":9.0},{"damage":7.0,"enemies":"3 Shapes","floor":35.0,"turns":2.0},{"damage":1.0,"enemies":"Orb Walker","floor":36.0,"turns":2.0},{"damage":14.0,"enemies":"3 Darklings","floor":39.0,"turns":3.0},{"damage":53.0,"enemies":"Giant Head","floor":40.0,"turns":7.0},{"damage":33.0,"enemies":"4 Shapes","floor":42.0,"turns":3.0},{"damage":0,"enemies":"Reptomancer","floor":44,"turns":3},{"damage":3,"enemies":"2 Orb Walkers","floor":46,"turns":3},{"damage":10,"enemies":"Transient","floor":48,"turns":6},{"damage":48,"enemies":"Donu and Deca","floor":50,"turns":7},{"damage":34,"enemies":"Awakened One","floor":51,"turns":4}],"seed_played":"-3362189849173700731","potions_obtained":[{"floor":10.0,"key":"BlessingOfTheForge"},{"floor":12.0,"key":"SteroidPotion"},{"floor":19.0,"key":"Fire Potion"},{"floor":21.0,"key":"Regen Potion"},{"floor":25.0,"key":"Explosive Potion"},{"floor":25.0,"key":"SmokeBomb"},{"floor":29.0,"key":"EssenceOfDarkness"},{"floor":30.0,"key":"FairyPotion"},{"floor":31.0,"key":"SkillPotion"},{"floor":33.0,"key":"FocusPotion"}],"is_trial":false,"path_per_floor":["M","?","T","$","?","E","?","R","T","E","R","M","$","$","R","B",null,"M","M","$","M","?","R","E","?","T","R","E","M","M","E","R","B",null,"M","M","$","?","M","E","R","M","T","E","?","?","R","M","R","B","B"],"character_chosen":"DEFECT","items_purchased":["FTL","Rip and Tear","Self Repair","Rip and Tear"],"campfire_rested":4,"item_purchase_floors":[4,13,20,37],"current_hp_per_floor":[64,64,64,64,69,69,69,69,69,69,69,69,69,69,69,57,71,48,48,48,55,55,55,44,44,44,66,73,76,67,37,59,24,63,63,69,69,69,62,16,38,12,12,19,19,23,23,20,42,29,0,0],"gold":274,"neow_bonus":"THREE_ENEMY_KILL","is_daily":false,"chose_seed":false,"campfire_upgraded":5,"win_rate":0.0,"timestamp":1612129096,"path_taken":["M","?","?","$","?","E","?","R","T","E","R","M","?","$","R","BOSS","M","M","$","M","?","R","E","?","T","R","E","M","M","E","R","BOSS","M","M","?","?","M","E","R","M","T","E","?","?","R","M","R","BOSS","BOSS"],"items_purchased_type":["Card","Card","Card","Card"],"build_version":"2020-12-22","purchased_purges":3,"victory":false,"max_hp_per_floor":[71,71,71,71,76,76,76,76,76,76,76,76,76,76,76,76,76,76,76,76,76,76,76,76,76,76,76,76,76,76,76,76,76,76,76,76,76,76,76,76,76,76,76,76,76,76,76,76,76,76,76,76],"relic_stats":{"Sozu":2,"Centennial Puzzle":[39],"Gremlin Horn":[30,30],"counters":[24,93],"Shuriken":[81],"StoneCalendar":[15],"Art of War":[0],"Orichalcum":[90],"obtain_stats":[{"NeowsBlessing":0,"Gremlin Horn":9,"StoneCalendar":46,"Orichalcum":26,"Empty Cage":17,"Sozu":34,"Bottled Flame":10,"Centennial Puzzle":24,"DataDisk":31,"HornCleat":6,"Shuriken":3,"Molten Egg 2":43,"Art of War":40,"Bottled Lightning":44,"Cracked Core":0,"StrikeDummy":22},{"NeowsBlessing":0,"Gremlin Horn":2,"StoneCalendar":21,"Orichalcum":9,"Empty Cage":5,"Sozu":14,"Bottled Flame":3,"Centennial Puzzle":9,"DataDisk":13,"HornCleat":2,"Shuriken":1,"Molten Egg 2":19,"Art of War":18,"Bottled Lightning":20,"Cracked Core":0,"StrikeDummy":8},{"NeowsBlessing":0,"Gremlin Horn":2,"StoneCalendar":76,"Orichalcum":28,"Empty Cage":12,"Sozu":53,"Bottled Flame":3,"Centennial Puzzle":28,"DataDisk":44,"HornCleat":2,"Shuriken":1,"Molten Egg 2":70,"Art of War":67,"Bottled Lightning":73,"Cracked Core":0,"StrikeDummy":23}]},"card_choices":[{"not_picked":["Conserve Battery","Barrage"],"picked":"Coolheaded","floor":1.0},{"not_picked":["Darkness","Ball Lightning"],"picked":"Reprogram","floor":6.0},{"not_picked":["Chill","Static Discharge"],"picked":"Go for the Eyes","floor":10.0},{"not_picked":["Storm","Cold Snap"],"picked":"Gash","floor":12.0},{"not_picked":["Thunder Strike","Core Surge"],"picked":"Reboot","floor":16.0},{"not_picked":["Stack","Conserve Battery"],"picked":"Beam Cell","floor":18.0},{"not_picked":["Barrage+1","Sweeping Beam"],"picked":"Gash+1","floor":19.0},{"not_picked":["Undo+1","Go for the Eyes"],"picked":"Melter+1","floor":21.0},{"not_picked":["Hyperbeam","Melter"],"picked":"Skim","floor":24.0},{"not_picked":["Ball Lightning","Stack"],"picked":"Hologram","floor":29.0},{"not_picked":["Turbo","Consume"],"picked":"Steam","floor":30.0},{"not_picked":["Barrage","Multi-Cast","Chaos"],"picked":"SKIP","floor":31.0},{"not_picked":["Amplify","Electrodynamics"],"picked":"Reboot","floor":33.0},{"not_picked":["Ball Lightning","Coolheaded"],"picked":"Rebound","floor":35.0},{"not_picked":["Barrage","Compile Driver","Aggregate"],"picked":"SKIP","floor":36.0},{"not_picked":["Turbo","Go for the Eyes"],"picked":"Sweeping Beam","floor":39.0},{"not_picked":["Go for the Eyes","Blizzard"],"picked":"Beam Cell","floor":40.0},{"not_picked":["Stack","Go for the Eyes","Defragment"],"picked":"SKIP","floor":42.0},{"not_picked":["Compile Driver+1","Meteor Strike+1","White Noise+1"],"picked":"SKIP","floor":44},{"not_picked":["Transmutation","PanicButton"],"picked":"Violence","floor":45},{"not_picked":["Ball Lightning+1","Leap"],"picked":"Steam Power","floor":48}],"player_experience":1965834,"relics_obtained":[{"floor":3.0,"key":"Shuriken"},{"floor":6.0,"key":"HornCleat"},{"floor":9.0,"key":"Gremlin Horn"},{"floor":10.0,"key":"Bottled Flame"},{"floor":24.0,"key":"Centennial Puzzle"},{"floor":26.0,"key":"Orichalcum"},{"floor":31.0,"key":"DataDisk"},{"floor":40.0,"key":"Art of War"},{"floor":43.0,"key":"Molten Egg 2"},{"floor":44,"key":"Bottled Lightning"},{"floor":46,"key":"StoneCalendar"}],"event_choices":[{"damage_healed":0.0,"max_hp_gain":0.0,"max_hp_loss":0.0,"gold_gain":0.0,"event_name":"Living Wall","player_choice":"Grow","floor":2.0,"gold_loss":0.0,"damage_taken":0.0,"cards_upgraded":["Coolheaded"]},{"damage_healed":0.0,"max_hp_gain":5.0,"max_hp_loss":0.0,"gold_gain":0.0,"event_name":"Big Fish","player_choice":"Donut","floor":5.0,"gold_loss":0.0,"damage_taken":0.0},{"damage_healed":0.0,"max_hp_gain":0.0,"max_hp_loss":0.0,"gold_gain":150.0,"event_name":"Liars Game","player_choice":"AGREE","floor":7.0,"gold_loss":0.0,"damage_taken":0.0,"cards_obtained":["Doubt"]},{"damage_healed":0.0,"max_hp_gain":0.0,"max_hp_loss":0.0,"gold_gain":0.0,"event_name":"Addict","player_choice":"Obtained Relic","floor":22.0,"gold_loss":85.0,"damage_taken":0.0,"relics_obtained":["StrikeDummy"]},{"damage_healed":0.0,"max_hp_gain":0.0,"max_hp_loss":0.0,"gold_gain":0.0,"event_name":"Lab","player_choice":"Got Potions","floor":25.0,"gold_loss":0.0,"damage_taken":0.0},{"cards_removed":["Rip and Tear"],"damage_healed":0.0,"max_hp_gain":0.0,"max_hp_loss":0.0,"gold_gain":0.0,"event_name":"Falling","player_choice":"Removed Attack","floor":38.0,"gold_loss":0.0,"damage_taken":0.0},{"damage_healed":0,"gold_gain":0,"player_choice":"Memory 1","damage_taken":0,"max_hp_gain":0,"max_hp_loss":0,"event_name":"SensoryStone","floor":45,"gold_loss":0},{"damage_healed":0,"gold_gain":0,"player_choice":"Fight","damage_taken":0,"max_hp_gain":0,"max_hp_loss":0,"event_name":"Mysterious Sphere","floor":46,"gold_loss":0}],"is_beta":false,"boss_relics":[{"not_picked":["Tiny House","Nuclear Battery"],"picked":"Empty Cage"},{"not_picked":["Runic Pyramid","Philosopher\u0027s Stone"],"picked":"Sozu"}],"items_purged_floors":[4,13,37],"is_endless":false,"potions_floor_spawned":[10,12,19,21,29,30,31,33,39,42],"killed_by":"Awakened One","ascension_level":20}}