{"host":"soyfmymeou4emntr","time":1612123178,"event":{"mods":["BaseMod","BetterRewards","Minty Spire (QoL Compilation)","Relic Sorter","Relic Stats","StSLib"],"gold_per_floor":[130,159,7,7,23,67,92,127,127,127,277,277,316,341,341,437,437,461,78,102,17,32,70,70,114,140,174,8,8,24,68,68,158,158,174,174,74,95,109,109,150,150,150,171,195,218,253,273,273,273,273,273,273,35,73,73,73],"floor_reached":56,"language":"ENG","playtime":6325,"items_purged":["Strike_R","Doubt"],"score":2064,"play_id":"1805ee17-9b4d-4828-b645-f0cc09b83f3d","local_time":"20210131125938","is_ascension_mode":true,"campfire_choices":[{"data":"Berserk","floor":10.0,"key":"SMITH"},{"floor":12.0,"key":"REST"},{"data":"Armaments","floor":15.0,"key":"SMITH"},{"data":"Limit Break","floor":24.0,"key":"SMITH"},{"data":"Rupture","floor":29.0,"key":"SMITH"},{"floor":32.0,"key":"REST"},{"floor":40.0,"key":"RECALL"},{"data":"True Grit","floor":42.0,"key":"SMITH"},{"data":"Limit Break","floor":49.0,"key":"SMITH"},{"data":"Offering","floor":53.0,"key":"SMITH"}],"circlet_count":0,"master_deck":["AscendersBane","Strike_R","Strike_R","Strike_R","Defend_R","Defend_R","Defend_R","Defend_R","Bash","CurseOfTheBell","Pommel Strike","Clothesline","Hemokinesis","Uppercut","Immolate","Carnage","Thunderclap","Berserk+1","Heavy Blade","Armaments+1","Reaper","Limit Break+1","Sword Boomerang","Battle Trance","Rupture+1","Parasite","Twin Strike+1","Shrug It Off","True Grit+1","Limit Break+1","Flame Barrier+1","Corruption","Armaments+1","Doubt","Offering+1","Whirlwind+1","Feel No Pain","Dual Wield"],"relics":["Calling Bell","MawBank","Self Forming Clay","Champion Belt","Golden Idol","Ancient Tea Set","Du-Vu Doll","Meat on the Bone","StrikeDummy","Cursed Key","HandDrill","Lantern","StoneCalendar","Happy Flower","Red Skull","Nunchaku","Bag of Marbles","Akabeko","Snecko Eye","Mercury Hourglass","Kunai","Lee\u0027s Waffle","Bag of Preparation"],"acts_visited":["Exordium","TheCity","TheBeyond","TheEnding"],"potions_floor_usage":[56,56],"damage_taken":[{"damage":7.0,"enemies":"2 Louse","floor":1.0,"turns":3.0},{"damage":2.0,"enemies":"Jaw Worm","floor":2.0,"turns":4.0},{"damage":1.0,"enemies":"Small Slimes","floor":5.0,"turns":4.0},{"damage":21.0,"enemies":"3 Sentries","floor":6.0,"turns":6.0},{"damage":4.0,"enemies":"2 Fungi Beasts","floor":7.0,"turns":3.0},{"damage":17.0,"enemies":"Lagavulin","floor":8.0,"turns":6.0},{"damage":10.0,"enemies":"3 Sentries","floor":13.0,"turns":4.0},{"damage":6.0,"enemies":"Lots of Slimes","floor":14.0,"turns":2.0},{"damage":14.0,"enemies":"Slime Boss","floor":16.0,"turns":7.0},{"damage":18.0,"enemies":"Shell Parasite","floor":18.0,"turns":3.0},{"damage":13.0,"enemies":"3 Byrds","floor":20.0,"turns":5.0},{"damage":4.0,"enemies":"Centurion and Healer","floor":22.0,"turns":4.0},{"damage":26.0,"enemies":"Slavers","floor":23.0,"turns":4.0},{"damage":17.0,"enemies":"Book of Stabbing","floor":25.0,"turns":4.0},{"damage":33.0,"enemies":"Gremlin Leader","floor":27.0,"turns":5.0},{"damage":6.0,"enemies":"Snecko","floor":30.0,"turns":3.0},{"damage":18.0,"enemies":"Book of Stabbing","floor":31.0,"turns":4.0},{"damage":17.0,"enemies":"Champ","floor":33.0,"turns":6.0},{"damage":0.0,"enemies":"3 Darklings","floor":35.0,"turns":2.0},{"damage":0.0,"enemies":"Orb Walker","floor":38.0,"turns":1.0},{"damage":22.0,"enemies":"4 Shapes","floor":39.0,"turns":4.0},{"damage":7.0,"enemies":"Nemesis","floor":41.0,"turns":5.0},{"damage":25.0,"enemies":"Spire Growth","floor":44.0,"turns":3.0},{"damage":29.0,"enemies":"Maw","floor":45.0,"turns":5.0},{"damage":0.0,"enemies":"4 Shapes","floor":46.0,"turns":6.0},{"damage":35.0,"enemies":"Giant Head","floor":47.0,"turns":7.0},{"damage":22.0,"enemies":"Writhing Mass","floor":48.0,"turns":6.0},{"damage":46.0,"enemies":"Awakened One","floor":50.0,"turns":7.0},{"damage":36.0,"enemies":"Time Eater","floor":51.0,"turns":5.0},{"damage":9.0,"enemies":"Shield and Spear","floor":55.0,"turns":2.0},{"damage":72,"enemies":"The Heart","floor":56,"turns":3}],"seed_played":"6859797975690390518","potions_obtained":[{"floor":1.0,"key":"LiquidBronze"},{"floor":2.0,"key":"Fruit Juice"},{"floor":7.0,"key":"ColorlessPotion"},{"floor":14.0,"key":"LiquidMemories"},{"floor":22.0,"key":"SpeedPotion"},{"floor":27.0,"key":"AttackPotion"},{"floor":30.0,"key":"Dexterity Potion"},{"floor":33.0,"key":"Regen Potion"},{"floor":39.0,"key":"LiquidBronze"}],"is_trial":false,"path_per_floor":["M","M","$","?","M","E","M","E","T","R","?","R","E","M","R","B",null,"M","$","M","?","M","E","R","E","T","E","$","R","M","E","R","B",null,"M","?","$","M","M","R","E","R","T","M","M","M","E","M","R","B","B",null,"R","$","E","B"],"character_chosen":"IRONCLAD","items_purchased":["Hemokinesis","Uppercut","Limit Break","HandDrill","Sword Boomerang","Bag of Marbles","Feel No Pain","Lee\u0027s Waffle"],"campfire_rested":2,"item_purchase_floors":[3,3,19,19,19,28,54,54],"current_hp_per_floor":[61,59,59,59,58,37,33,16,16,16,16,36,38,44,44,42,62,52,52,49,49,65,59,59,42,42,21,21,21,50,44,65,63,71,71,71,71,71,71,71,64,64,64,48,40,64,72,73,73,39,45,66,66,80,71,0,0],"gold":73,"neow_bonus":"BOSS_RELIC","is_daily":false,"chose_seed":false,"campfire_upgraded":7,"win_rate":0.0,"timestamp":1612123178,"path_taken":["M","M","$","?","M","E","M","E","T","R","?","R","E","M","R","BOSS","M","$","M","?","M","E","R","E","T","E","$","R","M","E","R","BOSS","M","?","$","M","M","R","E","R","T","M","M","M","E","M","R","BOSS","BOSS","R","$","E","BOSS"],"items_purchased_type":["Card","Card","Card","Relic","Card","Relic","Card","Relic"],"build_version":"2020-12-22","purchased_purges":2,"victory":false,"max_hp_per_floor":[75,75,75,68,68,68,68,68,68,68,68,68,68,68,68,68,68,68,68,68,68,68,68,68,68,68,68,68,68,73,73,73,73,73,73,73,73,73,73,73,73,73,73,73,73,73,73,73,73,73,73,73,73,80,80,80,80],"relic_stats":{"Lee\u0027s Waffle":14,"Happy Flower":[24],"counters":[31,133],"Self Forming Clay":[252],"Golden Idol":212,"StoneCalendar":[52],"Bag of Preparation":[2],"MawBank":36,"Cursed Key":2,"Mercury Hourglass":[147],"Nunchaku":[12],"Snecko Eye":[85,83,110,90],"HandDrill":[28],"Champion Belt":[98],"Kunai":[4],"obtain_stats":[{"Lantern":21,"Lee\u0027s Waffle":54,"Happy Flower":25,"Self Forming Clay":0,"Golden Idol":4,"StoneCalendar":23,"Bag of Preparation":55,"MawBank":0,"Ancient Tea Set":6,"Cursed Key":17,"Burning Blood":0,"Akabeko":31,"Mercury Hourglass":41,"Calling Bell":0,"Du-Vu Doll":8,"Nunchaku":27,"Snecko Eye":34,"HandDrill":19,"Bag of Marbles":28,"Champion Belt":0,"Kunai":47,"StrikeDummy":13,"Red Skull":26,"Meat on the Bone":9},{"Lantern":11,"Lee\u0027s Waffle":29,"Happy Flower":14,"Self Forming Clay":0,"Golden Idol":2,"StoneCalendar":13,"Bag of Preparation":30,"MawBank":0,"Ancient Tea Set":4,"Cursed Key":9,"Burning Blood":0,"Akabeko":17,"Mercury Hourglass":22,"Calling Bell":0,"Du-Vu Doll":6,"Nunchaku":15,"Snecko Eye":18,"HandDrill":10,"Bag of Marbles":15,"Champion Belt":0,"Kunai":26,"StrikeDummy":7,"Red Skull":14,"Meat on the Bone":6},{"Lantern":47,"Lee\u0027s Waffle":128,"Happy Flower":59,"Self Forming Clay":0,"Golden Idol":7,"StoneCalendar":55,"Bag of Preparation":130,"MawBank":0,"Ancient Tea Set":17,"Cursed Key":39,"Burning Blood":0,"Akabeko":71,"Mercury Hourglass":89,"Calling Bell":0,"Du-Vu Doll":26,"Nunchaku":64,"Snecko Eye":77,"HandDrill":42,"Bag of Marbles":64,"Champion Belt":0,"Kunai":110,"StrikeDummy":30,"Red Skull":59,"Meat on the Bone":26}],"Meat on the Bone":108},"card_choices":[{"not_picked":["True Grit","Second Wind"],"picked":"Pommel Strike","floor":1.0},{"not_picked":["Second Wind","Clash"],"picked":"Clothesline","floor":2.0},{"not_picked":["Entrench","Wild Strike"],"picked":"Immolate","floor":5.0},{"not_picked":["Reckless Charge","Perfected Strike"],"picked":"Carnage","floor":6.0},{"not_picked":["Dual Wield","Ghostly Armor"],"picked":"Thunderclap","floor":7.0},{"not_picked":["Shrug It Off","Iron Wave"],"picked":"Berserk","floor":8.0},{"not_picked":["Body Slam","Power Through"],"picked":"Heavy Blade","floor":13.0},{"not_picked":["Pommel Strike","Dual Wield"],"picked":"Armaments","floor":14.0},{"not_picked":["Double Tap","Exhume"],"picked":"Reaper","floor":16.0},{"not_picked":["Clothesline","Cleave","Blood for Blood+1"],"picked":"SKIP","floor":18.0},{"not_picked":["Warcry","Sentinel","Anger"],"picked":"SKIP","floor":20.0},{"not_picked":["Warcry","Havoc","Armaments"],"picked":"SKIP","floor":22.0},{"not_picked":["Seeing Red","Iron Wave"],"picked":"Battle Trance","floor":23.0},{"not_picked":["Brutality","Anger"],"picked":"Rupture","floor":25.0},{"not_picked":["Pommel Strike","Ghostly Armor"],"picked":"Twin Strike+1","floor":27.0},{"not_picked":["Carnage","Battle Trance"],"picked":"Shrug It Off","floor":30.0},{"not_picked":["Sentinel","Berserk"],"picked":"True Grit","floor":31.0},{"not_picked":["Offering","Feed"],"picked":"Limit Break","floor":33.0},{"not_picked":["Second Wind+1","True Grit+1"],"picked":"Flame Barrier+1","floor":35.0},{"not_picked":["Warcry","Thunderclap"],"picked":"Armaments+1","floor":38.0},{"not_picked":["Body Slam","Clash","Flex+1"],"picked":"SKIP","floor":39.0},{"not_picked":["Perfected Strike","Clothesline","Heavy Blade"],"picked":"SKIP","floor":41.0},{"not_picked":["Perfected Strike+1","Carnage+1"],"picked":"Offering","floor":44.0},{"not_picked":["Wild Strike","Cleave","Clothesline"],"picked":"SKIP","floor":45.0},{"not_picked":["True Grit","Bloodletting","Body Slam"],"picked":"SKIP","floor":46.0},{"not_picked":["Intimidate","Fire Breathing+1","Thunderclap+1"],"picked":"SKIP","floor":47.0},{"not_picked":["Headbutt","Iron Wave+1"],"picked":"Whirlwind+1","floor":48.0},{"not_picked":["Pummel","Wild Strike"],"picked":"Dual Wield","floor":55.0}],"player_experience":2951176,"relics_obtained":[{"floor":0.0,"key":"MawBank"},{"floor":0.0,"key":"Self Forming Clay"},{"floor":0.0,"key":"Champion Belt"},{"floor":6.0,"key":"Ancient Tea Set"},{"floor":8.0,"key":"Du-Vu Doll"},{"floor":9.0,"key":"Meat on the Bone"},{"floor":13.0,"key":"StrikeDummy"},{"floor":23.0,"key":"StoneCalendar"},{"floor":25.0,"key":"Happy Flower"},{"floor":26.0,"key":"Red Skull"},{"floor":27.0,"key":"Nunchaku"},{"floor":31.0,"key":"Akabeko"},{"floor":41.0,"key":"Mercury Hourglass"},{"floor":47.0,"key":"Kunai"},{"floor":55.0,"key":"Bag of Preparation"}],"event_choices":[{"damage_healed":0.0,"max_hp_gain":0.0,"max_hp_loss":7.0,"gold_gain":0.0,"event_name":"Golden Idol","player_choice":"Lose Max HP","floor":4.0,"gold_loss":0.0,"damage_taken":0.0,"relics_obtained":["Golden Idol"]},{"damage_healed":0.0,"max_hp_gain":0.0,"max_hp_loss":0.0,"gold_gain":150.0,"event_name":"Liars Game","player_choice":"AGREE","floor":11.0,"gold_loss":0.0,"damage_taken":0.0,"cards_obtained":["Doubt"]},{"damage_healed":0.0,"max_hp_gain":0.0,"max_hp_loss":0.0,"gold_gain":0.0,"event_name":"Addict","player_choice":"Obtained Relic","floor":21.0,"gold_loss":85.0,"damage_taken":0.0,"relics_obtained":["Lantern"]},{"damage_healed":0.0,"max_hp_gain":0.0,"max_hp_loss":0.0,"gold_gain":0.0,"cards_transformed":["Strike_R"],"event_name":"Transmorgrifier","player_choice":"Transformed","floor":36.0,"gold_loss":0.0,"damage_taken":0.0,"cards_obtained":["Corruption"]}],"is_beta":false,"boss_relics":[{"not_picked":["Fusion Hammer","Mark of Pain"],"picked":"Cursed Key"},{"not_picked":["SacredBark","Empty Cage"],"picked":"Snecko Eye"}],"items_purged_floors":[19,37],"is_endless":false,"potions_floor_spawned":[1,2,7,14,22,27,30,33,38,39,45,47,48,55],"killed_by":"The Heart","ascension_level":20}}