{"host":"lktusdb9orijgc6z","time":1612097953,"event":{"mods":["BaseMod","Bestiary","Colored Map","Colored Powertips","Minty Spire (QoL Compilation)","Permanent Neow","Quick Restart","Relic Stats","StSLib","everything is the same but u backflip on backflip","slay the spire mod where everything is the same but ironclad has a cowboy hat"],"gold_per_floor":[114,114,175,191,191,223,223,142,167,202,45,73,73,73,73,172,172,188,188,1,13,13,38,38,38,64,82,82,114,133,149,149,253,253,272,272,291,49,60,60,79,112,112,138,138,158,158,188,188,188,188,188,44,69,69,69],"floor_reached":55,"language":"ENG","playtime":2755,"items_purged":["Evolve"],"score":1289,"play_id":"2e6e0849-3d88-4f57-a44f-29921cf9cc00","local_time":"20210131135913","is_ascension_mode":true,"campfire_choices":[{"data":"Inflame","floor":7.0,"key":"SMITH"},{"data":"Bludgeon","floor":13.0,"key":"SMITH"},{"data":"Combust","floor":15.0,"key":"SMITH"},{"floor":24.0,"key":"REST"},{"data":"J.A.X.","floor":32,"key":"SMITH"},{"data":"Feed","floor":40,"key":"SMITH"},{"data":"Double Tap","floor":45,"key":"SMITH"},{"floor":49,"key":"RECALL"},{"data":"Shockwave","floor":52,"key":"SMITH"}],"circlet_count":0,"master_deck":["AscendersBane","Strike_R","Strike_R","Strike_R","Strike_R","Strike_R","Defend_R+1","Defend_R","Defend_R","Defend_R","Bash+1","Perfected Strike","Inflame+1","Thunderclap","Combust+1","Bludgeon+1","Dark Embrace","Barricade","Body Slam+1","Feed+1","Power Through+1","J.A.X.+1","Reaper","Necronomicurse","Seeing Red","Shockwave+1","Headbutt+1","Battle Trance+1","Feel No Pain","Bludgeon","Shrug It Off+1","Panacea","Mayhem","Rupture+1","Double Tap+1","Dual Wield+1","True Grit+1","Intimidate","Brutality"],"relics":["Burning Blood","NeowsBlessing","Oddly Smooth Stone","Vajra","Self Forming Clay","Medical Kit","Pear","Paper Frog","Philosopher\u0027s Stone","Pocketwatch","Necronomicon","Nunchaku","InkBottle","Snecko Eye","Bottled Lightning","Bronze Scales","Gambling Chip","Dead Branch","Orichalcum"],"acts_visited":["Exordium","TheCity","TheBeyond","TheEnding"],"potions_floor_usage":[48,54],"damage_taken":[{"damage":0.0,"enemies":"Jaw Worm","floor":1.0,"turns":1.0},{"damage":0.0,"enemies":"2 Louse","floor":4.0,"turns":1.0},{"damage":0.0,"enemies":"Lagavulin","floor":6.0,"turns":1.0},{"damage":10.0,"enemies":"Gremlin Nob","floor":10.0,"turns":3.0},{"damage":12.0,"enemies":"3 Sentries","floor":12.0,"turns":6.0},{"damage":57.0,"enemies":"Hexaghost","floor":16.0,"turns":7.0},{"damage":26.0,"enemies":"Shell Parasite","floor":18.0,"turns":5.0},{"damage":11.0,"enemies":"Spheric Guardian","floor":21.0,"turns":3.0},{"damage":27.0,"enemies":"Slavers","floor":23.0,"turns":4.0},{"damage":10.0,"enemies":"Shelled Parasite and Fungi","floor":27.0,"turns":2.0},{"damage":26.0,"enemies":"Gremlin Leader","floor":29.0,"turns":5.0},{"damage":9,"enemies":"Centurion and Healer","floor":30,"turns":5},{"damage":26,"enemies":"Sentry and Sphere","floor":31,"turns":4},{"damage":34,"enemies":"Champ","floor":33,"turns":7},{"damage":5,"enemies":"3 Darklings","floor":35,"turns":3},{"damage":17,"enemies":"3 Shapes","floor":37,"turns":3},{"damage":38,"enemies":"3 Darklings","floor":39,"turns":7},{"damage":7,"enemies":"Maw","floor":41,"turns":5},{"damage":43,"enemies":"Nemesis","floor":42,"turns":7},{"damage":22,"enemies":"Giant Head","floor":44,"turns":5},{"damage":3,"enemies":"Spire Growth","floor":46,"turns":4},{"damage":47,"enemies":"Nemesis","floor":48,"turns":5},{"damage":15,"enemies":"Donu and Deca","floor":50,"turns":4},{"damage":92,"enemies":"Shield and Spear","floor":54,"turns":5},{"damage":43,"enemies":"The Heart","floor":55,"turns":5}],"seed_played":"4799501308300752616","potions_obtained":[{"floor":6.0,"key":"AttackPotion"},{"floor":10.0,"key":"Swift Potion"},{"floor":12.0,"key":"DuplicationPotion"},{"floor":16.0,"key":"SmokeBomb"},{"floor":18.0,"key":"GamblersBrew"},{"floor":29.0,"key":"FairyPotion"},{"floor":30,"key":"HeartOfIron"},{"floor":35,"key":"FearPotion"},{"floor":39,"key":"LiquidMemories"},{"floor":44,"key":"Energy Potion"}],"is_trial":false,"path_per_floor":["M","?","?","M","?","E","R","$","T","E","$","E","R","T","R","B",null,"M","?","$","M","?","E","R","?","T","M","?","E","M","M","R","B",null,"M","?","M","$","M","R","M","E","T","E","R","M","?","E","R","B",null,"R","$","E","B"],"character_chosen":"IRONCLAD","items_purchased":["Combust","Medical Kit","Feed","Evolve","Bottled Lightning","Intimidate"],"campfire_rested":1,"item_purchase_floors":[8,11,20,20,38,53],"current_hp_per_floor":[78,62,62,68,68,74,74,74,74,70,70,74,74,74,74,23,73,53,53,53,48,48,27,54,38,38,51,51,31,59,42,42,45,88,92,82,75,75,82,82,85,66,66,54,54,57,57,28,28,39,94,94,94,8,0,0],"gold":69,"neow_bonus":"THREE_ENEMY_KILL","is_daily":false,"chose_seed":false,"campfire_upgraded":7,"win_rate":0.0,"timestamp":1612097953,"path_taken":["M","?","?","M","?","E","R","$","T","E","$","E","R","?","R","BOSS","M","?","$","M","?","E","R","?","T","M","?","E","M","M","R","BOSS","M","?","M","$","M","R","M","E","T","E","R","M","?","E","R","BOSS","R","$","E","BOSS"],"items_purchased_type":["Card","Relic","Card","Card","Relic","Card"],"build_version":"2020-12-22","purchased_purges":1,"victory":false,"max_hp_per_floor":[80,80,80,80,80,80,80,80,80,80,80,90,90,90,90,90,90,90,90,90,90,90,90,90,90,90,93,93,93,96,99,99,102,102,105,105,105,105,108,108,108,108,108,108,108,108,108,108,108,112,112,112,112,112,112,112],"relic_stats":{"counters":[25,107],"Self Forming Clay":[357],"Dead Branch":[27],"Orichalcum":[0],"Medical Kit":[44],"Burning Blood":144,"Nunchaku":[15],"Bronze Scales":[145],"Gambling Chip":[21],"Snecko Eye":[117,143,104,123],"Necronomicon":[29],"obtain_stats":[{"Pear":12,"NeowsBlessing":0,"Self Forming Clay":10,"Dead Branch":48,"Oddly Smooth Stone":6,"Vajra":9,"Orichalcum":54,"Medical Kit":11,"Burning Blood":0,"Nunchaku":26,"Bronze Scales":42,"Gambling Chip":44,"Snecko Eye":34,"Philosopher\u0027s Stone":17,"Necronomicon":25,"Bottled Lightning":38,"InkBottle":29,"Paper Frog":14,"Pocketwatch":23},{"Pear":5,"NeowsBlessing":0,"Self Forming Clay":4,"Dead Branch":22,"Oddly Smooth Stone":3,"Vajra":3,"Orichalcum":24,"Medical Kit":4,"Burning Blood":0,"Nunchaku":9,"Bronze Scales":19,"Gambling Chip":20,"Snecko Eye":14,"Philosopher\u0027s Stone":6,"Necronomicon":9,"Bottled Lightning":16,"InkBottle":11,"Paper Frog":5,"Pocketwatch":9},{"Pear":12,"NeowsBlessing":0,"Self Forming Clay":6,"Dead Branch":93,"Oddly Smooth Stone":3,"Vajra":3,"Orichalcum":102,"Medical Kit":6,"Burning Blood":0,"Nunchaku":31,"Bronze Scales":79,"Gambling Chip":84,"Snecko Eye":54,"Philosopher\u0027s Stone":19,"Necronomicon":31,"Bottled Lightning":60,"InkBottle":38,"Paper Frog":12,"Pocketwatch":31}],"InkBottle":[31],"Pocketwatch":[38]},"card_choices":[{"not_picked":["Dropkick","Dark Embrace"],"picked":"Perfected Strike","floor":1.0},{"not_picked":["Body Slam","Heavy Blade"],"picked":"Inflame","floor":4.0},{"not_picked":["Sentinel","Inflame"],"picked":"Thunderclap","floor":6.0},{"not_picked":["Burning Pact","Thunderclap"],"picked":"Bludgeon","floor":10.0},{"not_picked":["Second Wind","Heavy Blade"],"picked":"Dark Embrace","floor":12.0},{"not_picked":["Berserk","Juggernaut"],"picked":"Barricade","floor":16.0},{"not_picked":["Heavy Blade","Rampage+1"],"picked":"Body Slam+1","floor":18.0},{"not_picked":["Seeing Red","Wild Strike"],"picked":"Power Through+1","floor":21.0},{"not_picked":["Armaments","Fire Breathing"],"picked":"Reaper","floor":23.0},{"not_picked":["Heavy Blade","True Grit"],"picked":"Seeing Red","floor":27.0},{"not_picked":["Carnage","Thunderclap"],"picked":"Headbutt+1","floor":29.0},{"not_picked":["Anger","Twin Strike"],"picked":"Battle Trance+1","floor":30},{"not_picked":["Flame Barrier","Armaments"],"picked":"Feel No Pain","floor":31},{"not_picked":["Feed","Demon Form"],"picked":"Bludgeon","floor":33},{"not_picked":["Pommel Strike+1","Warcry+1"],"picked":"Shrug It Off+1","floor":35},{"not_picked":["Finesse","HandOfGreed"],"picked":"Panacea","floor":36},{"not_picked":["Swift Strike","Finesse"],"picked":"Mayhem","floor":36},{"not_picked":["Thinking Ahead","Finesse"],"picked":"Bandage Up","floor":36},{"not_picked":["Armaments+1","Wild Strike+1","Flex+1"],"picked":"SKIP","floor":37},{"not_picked":["Sentinel+1","Wild Strike","Infernal Blade+1"],"picked":"SKIP","floor":39},{"not_picked":["Clothesline+1","Wild Strike+1","Shrug It Off+1"],"picked":"SKIP","floor":41},{"not_picked":["Havoc","Dropkick"],"picked":"Rupture+1","floor":42},{"not_picked":["Sword Boomerang+1","Heavy Blade+1"],"picked":"Double Tap","floor":44},{"not_picked":["Anger+1","Warcry"],"picked":"Dual Wield+1","floor":46},{"not_picked":["Shockwave","Sword Boomerang+1"],"picked":"True Grit+1","floor":48},{"not_picked":["Ghostly Armor+1","Twin Strike"],"picked":"Brutality","floor":54}],"player_experience":724107,"relics_obtained":[{"floor":6.0,"key":"Oddly Smooth Stone"},{"floor":9.0,"key":"Vajra"},{"floor":10.0,"key":"Self Forming Clay"},{"floor":12.0,"key":"Pear"},{"floor":14.0,"key":"Paper Frog"},{"floor":23.0,"key":"Pocketwatch"},{"floor":25.0,"key":"Necronomicon"},{"floor":26.0,"key":"Nunchaku"},{"floor":29.0,"key":"InkBottle"},{"floor":42,"key":"Bronze Scales"},{"floor":44,"key":"Gambling Chip"},{"floor":48,"key":"Dead Branch"},{"floor":54,"key":"Orichalcum"}],"event_choices":[{"damage_healed":0.0,"max_hp_gain":0.0,"max_hp_loss":0.0,"gold_gain":0.0,"event_name":"Shining Light","player_choice":"Entered Light","floor":2.0,"gold_loss":0.0,"damage_taken":16.0,"cards_upgraded":["Defend_R","Bash"]},{"damage_healed":0.0,"max_hp_gain":0.0,"max_hp_loss":0.0,"gold_gain":61.0,"event_name":"Golden Wing","player_choice":"Gained Gold","floor":3.0,"gold_loss":0.0,"damage_taken":0.0},{"damage_healed":0.0,"max_hp_gain":0.0,"max_hp_loss":0.0,"gold_gain":0.0,"event_name":"The Cleric","player_choice":"Leave","floor":5.0,"gold_loss":0.0,"damage_taken":0.0},{"damage_healed":0.0,"max_hp_gain":0.0,"max_hp_loss":0.0,"gold_gain":0.0,"event_name":"Beggar","player_choice":"Ignored","floor":19.0,"gold_loss":0.0,"damage_taken":0.0},{"damage_healed":0.0,"max_hp_gain":0.0,"max_hp_loss":0.0,"gold_gain":0.0,"event_name":"Drug Dealer","player_choice":"Obtain J.A.X.","floor":22.0,"gold_loss":0.0,"damage_taken":0.0,"cards_obtained":["J.A.X."]},{"damage_healed":0.0,"max_hp_gain":0.0,"max_hp_loss":0.0,"gold_gain":0.0,"event_name":"Cursed Tome","player_choice":"Obtained Book","floor":25.0,"gold_loss":0.0,"damage_taken":16.0},{"damage_healed":0.0,"max_hp_gain":0.0,"max_hp_loss":0.0,"gold_gain":0.0,"event_name":"The Library","player_choice":"Read","floor":28.0,"gold_loss":0.0,"damage_taken":0.0,"cards_obtained":["Shockwave"]},{"damage_healed":0,"gold_gain":0,"player_choice":"Memory 3","damage_taken":10,"max_hp_gain":0,"max_hp_loss":0,"event_name":"SensoryStone","floor":36,"gold_loss":0},{"cards_removed":["Bandage Up"],"damage_healed":0,"gold_gain":0,"player_choice":"Removed Skill","damage_taken":0,"max_hp_gain":0,"max_hp_loss":0,"event_name":"Falling","floor":47,"gold_loss":0}],"is_beta":false,"boss_relics":[{"not_picked":["Astrolabe","Sozu"],"picked":"Philosopher\u0027s Stone"},{"not_picked":["Calling Bell","Cursed Key"],"picked":"Snecko Eye"}],"items_purged_floors":[53],"is_endless":false,"potions_floor_spawned":[6,10,12,16,18,29,30,35,39,41,44,46],"killed_by":"The Heart","ascension_level":10}}