{"host":"laht7omblfcukqgz","time":1612094161,"event":{"mods":["Act Like it!","Astrologer","BaseMod","Beaked The Cultist","Card Forge","Colored Map","Colored Powertips","Gensokyo","GifTheSpireLib","HololiveMod","KinomotoSakuraMod(ñÿîVñ{?)","MarisaÅiñ∂âJÅ@ñÇóùçπÅj","Minty Spire (QoL Compilation)","Prisma Mod","StSLib","The Cursed"],"gold_per_floor":[82,97,97,115,115,115,126,72,122,72,35,57,87,102,102,202,202,222,222,222,39,55,55,69,81,106,119,218,133,163,198,198,213,213],"floor_reached":33,"language":"JPN","playtime":2330,"items_purged":[],"score":351,"play_id":"71ffa056-1e9c-4a7e-b334-5e7892bded28","local_time":"20210131205601","is_ascension_mode":false,"campfire_choices":[{"floor":6,"key":"RECALL"},{"data":"Hololive_CallHoushouMarine","floor":15,"key":"SMITH"},{"data":"Hololive_HighAtkLowDef","floor":23,"key":"SMITH"},{"data":"Hololive_Breathe","floor":32,"key":"SMITH"}],"circlet_count":0,"master_deck":["Hololive_SoulCatcher+1","Hololive_CallNakiriAyame+1","Hololive_CallYozoraMel+1","Hololive_CallAyundaRisu+1","Hololive_CallYuzukiChoco+1","Hololive_FlyingPonyTail+1","Hololive_CallMoonaHoshinova+1","Hololive_CallKiryuuCoco+1","Hololive_FlyingPonyTail+1","Hololive_SoulCatcher+1","Hololive_Sequa","Hololive_CallHoushouMarine+1","Hololive_Breathe+1","Hololive_HighAtkLowDef+1","CurseOfTheBell","Hololive_CallManoAloe+1","Bite","Bite","Bite","Bite","Bite","Hololive_CallAZKi+1","Hololive_Sequa+1","Hololive_HuntDinosaur","Hololive_Sequa","Hololive_CallMinatoAqua+1","Hololive_FlyingPonyTail","Hololive_ManjiGathering","Hololive_LuckPotion"],"relics":["Hololive_TheStar","Hammer of Thor","Seething Fire","Anvil of the Gods","NeowsBlessing","Smiling Mask","Calling Bell","Bronze Scales","Pocketwatch","Frozen Egg 2","MutagenicStrength","Lantern","Vajra"],"acts_visited":["Exordium","TheCity"],"potions_floor_usage":[],"damage_taken":[{"damage":0,"enemies":"2 Louse","floor":1,"turns":1},{"damage":0,"enemies":"Jaw Worm","floor":2,"turns":1},{"damage":0,"enemies":"Small Slimes","floor":4,"turns":1},{"damage":0,"enemies":"Blue Slaver","floor":7,"turns":2},{"damage":0,"enemies":"2 Fungi Beasts","floor":12,"turns":2},{"damage":0,"enemies":"3 Sentries","floor":13,"turns":3},{"damage":0,"enemies":"Looter","floor":14,"turns":2},{"damage":0,"enemies":"Hexaghost","floor":16,"turns":4},{"damage":0,"enemies":"Shell Parasite","floor":18,"turns":2},{"damage":2,"enemies":"2 Thieves","floor":22,"turns":3},{"damage":0,"enemies":"Cultist and Chosen","floor":24,"turns":4},{"damage":0,"enemies":"3 Cultists","floor":25,"turns":3},{"damage":0,"enemies":"Centurion and Healer","floor":27,"turns":4},{"damage":0,"enemies":"Cultist and Chosen","floor":30,"turns":3},{"damage":0,"enemies":"Shelled Parasite and Fungi","floor":31,"turns":4},{"damage":33,"enemies":"Collector","floor":33,"turns":5}],"seed_played":"-95108786593848462","potions_obtained":[{"floor":7,"key":"DistilledChaos"},{"floor":13,"key":"Swift Potion"},{"floor":14,"key":"Fire Potion"}],"is_trial":false,"path_per_floor":["M","M","?","M","?","R","M","$","T","?","$","M","E","M","R","B",null,"M","?","?","$","M","R","M","M","T","M","?","$","M","M","R","B"],"character_chosen":"Hololive_HololiveCharacter","items_purchased":["Hololive_FlyingPonyTail","Hololive_SoulCatcher","Lantern","Hololive_CallAZKi+1","Hololive_FlyingPonyTail","Hololive_ManjiGathering"],"campfire_rested":0,"item_purchase_floors":[8,11,21,21,29,29],"current_hp_per_floor":[35,35,35,35,35,35,35,35,35,35,35,35,35,35,35,35,35,35,35,24,24,24,24,24,24,24,24,24,24,24,24,24,0,0],"gold":213,"neow_bonus":"THREE_ENEMY_KILL","is_daily":false,"chose_seed":false,"campfire_upgraded":3,"win_rate":0.0,"timestamp":1612094161,"path_taken":["M","M","?","M","?","R","M","$","T","?","$","M","E","M","R","BOSS","M","?","?","$","M","R","M","M","T","M","?","?","?","M","R","BOSS"],"items_purchased_type":["Card","Card","Relic","Card","Card","Card"],"build_version":"2020-12-22","purchased_purges":0,"victory":false,"max_hp_per_floor":[35,35,35,35,35,35,35,35,35,35,35,35,35,35,35,35,35,35,35,24,24,24,24,24,24,24,24,24,24,24,24,24,24,24],"card_choices":[{"not_picked":["Hololive_Breathe","Hololive_HuntDinosaur","Hololive_Drill"],"picked":"Hololive_FlyingPonyTail","floor":1},{"not_picked":["Hololive_CallAmaneKanata","Hololive_Rebound","Hololive_RevenueBasedLive"],"picked":"Hololive_CallMoonaHoshinova","floor":2},{"not_picked":["Hololive_CallRoboco","Hololive_OvertimeWork","Hololive_WolfAndLamb"],"picked":"Hololive_CallHoshimachiSuisei","floor":4},{"not_picked":["Hololive_LuckPotion","Hololive_Trident","Hololive_CallOkamiMio"],"picked":"Hololive_CallKiryuuCoco","floor":7},{"not_picked":["Hololive_CallAiraniIofifteen","Hololive_CallTsunomakiWatame","Hololive_Teleport"],"picked":"Hololive_Sequa","floor":12},{"not_picked":["Hololive_Sequa","Hololive_Psychosis","Hololive_HuntDinosaur"],"picked":"Hololive_CallHoushouMarine","floor":13},{"not_picked":["Hololive_OvertimeWork","Hololive_WolfAndLamb","Hololive_CallTsunomakiWatame"],"picked":"Hololive_Breathe","floor":14},{"not_picked":["Hololive_StarCraft","Hololive_FlareMind","Hololive_ASMR"],"picked":"Hololive_HighAtkLowDef","floor":16},{"not_picked":["Hololive_OvertimeWork+1","Hololive_CallArtia+1","Hololive_CocoNews"],"picked":"Hololive_CallManoAloe+1","floor":18},{"not_picked":["Hololive_CocoNews","Hololive_Trident","Hololive_Watashimo"],"picked":"Hololive_Sequa+1","floor":22},{"not_picked":["Hololive_Rebound","Hololive_CallFriendA+1","Hololive_CocoNews+1"],"picked":"Hololive_HuntDinosaur","floor":24},{"not_picked":["Hololive_StrengthChampion","Hololive_Rebound","Hololive_CallDoris+1"],"picked":"Hololive_Sequa","floor":25},{"not_picked":["Hololive_CocoNews","Hololive_MaximGun","Hololive_Trident+1"],"picked":"Hololive_CallMinatoAqua+1","floor":27},{"not_picked":["Hololive_OvertimeWork","Hololive_RevenueBasedLive+1","Hololive_Drill"],"picked":"Hololive_LuckPotion","floor":30},{"not_picked":["Hololive_Psychosis","Hololive_ManjiGathering","Hololive_RevenueBasedLive","Hololive_Rebound"],"picked":"SKIP","floor":31}],"player_experience":127020,"relics_obtained":[{"floor":13,"key":"Smiling Mask"},{"floor":17,"key":"Bronze Scales"},{"floor":17,"key":"Pocketwatch"},{"floor":17,"key":"Frozen Egg 2"},{"floor":26,"key":"Vajra"}],"event_choices":[{"damage_healed":0,"gold_gain":0,"player_choice":"Fled","damage_taken":0,"max_hp_gain":0,"max_hp_loss":0,"event_name":"Scrap Ooze","floor":3,"gold_loss":0},{"damage_healed":0,"gold_gain":0,"cards_transformed":["Hololive_CallHoshimachiSuisei"],"player_choice":"Change","damage_taken":0,"max_hp_gain":0,"max_hp_loss":0,"event_name":"Living Wall","floor":5,"gold_loss":0,"cards_obtained":["Hololive_Rebound"]},{"cards_removed":["Hololive_Rebound"],"damage_healed":0,"gold_gain":0,"player_choice":"Card Removal","damage_taken":0,"max_hp_gain":0,"max_hp_loss":0,"event_name":"The Cleric","floor":10,"gold_loss":50},{"damage_healed":0,"gold_gain":0,"player_choice":"Inject Mutagens","damage_taken":0,"relics_obtained":["MutagenicStrength"],"max_hp_gain":0,"max_hp_loss":0,"event_name":"Drug Dealer","floor":19,"gold_loss":0},{"damage_healed":0,"gold_gain":0,"player_choice":"Became a vampire","damage_taken":0,"max_hp_gain":0,"max_hp_loss":11,"event_name":"Vampires","floor":20,"gold_loss":0,"cards_obtained":["Bite","Bite","Bite","Bite","Bite"]},{"damage_healed":0,"gold_gain":99,"player_choice":"Stole From Cult","damage_taken":0,"max_hp_gain":0,"max_hp_loss":0,"event_name":"Nest","floor":28,"gold_loss":0}],"is_beta":false,"boss_relics":[{"not_picked":["Philosopher\u0027s Stone","Velvet Choker"],"picked":"Calling Bell"}],"items_purged_floors":[],"is_endless":false,"potions_floor_spawned":[7,13,14,27,30],"killed_by":"Collector","ascension_level":0}}