{"host":"g7mkzn6qfoxkk5sz","time":1612100132,"event":{"mods":["BaseMod","Colored Map","Colored Powertips","Downfall","Hermit","Marisa????????","Minty Spire (QoL Compilation)","StSLib","The Animator","The Bug Knight","The Servant 0.9.4"],"gold_per_floor":[99,119,129,68,85,85,85,114,51,68,53,153,187,97,107,203,203,103,119,138,138,272,272,272,272,272,297,311,323,223,255,274,378,378,378,392,411,461,461,492,516,20,36,54,54,104,104,118,129,129],"floor_reached":51,"language":"ENG","playtime":3299,"items_purged":["Slimebound:Strike_Slimebound","Slimebound:Defend_Slimebound"],"score":863,"play_id":"5940c3c3-7221-468c-9478-678d691e535d","local_time":"20210131153532","is_ascension_mode":true,"campfire_choices":[{"data":"Slimebound:Split","floor":1,"key":"SMITH"},{"data":"Slimebound:GoopSpray","floor":6,"key":"SMITH"},{"floor":18,"key":"RECALL"},{"data":"Slimebound:MassFeed","floor":23,"key":"SMITH"},{"floor":30,"key":"REST"},{"data":"Slimebound:LeechLife","floor":35,"key":"SMITH"},{"data":"Slimebound:LevelUp","floor":45,"key":"SMITH"},{"data":"Slimebound:MinionMaster","floor":47,"key":"SMITH"}],"circlet_count":0,"master_deck":["Slimebound:Tackle","Slimebound:Defend_Slimebound","Slimebound:Defend_Slimebound","Slimebound:Split+1","Slimebound:CorrosiveSpit","Slimebound:GoopSpray","Slimebound:GoopSpray+1","Slimebound:RollThrough","Slimebound:LivingWall","Slimebound:Gluttony","Slimebound:TagTeam","Slimebound:Schlurp+1","Slimebound:Prepare+1","Slimebound:LevelUp+1","Slimebound:CheckThePlaybook+1","Slimebound:LeadByExample+1","Slimebound:LevelUp+1","Slimebound:MassFeed+1","Slimebound:SlimeSpikes+1","Slimebound:Equalize","Slimebound:Tackle+1","Slimebound:Tackle+1","Slimebound:Tackle+1","Slimebound:LivingWall+1","Slimebound:LeechLife+1","CurseOfTheBell","Slimebound:AcidTongue","Slimebound:SplitAcid","Pain","Slimebound:LevelUp+1","Slimebound:RainOfGoop+1","Slimebound:Prepare+1","Slimebound:MinionMaster+1"],"relics":["Slimebound:AbsorbEndCombat","HollowMod:StagPassRelic","Question Card","Slimebound:AggressiveSlimeRelic","Black Star","downfall:HeartBlessingGreen","Slimebound:SelfDamagePreventRelic","InkBottle","Boot","Pen Nib","downfall:HeartBlessingRed","Bag of Preparation","Orichalcum","Calling Bell","Vajra","StrikeDummy","Calipers","Lizard Tail","WarpedTongs","Gambling Chip","The Courier","Art of War","Kunai","CatCart"],"acts_visited":["Exordium","TheCity","TheBeyond"],"potions_floor_usage":[8,9,16,29,31,33,33,33,42,50,50,50],"damage_taken":[{"damage":7,"enemies":"Cultist","floor":2,"turns":3},{"damage":1,"enemies":"2 Louse","floor":3,"turns":3},{"damage":0,"enemies":"downfall:FleeingMerchant","floor":4,"turns":4},{"damage":2,"enemies":"Jaw Worm","floor":5,"turns":4},{"damage":0,"enemies":"Lagavulin","floor":8,"turns":6},{"damage":0,"enemies":"downfall:FleeingMerchant","floor":9,"turns":4},{"damage":1,"enemies":"Exordium Thugs","floor":10,"turns":4},{"damage":0,"enemies":"downfall:FleeingMerchant","floor":11,"turns":4},{"damage":9,"enemies":"Gremlin Nob","floor":13,"turns":3},{"damage":20,"enemies":"downfall:FleeingMerchant","floor":14,"turns":4},{"damage":10,"enemies":"Exordium Wildlife","floor":15,"turns":3},{"damage":25,"enemies":"DF_ARCHETYPE_STREAMLINE","floor":16,"turns":8},{"damage":6,"enemies":"3 Byrds","floor":19,"turns":5},{"damage":13,"enemies":"Centurion and Healer","floor":20,"turns":6},{"damage":19,"enemies":"downfall:FleeingMerchant","floor":22,"turns":3},{"damage":28,"enemies":"Book of Stabbing","floor":27,"turns":8},{"damage":25,"enemies":"Sentry and Sphere","floor":28,"turns":6},{"damage":0,"enemies":"Cultist and Chosen","floor":29,"turns":4},{"damage":27,"enemies":"Gremlin Leader","floor":31,"turns":6},{"damage":11,"enemies":"Snake Plant","floor":32,"turns":5},{"damage":11,"enemies":"IC_MUSHROOM_ARCHETYPE","floor":33,"turns":10},{"damage":0,"enemies":"3 Shapes","floor":36,"turns":4},{"damage":5,"enemies":"Orb Walker","floor":37,"turns":3},{"damage":0,"enemies":"Orb Walker","floor":38,"turns":6},{"damage":137,"enemies":"Giant Head","floor":40,"turns":10},{"damage":31,"enemies":"3 Darklings","floor":43,"turns":7},{"damage":21,"enemies":"Maw","floor":44,"turns":8},{"damage":19,"enemies":"Orin","floor":46,"turns":8},{"damage":76,"enemies":"Transient","floor":48,"turns":5},{"damage":4,"enemies":"Sphere and 2 Shapes","floor":49,"turns":8},{"damage":106,"enemies":"WA_ARCHETYPE_DIVINITY","floor":50,"turns":13}],"seed_played":"1412788223824163438","potions_obtained":[{"floor":3,"key":"EntropicBrew"},{"floor":5,"key":"Slimebound:SlimyTonguePotion"},{"floor":8,"key":"LiquidBronze"},{"floor":13,"key":"FairyPotion"},{"floor":15,"key":"DistilledChaos"},{"floor":27,"key":"bronze:BurnAndBuffPotion"},{"floor":29,"key":"SteroidPotion"},{"floor":32,"key":"BlessingOfTheForge"},{"floor":33,"key":"SpeedPotion"},{"floor":38,"key":"Strength Potion"}],"is_trial":false,"path_per_floor":["R","M","M","$","M","R","T","E","$","M","$","?","E","$","M","B",null,"R","M","M","?","$","R","T","?","$","E","M","M","R","E","M","B",null,"R","M","M","?","?","E","T","$","M","M","R","?","R","M","M","B",null],"character_chosen":"SLIMEBOUND","items_purchased":["Slimebound:LivingWall","Slimebound:Prepare","Slimebound:LevelUp","Slimebound:SelfDamagePreventRelic","Slimebound:RainOfGoop","Slimebound:Prepare","Kunai","Fruit Juice","Dexterity Potion"],"campfire_rested":1,"item_purchase_floors":[4,9,14,22,42,42,42,42,42],"current_hp_per_floor":[47,44,47,55,59,59,59,63,65,65,65,65,60,46,40,23,65,65,71,68,68,53,53,53,53,53,31,16,24,48,33,24,33,81,81,89,88,105,105,31,31,36,48,110,110,99,99,25,29,9],"gold":129,"neow_bonus":"REMOVE_TWO","is_daily":false,"chose_seed":false,"campfire_upgraded":6,"win_rate":0.0,"timestamp":1612100132,"path_taken":["R","M","M","?","?","R","T","E","$","M","$","?","E","$","M","BOSS","R","M","M","?","$","R","T","?","?","E","M","M","R","E","M","BOSS","R","M","M","?","?","E","T","$","M","?","R","?","R","M","M","BOSS"],"items_purchased_type":["Card","Card","Card","Relic","Card","Card","Relic","Potion","Potion"],"build_version":"2020-12-22","purchased_purges":2,"victory":true,"max_hp_per_floor":[65,65,65,65,65,65,65,65,65,65,65,65,65,65,65,65,65,65,71,77,77,77,77,77,77,77,77,81,81,81,81,81,81,81,81,89,93,105,105,105,105,110,110,110,110,110,110,110,110,110],"card_choices":[{"not_picked":["Slimebound:RollThrough","Slimebound:HauntingLick"],"picked":"Slimebound:GoopSpray","floor":2},{"not_picked":["Slimebound:ForwardTackle","Slimebound:SlimeSpikes"],"picked":"Slimebound:GoopSpray","floor":3},{"not_picked":["Slimebound:ProtectTheBoss","Slimebound:ComboTackle"],"picked":"Slimebound:RollThrough","floor":4},{"not_picked":["Slimebound:LeechEnergy","Slimebound:FinishingTackle"],"picked":"Slimebound:Gluttony","floor":5},{"not_picked":["Slimebound:SplitBruiser","Slimebound:FinishingTackle"],"picked":"Slimebound:TagTeam","floor":8},{"not_picked":["Slimebound:PressTheAttack","Slimebound:RollThrough","Slimebound:HauntingLick"],"picked":"Slimebound:Schlurp","floor":9},{"not_picked":["Slimebound:SlimeBarrage","Slimebound:Dissolve","Slimebound:Replication"],"picked":"Slimebound:LevelUp","floor":10},{"not_picked":["Slimebound:ComboTackle","Slimebound:SplitAcid","Slimebound:FlameTackle"],"picked":"Slimebound:CheckThePlaybook","floor":11},{"not_picked":["Slimebound:RollThrough","Slimebound:ViciousTackle","Slimebound:TongueLash","Slimebound:MegaLick"],"picked":"SKIP","floor":13},{"not_picked":["Slimebound:FlameTackle","Slimebound:LeechingTouch","Slimebound:Schlurp"],"picked":"Slimebound:LeadByExample","floor":14},{"not_picked":["Slimebound:ServeAndProtect","Slimebound:RejuvenatingLick","Slimebound:FinishingTackle","Slimebound:ForwardTackle"],"picked":"SKIP","floor":15},{"not_picked":["Slimebound:DuplicatedForm","Slimebound:DouseInSlime","Slimebound:SelfFormingGoo"],"picked":"Slimebound:MassFeed","floor":16},{"not_picked":["Slimebound:SplitAcid","Slimebound:LeechingTouch","Slimebound:GoopSpray+1"],"picked":"Slimebound:SlimeSpikes+1","floor":19},{"not_picked":["Slimebound:ComboTackle","Slimebound:BestDefense","Slimebound:SamplingLick"],"picked":"Slimebound:Equalize","floor":20},{"not_picked":["Slimebound:Replication","Slimebound:RollThrough+1","Slimebound:GoopSpray+1","Slimebound:Teamwork"],"picked":"SKIP","floor":22},{"not_picked":["Slimebound:DisruptingSlam","Slimebound:LevelUp","Slimebound:OozeBath","Slimebound:SlimeBarrage"],"picked":"SKIP","floor":27},{"not_picked":["Slimebound:SpikyOuterGoop+1","Slimebound:SplitLeeching","Slimebound:Prepare","Slimebound:FlameTackle"],"picked":"SKIP","floor":28},{"not_picked":["Slimebound:FormOfPuddle","Slimebound:DisruptingSlam","Slimebound:PressTheAttack","Slimebound:TongueLash"],"picked":"SKIP","floor":29},{"not_picked":["Slimebound:RejuvenatingLick","Slimebound:DuplicatedForm","Slimebound:SplitBruiser","Slimebound:ComboTackle"],"picked":"SKIP","floor":31},{"not_picked":["Slimebound:PressTheAttack","Slimebound:Grow","Slimebound:DisruptingSlam"],"picked":"Slimebound:LivingWall+1","floor":32},{"not_picked":["Slimebound:SlimeSlap","Slimebound:DuplicatedForm","Slimebound:FirmFortitude"],"picked":"Slimebound:LeechLife","floor":33},{"not_picked":["Slimebound:SplitBruiser","Slimebound:Schlurp","Slimebound:Dissolve+1"],"picked":"Slimebound:AcidTongue","floor":36},{"not_picked":["Slimebound:LeechingTouch","Slimebound:RollThrough","Slimebound:GoopSpray+1"],"picked":"Slimebound:SplitAcid","floor":37},{"not_picked":["Slimebound:RollThrough","Slimebound:Dissolve+1","Slimebound:Teamwork"],"picked":"Slimebound:LevelUp+1","floor":40},{"not_picked":["Slimebound:ComboTackle+1","Slimebound:LivingWall","Slimebound:TongueLash+1","Slimebound:SplitMire"],"picked":"SKIP","floor":43},{"not_picked":["Slimebound:ServeAndProtect+1","Slimebound:SpikyOuterGoop+1","Slimebound:Equalize+1","Slimebound:SplitBruiser"],"picked":"SKIP","floor":44},{"not_picked":["Slimebound:Replication+1","Slimebound:PressTheAttack+1","Slimebound:HauntingLick+1"],"picked":"Slimebound:MinionMaster","floor":46},{"not_picked":["Slimebound:ViciousTackle+1","Slimebound:ComboTackle+1","Slimebound:ProtectTheBoss","Slimebound:Repurpose+1"],"picked":"SKIP","floor":48},{"not_picked":["Slimebound:Grow+1","Slimebound:ItLooksTasty","Slimebound:SlimeTap+1","Slimebound:Chomp"],"picked":"SKIP","floor":49}],"player_experience":461436,"relics_obtained":[{"floor":7,"key":"HollowMod:StagPassRelic"},{"floor":8,"key":"Question Card"},{"floor":13,"key":"Slimebound:AggressiveSlimeRelic"},{"floor":24,"key":"InkBottle"},{"floor":27,"key":"Boot"},{"floor":27,"key":"Pen Nib"},{"floor":31,"key":"Bag of Preparation"},{"floor":31,"key":"Orichalcum"},{"floor":34,"key":"Vajra"},{"floor":34,"key":"StrikeDummy"},{"floor":34,"key":"Calipers"},{"floor":38,"key":"Lizard Tail"},{"floor":40,"key":"Gambling Chip"},{"floor":40,"key":"The Courier"},{"floor":41,"key":"Art of War"},{"floor":46,"key":"CatCart"}],"event_choices":[{"damage_healed":0,"gold_gain":0,"player_choice":"Ignored","damage_taken":0,"max_hp_gain":0,"max_hp_loss":0,"event_name":"Ghosts","floor":21,"gold_loss":0},{"damage_healed":0,"gold_gain":0,"player_choice":"Rummage","damage_taken":0,"relics_obtained":["WarpedTongs"],"max_hp_gain":0,"max_hp_loss":0,"event_name":"Accursed Blacksmith","floor":39,"gold_loss":0,"cards_obtained":["Pain"]},{"damage_healed":0,"gold_gain":0,"player_choice":"Fight","damage_taken":0,"max_hp_gain":0,"max_hp_loss":0,"event_name":"OrinTheCat","floor":46,"gold_loss":0}],"is_beta":false,"boss_relics":[{"not_picked":["Sozu","Tiny House"],"picked":"Black Star"},{"not_picked":["Runic Pyramid","SlaversCollar"],"picked":"Calling Bell"}],"items_purged_floors":[22,42],"is_endless":false,"potions_floor_spawned":[3,5,8,13,15,27,28,29,32,33,37,38,46,49],"ascension_level":1}}