{"host":"0uumfqrc8aynrssa","time":1612126700,"event":{"mods":["AchievementEnabler","Act Like it!","Aspiration","Astrologer","BaseMod","Better Altar","Better Match","Better Note","Better Sensory Stone","Better Skull","Better Third Choice","Better Vampires","CapriCore","Colored Map","Colored Powertips","Conspire","Downfall","Energized Spire","Friendly Minions","Gensokyo","GifTheSpireLib","Hallownest","Hermit","Highlight Path","Hubris","Infinite Spire","Koishi","Marisa????????","Marked Mod","Minty Spire (QoL Compilation)","Pale of the Ancients","Permanent Neow","Potionbrewer","Random Character Button","Rare Cards Sparkle","Reimu??????","Relic Sorter","Reliquary","Remilia??????","Robot Space Explorer","Shop Mod","Somnambulant","Spicy Shops","Spikes Relics","Spire Arcade","StSLib","Stuff the Spire","The Animator","The Awakened One except there are too many feathers","The Bug Knight","The Cursed","The Hierophant","The Immortal","The Marked","The Problem Sleuth","The Runesmith","The Servant 0.9.4","TheBandit","TheFirefly","Trackpad","Wandering Minibosses","everything is the same but u backflip on backflip","slay the spire mod where everything is the same but ironclad has a cowboy hat"],"gold_per_floor":[109,121,23,23,34,67,67,100,100,129,149,149,74,74,74,170,120,130,15,32,32,50,84,84,284,284],"floor_reached":25,"language":"ENG","playtime":1917,"items_purged":[],"score":285,"play_id":"65b99948-b5ec-4ad1-a432-ec212f348846","local_time":"20210131155820","is_ascension_mode":true,"campfire_choices":[{"floor":7,"key":"REST"},{"floor":12,"key":"REST"},{"floor":15,"key":"REST"},{"floor":24,"key":"REST"}],"circlet_count":0,"master_deck":["Strike_G","Strike_G","Strike_G","Strike_G","Defend_G","Defend_G","Defend_G","Defend_G","Defend_G","Survivor+1","Neutralize","Corpse Explosion","Deflect","Noxious Fumes","Grand Finale","Deflect","Backflip","Burst","Strike_G","Slice","Dagger Throw","Blade Dance+1","Quick Slash","Bane"],"relics":["Ring of the Snake","aspiration:VileToxins","reliquary:NewFriend","HollowMod:LifeEnderRelic","Bag of Preparation","energizedSpire:HugeHouse","hubris:Towel","StuffTheSpire:Gunfinga","Bag of Marbles"],"acts_visited":["Gensokyo:Gensokyo","Gensokyo:Gensokyoer"],"potions_floor_usage":[2,2,8,23,25],"damage_taken":[{"damage":0,"enemies":"Gensokyo:Python","floor":1,"turns":3},{"damage":3,"enemies":"Gensokyo:Gryphon","floor":2,"turns":4},{"damage":0,"enemies":"Gensokyo:2_Kodama","floor":5,"turns":2},{"damage":4,"enemies":"Gensokyo:Aya","floor":6,"turns":5},{"damage":3,"enemies":"Gensokyo:Mamizou","floor":8,"turns":5},{"damage":10,"enemies":"Gensokyo:Cirno","floor":10,"turns":6},{"damage":23,"enemies":"Gensokyo:5_Fairies","floor":11,"turns":4},{"damage":24,"enemies":"Gensokyo:Reimu","floor":16,"turns":8},{"damage":1,"enemies":"Gensokyo:CosmicMonolith","floor":18,"turns":3},{"damage":14,"enemies":"Gensokyo:2_Gloops","floor":20,"turns":4},{"damage":9,"enemies":"Gensokyo:Mirror_and_Dog","floor":22,"turns":3},{"damage":18,"enemies":"Gensokyo:Koishi","floor":23,"turns":5},{"damage":50,"enemies":"Gensokyo:Tenshi","floor":25,"turns":6}],"seed_played":"-6124785369258690981","potions_obtained":[{"floor":1,"key":"potionbrewer:SplittingPotion"},{"floor":6,"key":"PowerPotion"},{"floor":10,"key":"potionbrewer:BoundlessPotion"},{"floor":16,"key":"LiquidBronze"},{"floor":18,"key":"champ:CounterPotion"},{"floor":20,"key":"DuplicationPotion"}],"is_trial":false,"path_per_floor":["M","M","$","?","M","E","R","E","T","E","M","R","?","?","R","B",null,"M","COS","M","?","M","E","R","E"],"character_chosen":"THE_SILENT","items_purchased":["Grand Finale"],"campfire_rested":4,"item_purchase_floors":[3],"current_hp_per_floor":[49,46,46,35,35,31,52,49,49,39,16,37,37,37,58,34,65,64,64,50,50,41,23,42,0,0],"gold":284,"neow_bonus":"THREE_RARE_CARDS","is_daily":false,"chose_seed":false,"campfire_upgraded":0,"win_rate":0.0,"timestamp":1612126700,"path_taken":["M","M","$","?","?","E","R","E","T","E","M","R","?","?","R","BOSS","M","COS","M","?","M","E","R","E"],"items_purchased_type":["Card"],"build_version":"2020-12-22","purchased_purges":0,"victory":false,"max_hp_per_floor":[70,70,70,70,70,70,70,70,70,70,70,70,70,70,70,70,65,65,65,65,65,65,65,65,65,65],"card_choices":[{"not_picked":["Glass Knife","Bullet Time"],"picked":"Corpse Explosion","floor":0},{"not_picked":["StuffTheSpire:Python","Sucker Punch"],"picked":"Deflect","floor":1},{"not_picked":["Cloak And Dagger","Night Terror"],"picked":"Noxious Fumes","floor":2},{"not_picked":["Distraction","Pace","Outmaneuver"],"picked":"SKIP","floor":5},{"not_picked":["Underhanded Strike","StuffTheSpire:MirrorStance","Concentrate"],"picked":"SKIP","floor":6},{"not_picked":["ShadowRift","StuffTheSpire:DoubleShiv"],"picked":"Deflect","floor":8},{"not_picked":["Prepared","Pace"],"picked":"Deadly Poison","floor":10},{"not_picked":["InfectiousVector","Flechettes"],"picked":"Backflip","floor":11},{"not_picked":["Bullet Time","A Thousand Cuts"],"picked":"Burst","floor":16},{"not_picked":["Blade Dance+1","Sucker Punch"],"picked":"Dagger Throw","floor":18},{"not_picked":["Sucker Punch+1","StuffTheSpire:Fury+1"],"picked":"Blade Dance+1","floor":20},{"not_picked":["Cloak And Dagger+1","StuffTheSpire:Python"],"picked":"Quick Slash","floor":20},{"not_picked":["Dash","StuffTheSpire:Python","hubris:SlightOfHand"],"picked":"SKIP","floor":22},{"not_picked":["StuffTheSpire:Injection","Dagger Spray"],"picked":"Bane","floor":23}],"player_experience":957163,"relics_obtained":[{"floor":6,"key":"aspiration:VileToxins"},{"floor":8,"key":"reliquary:NewFriend"},{"floor":9,"key":"HollowMod:LifeEnderRelic"},{"floor":10,"key":"Bag of Preparation"},{"floor":23,"key":"Bag of Marbles"}],"event_choices":[{"damage_healed":0,"gold_gain":0,"player_choice":"UP ","damage_taken":13,"relics_obtained":[],"max_hp_gain":0,"max_hp_loss":0,"event_name":"betterSkull:BetterSkull","floor":4,"gold_loss":0,"cards_upgraded":["Survivor"]},{"damage_healed":0,"gold_gain":0,"player_choice":"3","damage_taken":0,"max_hp_gain":0,"max_hp_loss":0,"event_name":"betterMatch:BetterMatch","floor":13,"gold_loss":0,"cards_obtained":[]}],"is_beta":false,"boss_relics":[{"not_picked":["energizedSpire:PogoStick","reliquary:WritOfMandamus"],"picked":"energizedSpire:HugeHouse"}],"items_purged_floors":[],"is_endless":false,"potions_floor_spawned":[1,6,10,16,18,20],"killed_by":"Gensokyo:Tenshi","ascension_level":2}}