{"host":"ibckqdmmf9y74ymf","time":1612120590,"event":{"mods":["2.2 Compatiblity","BaseMod","Colored Map","Curses Come First","Highlight Path","Minty Spire (QoL Compilation)","Quick Restart","Rare Cards Sparkle","Relic Stats","StSLib"],"gold_per_floor":[99,99,99,99,23,23,23,23,23,23,23,23,23,23,23,23,23,23,23],"floor_reached":18,"language":"ENG","playtime":1499,"items_purged":[],"score":494,"play_id":"ae19d45c-6fa8-4805-885f-29d6002404fc","local_time":"20210131201630","is_ascension_mode":true,"campfire_choices":[{"data":"Blasphemy","floor":7,"key":"SMITH"},{"data":"Halt","floor":15,"key":"SMITH"}],"circlet_count":0,"master_deck":["AscendersBane","Strike_P","Strike_P","Strike_P","Strike_P","Defend_P+1","Defend_P","Defend_P","Defend_P+1","Eruption","Vigilance","BowlingBash","CutThroughFate","SandsOfTime","Blasphemy+1","JustLucky","CarveReality","Tantrum","Decay","Halt+1","ReachHeaven","Protect","Omniscience"],"relics":["Ectoplasm","MealTicket","Happy Flower","War Paint","Cursed Key"],"acts_visited":["Exordium","TheCity"],"potions_floor_usage":[6,8,13],"damage_taken":[{"damage":4.0,"enemies":"Small Slimes","floor":1.0,"turns":4.0},{"damage":0.0,"enemies":"Cultist","floor":2.0,"turns":2.0},{"damage":0,"enemies":"2 Louse","floor":4,"turns":1},{"damage":0,"enemies":"Lagavulin","floor":6,"turns":4},{"damage":7,"enemies":"3 Sentries","floor":8,"turns":2},{"damage":7,"enemies":"Lots of Slimes","floor":11,"turns":3},{"damage":0,"enemies":"Exordium Thugs","floor":13,"turns":2},{"damage":0,"enemies":"Red Slaver","floor":14,"turns":2},{"damage":0,"enemies":"Slime Boss","floor":16,"turns":3},{"damage":0,"enemies":"2 Thieves","floor":18,"turns":1}],"seed_played":"1134647610659830986","potions_obtained":[{"floor":1.0,"key":"FearPotion"},{"floor":2.0,"key":"Fire Potion"},{"floor":11,"key":"AttackPotion"},{"floor":13,"key":"BlessingOfTheForge"},{"floor":16,"key":"Dexterity Potion"}],"is_trial":false,"path_per_floor":["M","M","?","M","$","E","R","E","T","?","M","$","M","M","R","B",null,"M"],"character_chosen":"WATCHER","items_purchased":["CarveReality"],"campfire_rested":0,"item_purchase_floors":[5],"current_hp_per_floor":[57,57,57,57,57,57,57,50,50,50,43,58,58,58,58,58,66,66,66],"gold":23,"neow_bonus":"BOSS_RELIC","is_daily":false,"chose_seed":false,"campfire_upgraded":2,"win_rate":0.0,"timestamp":1612120590,"path_taken":["M","M","?","?","$","E","R","E","T","?","?","?","M","M","R","BOSS","M"],"items_purchased_type":["Card"],"build_version":"2020-12-22","purchased_purges":0,"victory":false,"max_hp_per_floor":[68,68,68,68,68,68,68,68,68,68,68,68,68,68,68,68,68,68,68],"relic_stats":{"Happy Flower":[3],"counters":[10,24],"MealTicket":15,"Ectoplasm":242,"War Paint":["Defend_P","Defend_P"],"Cursed Key":0,"obtain_stats":[{"Happy Flower":8,"MealTicket":6,"Ectoplasm":0,"PureWater":0,"War Paint":9,"Cursed Key":17},{"Happy Flower":5,"MealTicket":4,"Ectoplasm":0,"PureWater":0,"War Paint":5,"Cursed Key":9},{"Happy Flower":13,"MealTicket":11,"Ectoplasm":0,"PureWater":0,"War Paint":13,"Cursed Key":23}]},"card_choices":[{"not_picked":["Worship","Evaluate"],"picked":"BowlingBash","floor":1.0},{"not_picked":["Meditate","Swivel"],"picked":"CutThroughFate","floor":2.0},{"not_picked":["EmptyFist","Prostrate"],"picked":"JustLucky","floor":4},{"not_picked":["Crescendo","WaveOfTheHand","Collect"],"picked":"SKIP","floor":6},{"not_picked":["JustLucky","ThirdEye"],"picked":"Tantrum","floor":8},{"not_picked":["FollowUp","Consecrate"],"picked":"Halt","floor":11},{"not_picked":["MasterReality","Consecrate"],"picked":"ReachHeaven","floor":13},{"not_picked":["InnerPeace","Wireheading"],"picked":"Protect","floor":14},{"not_picked":["MasterReality","Devotion"],"picked":"Omniscience","floor":16}],"player_experience":671462,"relics_obtained":[{"floor":6,"key":"MealTicket"},{"floor":8,"key":"Happy Flower"},{"floor":9,"key":"War Paint"}],"event_choices":[{"damage_healed":0,"gold_gain":0,"player_choice":"2 cards matched","damage_taken":0,"max_hp_gain":0,"max_hp_loss":0,"event_name":"Match and Keep!","floor":3,"gold_loss":0,"cards_obtained":["SandsOfTime","Blasphemy"]},{"damage_healed":0,"gold_gain":0,"player_choice":"Cursed","damage_taken":0,"max_hp_gain":0,"max_hp_loss":0,"event_name":"Wheel of Change","floor":10,"gold_loss":0,"cards_obtained":["Decay"]}],"is_beta":false,"boss_relics":[{"not_picked":["SacredBark","Tiny House"],"picked":"Cursed Key"}],"items_purged_floors":[],"is_endless":false,"potions_floor_spawned":[1,2,11,13,16],"killed_by":"2 Thieves","ascension_level":20}}