{"host":"0fmi5fguj5lvt8pf","time":1612135575,"event":{"mods":["BaseMod","Colored Map","Curses Come First","Downfall","Minty Spire (QoL Compilation)","Permanent Neow","StSLib"],"gold_per_floor":[99,141,209,359,260,260,260,283,323,411,449,461,508,535,592,729,741,753,780,809,859,871,883,895,926,938,613,633,650,650,750,761,862,862,862,875,875,507,544,211,211,211,211,211],"floor_reached":42,"language":"ENG","playtime":2311,"items_purged":["champ:Strike","champ:Encircle"],"score":458,"play_id":"72632e9a-ba3c-4b94-bc6f-4c310e21857d","local_time":"20210131152615","is_ascension_mode":false,"campfire_choices":[{"data":"HandOfGreed","floor":1.0,"key":"SMITH"},{"data":"champ:Taunt","floor":6.0,"key":"SMITH"},{"floor":12.0,"key":"REST"},{"data":"champ:EnchantShield","floor":18.0,"key":"SMITH"},{"data":"champ:Lariat","floor":26,"key":"SMITH"},{"floor":35,"key":"RECALL"}],"circlet_count":0,"master_deck":["champ:Strike","champ:Strike","champ:Defend","champ:Defend","champ:Defend","champ:Execute","champ:Taunt+1","HandOfGreed+1","champ:FlashCut","champ:FlashCut","champ:ShieldSigil","champ:ShieldWall","champ:PreciseThrust","champ:SwordSigil","champ:Lariat+1","champ:ShieldWall","champ:FalseCounter","champ:RageSigil","champ:EnchantShield+1","CurseOfTheBell","champ:SkillfulDodge+1","champ:RageSigil","champ:RageSigil","champ:EnchantCrown","champ:StanceDance","champ:HoldFirm","champ:ShieldThrow","expansioncontent:Chronoboost"],"relics":["champ:ChampionCrown","CloakClasp","Pear","Bronze Scales","MawBank","Lizard Tail","Bird Faced Urn","Calling Bell","Tiny Chest","hexamod:CandleOfCauterizing","Unceasing Top","Lee\u0027s Waffle","Happy Flower","MutagenicStrength","Busted Crown","champ:Barbells","Mercury Hourglass"],"acts_visited":["Exordium","TheCity","TheBeyond"],"potions_floor_usage":[27,27,33,38,38],"damage_taken":[{"damage":10.0,"enemies":"Cultist","floor":2.0,"turns":2.0},{"damage":0.0,"enemies":"2 Louse","floor":3.0,"turns":3.0},{"damage":48.0,"enemies":"2 Louse","floor":4.0,"turns":8.0},{"damage":0.0,"enemies":"downfall:FleeingMerchant","floor":5.0,"turns":4.0},{"damage":1.0,"enemies":"Jaw Worm","floor":9.0,"turns":2.0},{"damage":0.0,"enemies":"3 Sentries","floor":10.0,"turns":4.0},{"damage":28.0,"enemies":"Lagavulin","floor":11.0,"turns":7.0},{"damage":11.0,"enemies":"Gremlin Nob","floor":13.0,"turns":3.0},{"damage":0.0,"enemies":"Large Slime","floor":14.0,"turns":5.0},{"damage":19.0,"enemies":"Exordium Wildlife","floor":15.0,"turns":3.0},{"damage":11.0,"enemies":"IC_STATUS_ARCHETYPE","floor":16.0,"turns":7.0},{"damage":18.0,"enemies":"Spheric Guardian","floor":19.0,"turns":4.0},{"damage":16.0,"enemies":"3 Cultists","floor":20.0,"turns":5.0},{"damage":9.0,"enemies":"Chosen and Byrds","floor":21.0,"turns":6.0},{"damage":8,"enemies":"Snake Plant","floor":25,"turns":2},{"damage":2,"enemies":"downfall:FleeingMerchant","floor":27,"turns":4},{"damage":7,"enemies":"Shelled Parasite and Fungi","floor":28,"turns":4},{"damage":0,"enemies":"Centurion and Healer","floor":29,"turns":4},{"damage":26,"enemies":"downfall:Augmenter","floor":31,"turns":6},{"damage":12,"enemies":"Snake Plant","floor":32,"turns":3},{"damage":25,"enemies":"SI_MIRROR_ARCHETYPE","floor":33,"turns":9},{"damage":0,"enemies":"Orb Walker","floor":36,"turns":3},{"damage":18,"enemies":"downfall:FleeingMerchant","floor":38,"turns":4},{"damage":0,"enemies":"3 Shapes","floor":39,"turns":5},{"damage":0,"enemies":"Nemesis","floor":42,"turns":1}],"seed_played":"-4517533615174776309","potions_obtained":[{"floor":3.0,"key":"Explosive Potion"},{"floor":9.0,"key":"LiquidBronze"},{"floor":13.0,"key":"GamblersBrew"},{"floor":14.0,"key":"ColorlessPotion"},{"floor":25,"key":"ColorlessPotion"},{"floor":28,"key":"SpeedPotion"},{"floor":32,"key":"SneckoOil"}],"is_trial":false,"path_per_floor":["R","M","M","?","$","R","T","T","M","?","E","R","E","M","M","B",null,"R","M","M","M","?","?","T","M","R","$","M","M","T","?","M","B",null,"R","M","?","$","M","?","T","E"],"character_chosen":"THE_CHAMP","items_purchased":["champ:ShieldWall","champ:PreciseThrust","Lee\u0027s Waffle","champ:StanceDance","PowerPotion","champ:Barbells","Dexterity Potion","Dexterity Potion"],"campfire_rested":1,"item_purchase_floors":[5,5,27,27,27,38,38,38],"current_hp_per_floor":[81,81,81,43,43,43,53,53,52,52,34,61,50,52,45,38,91,91,75,61,56,86,71,71,63,63,98,93,97,97,75,67,48,98,98,98,98,82,84,110,110,110,110,110],"gold":211,"neow_bonus":"RANDOM_COLORLESS_2","is_daily":false,"chose_seed":false,"campfire_upgraded":4,"win_rate":0.0,"timestamp":1612135575,"path_taken":["R","M","?","?","$","R","T","?","M","?","E","R","E","M","M","BOSS","R","M","M","M","?","?","T","M","R","$","?","M","?","?","M","BOSS","R","M","?","$","M","?","T","E"],"items_purchased_type":["Card","Card","Relic","Card","Potion","Relic","Potion","Potion"],"build_version":"2020-12-22","purchased_purges":2,"victory":false,"max_hp_per_floor":[81,81,81,81,81,81,91,91,91,91,91,91,91,91,91,91,91,91,91,91,91,91,91,91,91,91,98,98,98,98,98,98,98,98,98,98,98,98,98,110,110,110,110,110],"card_choices":[{"not_picked":["Mayhem","Metamorphosis"],"picked":"HandOfGreed","floor":0.0},{"not_picked":["champ:StanceDance","champ:RapidStrikes"],"picked":"champ:FlashCut","floor":2.0},{"not_picked":["champ:AdrenalArmor","champ:Shatter","champ:ArenaPreparation"],"picked":"SKIP","floor":3.0},{"not_picked":["champ:BringItOn","champ:StanceDance"],"picked":"champ:FlashCut","floor":4.0},{"not_picked":["champ:PerfectedStrike","champ:FanOfKnives"],"picked":"champ:ShieldSigil","floor":5.0},{"not_picked":["champ:FancyFootwork","champ:EndlessRage"],"picked":"champ:SwordSigil","floor":9.0},{"not_picked":["champ:Shatter","champ:SwordSigil"],"picked":"champ:Lariat","floor":11.0},{"not_picked":["champ:EnchantSword","champ:StanceDance"],"picked":"champ:ShieldWall","floor":13.0},{"not_picked":["champ:BringItOn","champ:AdrenalArmor"],"picked":"champ:FalseCounter","floor":14.0},{"not_picked":["champ:FancyFootwork","champ:AdrenalArmor"],"picked":"champ:RageSigil","floor":15.0},{"not_picked":["champ:SteelEdge","champ:LastStand"],"picked":"champ:EnchantShield","floor":16.0},{"not_picked":["champ:TornadoPunch+1","champ:EndlessRage+1"],"picked":"champ:SkillfulDodge+1","floor":19.0},{"not_picked":["champ:SetATrap","champ:BladeFlurry","champ:EnGarde"],"picked":"SKIP","floor":20.0},{"not_picked":["champ:GutPunch+1","champ:CrownThrow"],"picked":"champ:RageSigil","floor":21.0},{"not_picked":["champ:BerserkersShout","champ:CrownThrow"],"picked":"champ:RageSigil","floor":25},{"not_picked":["champ:RecklessLeap","champ:PreciseThrust+1"],"picked":"champ:EnchantCrown","floor":27},{"not_picked":["champ:BerserkerStyle","champ:Shatter","champ:GutPunch"],"picked":"SKIP","floor":28},{"not_picked":["champ:FlashCut+1","champ:StanceDance","champ:EnGarde"],"picked":"SKIP","floor":29},{"not_picked":["champ:Haymaker","champ:ShieldSigil","champ:Backstep"],"picked":"SKIP","floor":32},{"not_picked":["champ:VampiricStrike","champ:HoldFirm"],"picked":"champ:ShieldThrow","floor":33},{"not_picked":["champ:PerfectedStrike+1"],"picked":"SKIP","floor":36},{"not_picked":["expansioncontent:Hexaburn","expansioncontent:HyperBeam"],"picked":"expansioncontent:Chronoboost","floor":37},{"not_picked":["champ:Shatter+1"],"picked":"SKIP","floor":38},{"not_picked":["champ:FlashCut+1"],"picked":"SKIP","floor":39}],"player_experience":1472370,"relics_obtained":[{"floor":4.0,"key":"CloakClasp"},{"floor":7.0,"key":"Pear"},{"floor":8.0,"key":"Bronze Scales"},{"floor":10.0,"key":"MawBank"},{"floor":11.0,"key":"Lizard Tail"},{"floor":13.0,"key":"Bird Faced Urn"},{"floor":17.0,"key":"Tiny Chest"},{"floor":17.0,"key":"hexamod:CandleOfCauterizing"},{"floor":17.0,"key":"Unceasing Top"},{"floor":30,"key":"Happy Flower"},{"floor":31,"key":"MutagenicStrength"},{"floor":41,"key":"Mercury Hourglass"}],"event_choices":[{"damage_healed":30,"gold_gain":0,"player_choice":"Heal","damage_taken":0,"max_hp_gain":0,"max_hp_loss":0,"event_name":"The Library","floor":22,"gold_loss":0}],"is_beta":false,"boss_relics":[{"not_picked":["Cursed Key","Tiny House"],"picked":"Calling Bell"},{"not_picked":["Philosopher\u0027s Stone","Runic Dome"],"picked":"Busted Crown"}],"items_purged_floors":[27,38],"is_endless":false,"potions_floor_spawned":[3,9,13,14,15,25,28,32],"killed_by":"Nemesis","ascension_level":0}}