{"host":"6jcxerjfmuawfds2","time":1612101220,"event":{"mods":["BaseMod","Colored Map","Infinite Spire","Minty Spire (QoL Compilation)","StSLib","¡¼?Úª?ø«¡½REMEMod"],"gold_per_floor":[210,26,45,57,73,73,106,106,106,141,141,221,221,241,241,336,336,355,355,365,264,279,306,306,306,306],"floor_reached":25,"language":"KOR","playtime":585,"items_purged":["Strike_B","Strike_B"],"score":289,"play_id":"0204cbe7-15fc-4a35-b69b-1ead7cc10995","local_time":"20210131225340","is_ascension_mode":true,"campfire_choices":[{"data":"Streamline","floor":6,"key":"SMITH"},{"data":"Dualcast","floor":8,"key":"SMITH"},{"data":"Zap","floor":11,"key":"SMITH"},{"floor":15,"key":"REST"},{"floor":24,"key":"REST"}],"circlet_count":0,"master_deck":["Strike_B","Defend_B","Defend_B","Defend_B","Zap+1","Dualcast+1","Streamline+1","Ball Lightning","Ball Lightning","Static Discharge+1","Conserve Battery"],"relics":["Cracked Core","REME_ComplimentaryCards","Membership Card","Bag of Marbles","Pen Nib","StrikeDummy","Empty Cage","Medical Kit","REME_CardOfGreed","Bottled Lightning"],"acts_visited":["Exordium","TheCity"],"potions_floor_usage":[10,23,23],"damage_taken":[{"damage":0,"enemies":"2 Louse","floor":1,"turns":2},{"damage":2,"enemies":"Jaw Worm","floor":3,"turns":3},{"damage":0,"enemies":"Cultist","floor":4,"turns":2},{"damage":6,"enemies":"Exordium Thugs","floor":5,"turns":4},{"damage":20,"enemies":"3 Sentries","floor":7,"turns":6},{"damage":15,"enemies":"Lagavulin","floor":10,"turns":4},{"damage":5,"enemies":"3 Louse","floor":14,"turns":2},{"damage":49,"enemies":"Hexaghost","floor":16,"turns":6},{"damage":19,"enemies":"3 Byrds","floor":18,"turns":3},{"damage":7,"enemies":"Chosen","floor":20,"turns":3},{"damage":21,"enemies":"Snecko","floor":22,"turns":4},{"damage":5,"enemies":"Nightmare","floor":23,"turns":5},{"damage":36,"enemies":"Centurion and Healer","floor":25,"turns":4}],"seed_played":"-9106936369616642443","potions_obtained":[{"floor":3,"key":"Regen Potion"},{"floor":5,"key":"Dexterity Potion"},{"floor":16,"key":"FocusPotion"},{"floor":23,"key":"Strength Potion"}],"is_trial":false,"path_per_floor":["M","$","M","M","M","R","E","R","T","E","R","?","?","M","R","B",null,"M","AVR","M","$","M","NM","R","M"],"character_chosen":"DEFECT","items_purchased":["Membership Card","REME_CardOfGreed","Conserve Battery"],"campfire_rested":2,"item_purchase_floors":[2,21,21],"current_hp_per_floor":[75,75,73,73,67,67,47,47,47,44,44,44,44,39,61,12,59,40,40,33,33,12,7,29,0,0],"gold":306,"neow_bonus":"HUNDRED_GOLD","is_daily":false,"chose_seed":false,"campfire_upgraded":3,"win_rate":0.0,"timestamp":1612101220,"path_taken":["M","$","M","M","M","R","E","R","T","E","R","?","?","M","R","BOSS","M","AVR","M","$","M","NM","R","M"],"items_purchased_type":["Relic","Relic","Card"],"build_version":"2020-12-22","purchased_purges":2,"victory":false,"max_hp_per_floor":[75,75,75,75,75,75,75,75,75,75,75,75,75,75,75,75,75,75,75,75,75,75,75,75,75,75],"card_choices":[{"not_picked":["Skim","Force Field"],"picked":"Streamline","floor":1},{"not_picked":["Conserve Battery","Auto Shields","Compile Driver"],"picked":"SKIP","floor":3},{"not_picked":["Hologram","Coolheaded"],"picked":"Ball Lightning","floor":4},{"not_picked":["BootSequence","REME_Whirling","Double Energy"],"picked":"SKIP","floor":5},{"not_picked":["Barrage","Turbo","Skim"],"picked":"SKIP","floor":7},{"not_picked":["Sweeping Beam","Amplify"],"picked":"Ball Lightning","floor":10},{"not_picked":["Hologram","Gash","Undo"],"picked":"SKIP","floor":14},{"not_picked":["Melter+1","Hello World"],"picked":"Static Discharge+1","floor":18},{"not_picked":["Lockon","Cold Snap","Coolheaded+1"],"picked":"SKIP","floor":20},{"not_picked":["Ball Lightning","Redo","Capacitor"],"picked":"SKIP","floor":22},{"not_picked":["Go for the Eyes+1","Ball Lightning","Steam Power"],"picked":"SKIP","floor":23}],"player_experience":262658,"relics_obtained":[{"floor":7,"key":"Bag of Marbles"},{"floor":9,"key":"Pen Nib"},{"floor":10,"key":"StrikeDummy"},{"floor":23,"key":"Bottled Lightning"}],"event_choices":[{"damage_healed":0,"gold_gain":80,"player_choice":"Gained Gold","damage_taken":0,"max_hp_gain":0,"max_hp_loss":0,"event_name":"Golden Wing","floor":12,"gold_loss":0},{"damage_healed":0,"gold_gain":0,"cards_transformed":["Defend_B"],"player_choice":"Transformed","damage_taken":0,"max_hp_gain":0,"max_hp_loss":0,"event_name":"Transmorgrifier","floor":13,"gold_loss":0,"cards_obtained":["Blizzard"]}],"is_beta":false,"boss_relics":[{"not_picked":["Nuclear Battery","Cursed Key"],"picked":"Empty Cage"}],"items_purged_floors":[2,19],"is_endless":true,"potions_floor_spawned":[3,5,16,23],"killed_by":"Centurion and Healer","ascension_level":5}}