{"host":"87mnajev72vv2sjg","time":1612063663,"event":{"mods":["BaseMod","BetterRewards","Colored Map","Curses Come First","Infinite Spire","Minty Spire (QoL Compilation)","Replay The Spire","Shop Mod","StSLib","SuperFastMode","The Bug Knight"],"gold_per_floor":[118,135,5,80,80,114,128,155,155,155,171,171,171,197,197,302,302,315,333,333,348,366,366,392,60,84,84,116,116,116],"floor_reached":29,"language":"ENG","playtime":1099,"items_purged":["Strike_R","Strike_R"],"score":371,"play_id":"9fcdf68f-0983-4caa-bfe1-3dd3da9c4e06","local_time":"20210130222743","is_ascension_mode":false,"campfire_choices":[{"floor":10,"key":"REST"},{"data":"Replay:Undeath\u0027s Touch","floor":12,"key":"SMITH"},{"data":"Bash","floor":15,"key":"SMITH"},{"data":"Reaper","floor":23,"key":"SMITH"}],"circlet_count":0,"master_deck":["Strike_R","Strike_R","Strike_R","Defend_R","Defend_R","Defend_R","Defend_R","Bash+1","Panacea+1","Run Through","ReplayTheSpireMod:Stacked","Combust+1","Replay:Undeath\u0027s Touch+1","ReplayTheSpireMod:Strike From Hell","Reaper+1","infinitespire:Collect","Fire Breathing+1","Rupture+1","Flex","Midas Touch","J.A.X.","Burning Pact"],"relics":["Burning Blood","infinitespire:PuzzleCube","Frozen Egg 2","Oddly Smooth Stone","Odd Mushroom","infinitespire:Burning Sword","Bag of Marbles","Pen Nib","Chemical X","Potion Belt","infinitespire:FocusingShard"],"acts_visited":["Exordium","TheCity"],"potions_floor_usage":[6,8,16,24,24,24],"damage_taken":[{"damage":0,"enemies":"2 Louse","floor":1,"turns":3},{"damage":10,"enemies":"Jaw Worm","floor":2,"turns":4},{"damage":35,"enemies":"Lagavulin","floor":6,"turns":8},{"damage":4,"enemies":"Cultist","floor":7,"turns":3},{"damage":14,"enemies":"3 Sentries","floor":8,"turns":5},{"damage":2,"enemies":"2 Fungi Beasts","floor":11,"turns":3},{"damage":14,"enemies":"The Mushroom Lair","floor":14,"turns":4},{"damage":24,"enemies":"Slime Boss","floor":16,"turns":7},{"damage":18,"enemies":"Chosen","floor":18,"turns":5},{"damage":38,"enemies":"3 Byrds","floor":19,"turns":4},{"damage":14,"enemies":"Snecko","floor":21,"turns":5},{"damage":10,"enemies":"Chosen and Byrds","floor":22,"turns":5},{"damage":28,"enemies":"Book of Stabbing","floor":24,"turns":6},{"damage":23,"enemies":"HollowMod:Nosk","floor":28,"turns":4},{"damage":57,"enemies":"Masked Bandits","floor":29,"turns":3}],"seed_played":"-1155074616896675476","potions_obtained":[{"floor":2,"key":"Weak Potion"},{"floor":5,"key":"BloodPotion"},{"floor":5,"key":"BlessingOfTheForge"},{"floor":6,"key":"ColorlessPotion"},{"floor":14,"key":"Fire Potion"},{"floor":18,"key":"DistilledChaos"}],"is_trial":false,"path_per_floor":["M","M","$","?","?","E","M","E","T","R","M","R","?","?","R","B",null,"M","M","AVR","M","M","R","E","$","T","?","E","?"],"character_chosen":"IRONCLAD","items_purchased":["Panacea","Run Through","Combust+1","Midas Touch","Chemical X"],"campfire_rested":1,"item_purchase_floors":[0,0,3,25,25],"current_hp_per_floor":[80,76,76,65,65,52,54,46,46,70,74,74,74,66,66,48,80,68,48,48,52,53,53,31,31,31,31,22,0,0],"gold":116,"neow_bonus":"","is_daily":false,"chose_seed":false,"campfire_upgraded":3,"win_rate":0.0,"timestamp":1612063663,"path_taken":["M","M","$","?","?","E","M","E","T","R","?","R","?","?","R","BOSS","M","M","AVR","M","M","R","E","$","T","?","E","?"],"items_purchased_type":["Card","Card","Card","Card","Relic"],"build_version":"2020-12-22","purchased_purges":2,"victory":false,"max_hp_per_floor":[80,80,80,80,80,80,80,80,80,80,80,80,80,80,80,80,80,80,80,80,80,80,80,80,80,80,80,80,80,80],"card_choices":[{"not_picked":["Shrug It Off","Armaments","Sword Boomerang"],"picked":"SKIP","floor":1},{"not_picked":["Pommel Strike","Sever Soul"],"picked":"ReplayTheSpireMod:Stacked","floor":2},{"not_picked":["Dropkick","Pummel","Feed"],"picked":"SKIP","floor":6},{"not_picked":["Body Slam","Evolve"],"picked":"Replay:Undeath\u0027s Touch","floor":7},{"not_picked":["Inflame+1","Shrug It Off","Havoc"],"picked":"SKIP","floor":8},{"not_picked":["Run Through","Flex"],"picked":"ReplayTheSpireMod:Strike From Hell","floor":11},{"not_picked":["Replay:Many Hands","Demon Form+1"],"picked":"Reaper","floor":16},{"not_picked":["Wild Strike","Warcry+1","Massacre"],"picked":"SKIP","floor":18},{"not_picked":["Anger","Shrug It Off","Pommel Strike"],"picked":"SKIP","floor":19},{"not_picked":["Anger","Replay:Undeath\u0027s Touch+1"],"picked":"Fire Breathing+1","floor":21},{"not_picked":["Body Slam","Heavy Blade+1"],"picked":"Rupture+1","floor":22},{"not_picked":["Thunderclap","Anger"],"picked":"Flex","floor":24},{"not_picked":["Anger+1","Seeing Red"],"picked":"Burning Pact","floor":28}],"player_experience":315934,"relics_obtained":[{"floor":6,"key":"infinitespire:PuzzleCube"},{"floor":8,"key":"Frozen Egg 2"},{"floor":9,"key":"Oddly Smooth Stone"},{"floor":14,"key":"Odd Mushroom"},{"floor":24,"key":"Pen Nib"},{"floor":26,"key":"Potion Belt"},{"floor":28,"key":"infinitespire:FocusingShard"}],"event_choices":[{"damage_healed":0,"gold_gain":75,"player_choice":"Gather Gold","damage_taken":11,"max_hp_gain":0,"max_hp_loss":0,"event_name":"World of Goop","floor":4,"gold_loss":0},{"damage_healed":0,"gold_gain":0,"player_choice":"Got Potions","damage_taken":0,"max_hp_gain":0,"max_hp_loss":0,"event_name":"Lab","floor":5,"gold_loss":0},{"damage_healed":0,"gold_gain":0,"player_choice":"Grow","damage_taken":0,"max_hp_gain":0,"max_hp_loss":0,"event_name":"Living Wall","floor":13,"gold_loss":0,"cards_upgraded":["Panacea"]},{"damage_healed":0,"gold_gain":0,"player_choice":"Fought Mushrooms","damage_taken":0,"max_hp_gain":0,"max_hp_loss":0,"event_name":"Mushrooms","floor":14,"gold_loss":0},{"damage_healed":0,"gold_gain":0,"player_choice":"Obtain J.A.X.","damage_taken":0,"max_hp_gain":0,"max_hp_loss":0,"event_name":"Drug Dealer","floor":27,"gold_loss":0,"cards_obtained":["J.A.X."]},{"damage_healed":0,"gold_gain":0,"player_choice":"Fought Bandits","damage_taken":0,"max_hp_gain":0,"max_hp_loss":0,"event_name":"Masked Bandits","floor":29,"gold_loss":0}],"is_beta":false,"boss_relics":[{"not_picked":["Painkiller Herb","Pandora\u0027s Box"],"picked":"infinitespire:Burning Sword"}],"items_purged_floors":[3,20],"is_endless":false,"potions_floor_spawned":[2,6,7,14,18,22],"killed_by":"Masked Bandits","ascension_level":0}}