{"host":"uimu98mr9zvwuo5s","time":1612110127,"event":{"mods":["2.2 Compatiblity","Aspiration","BaseMod","Better Note","Better Third Choice","BetterRewards","Conspire","Downfall","GifTheSpireLib","Highlight Path","Hubris","Infinite Spire","Jedi Mod","Minty Spire (QoL Compilation)","Rare Cards Sparkle","Replay The Spire","Shop Mod","Spicy Shops","StSLib","Stuff the Spire","Uncapped"],"gold_per_floor":[99,114,14,14,59,109,109,124,131,131,166,8,37,57,99,209,209,209,222,268,284,284,284,284,331,384,452,488,488,533,533,550,550],"floor_reached":32,"language":"ENG","playtime":2947,"items_purged":["infinitespire:Oblivion"],"score":276,"play_id":"49b6c948-5414-4653-8e97-72a9b9de8697","local_time":"20210131112207","is_ascension_mode":false,"campfire_choices":[{"data":"Slimebound:Split","floor":1,"key":"SMITH"},{"data":"Slimebound:SplitSpecialist","floor":18,"key":"SMITH"}],"circlet_count":0,"master_deck":["Slimebound:Strike_Slimebound","Slimebound:Tackle","Slimebound:Defend_Slimebound","Slimebound:Defend_Slimebound","Slimebound:Defend_Slimebound","Slimebound:Defend_Slimebound","Slimebound:Split+1","Slimebound:CorrosiveSpit","conspire:SpireCoStock","conspire:SpireCoStock","Slimebound:SamplingLick","Slimebound:LeadByExample","Slimebound:SplitSpecialist+1","Slimebound:LeechingTouch","infinitespire:Collect","Slimebound:Teamwork+1","Slimebound:ProtectTheBoss+1","Slimebound:Repurpose"],"relics":["Slimebound:AbsorbEndCombat","Anchor","StuffTheSpire:Gunfinga","StuffTheSpire:RubySignet","MerchantsRug","hubris:Backtick","Calipers","PreservedInsect","hubris:ToyBattleship","aspiration:ChemicalBlood"],"acts_visited":["Exordium","TheCity"],"potions_floor_usage":[12,12,27,27,27,27,27,27,30],"damage_taken":[{"damage":0,"enemies":"conspire:RoseBush","floor":2,"turns":3},{"damage":6,"enemies":"Jaw Worm","floor":5,"turns":5},{"damage":34,"enemies":"3 Sentries","floor":6,"turns":9},{"damage":0,"enemies":"Small Slimes","floor":8,"turns":3},{"damage":7,"enemies":"downfall:FleeingMerchant","floor":9,"turns":4},{"damage":7,"enemies":"Lagavulin","floor":11,"turns":5},{"damage":15,"enemies":"downfall:FleeingMerchant","floor":12,"turns":4},{"damage":2,"enemies":"conspire:2 RoseBushes","floor":13,"turns":5},{"damage":6,"enemies":"Large Slime","floor":14,"turns":5},{"damage":6,"enemies":"Lots of Slimes","floor":15,"turns":5},{"damage":10,"enemies":"IC_STATUS_ARCHETYPE","floor":16,"turns":6},{"damage":15,"enemies":"Shell Parasite","floor":19,"turns":5},{"damage":4,"enemies":"Snecko","floor":20,"turns":5},{"damage":0,"enemies":"Snake Plant","floor":21,"turns":3},{"damage":21,"enemies":"Cultist and Chosen","floor":25,"turns":7},{"damage":0,"enemies":"Sentry and Sphere","floor":26,"turns":8},{"damage":7,"enemies":"Nightmare","floor":27,"turns":9},{"damage":35,"enemies":"3 Cultists","floor":28,"turns":6},{"damage":17,"enemies":"Snake Plant","floor":30,"turns":6},{"damage":10,"enemies":"Cultist and Chosen","floor":32,"turns":4}],"seed_played":"-3399705235319452127","potions_obtained":[{"floor":5,"key":"champ:CounterPotion"},{"floor":11,"key":"SkillPotion"},{"floor":13,"key":"EssenceOfSteel"},{"floor":15,"key":"EntropicBrew"},{"floor":16,"key":"conspire:TimeTravelPotion"},{"floor":28,"key":"Flashbang"}],"is_trial":false,"path_per_floor":["R","M","?","?","M","E","T","M","$","?","E","$","M","M","M","B",null,"R","M","M","M","?","?","T","M","M","NM","M","AVR","M","?","M"],"character_chosen":"SLIMEBOUND","items_purchased":["MerchantsRug"],"campfire_rested":0,"item_purchase_floors":[12],"current_hp_per_floor":[71,71,71,71,69,39,39,41,38,22,19,8,14,14,12,8,71,71,60,62,66,66,66,66,53,55,52,19,19,8,8,0,0,0],"gold":550,"neow_bonus":"TEN_PERCENT_HP_BONUS","is_daily":false,"chose_seed":false,"campfire_upgraded":2,"win_rate":0.0,"timestamp":1612110127,"path_taken":["R","M","?","?","M","E","T","?","?","?","E","$","M","M","M","BOSS","R","M","M","M","?","?","T","M","M","NM","M","AVR","M","?","M"],"items_purchased_type":["Relic"],"build_version":"2020-12-22","purchased_purges":1,"victory":false,"max_hp_per_floor":[71,71,71,71,71,71,71,71,71,71,71,71,71,71,71,71,71,71,71,71,71,71,71,71,71,71,71,71,71,71,71,71,71,71],"card_choices":[{"not_picked":["Slimebound:AcidTongue","Slimebound:Replication","Slimebound:ServeAndProtect"],"picked":"SKIP","floor":2},{"not_picked":["Slimebound:LivingWall","Slimebound:HauntingLick"],"picked":"Slimebound:SamplingLick","floor":5},{"not_picked":["Slimebound:HauntingLick","Slimebound:ViciousTackle"],"picked":"Slimebound:LeadByExample","floor":6},{"not_picked":["Slimebound:ComboTackle","Slimebound:PressTheAttack"],"picked":"Slimebound:SplitSpecialist","floor":8},{"not_picked":["Slimebound:PressTheAttack","Slimebound:TongueLash"],"picked":"Slimebound:LeechingTouch","floor":9},{"not_picked":["infinitespire:FutureSight","ReplayTheSpireMod:Book of Names"],"picked":"infinitespire:Collect","floor":10},{"not_picked":["Slimebound:HauntingLick","Slimebound:Recollect","Slimebound:Dissolve"],"picked":"SKIP","floor":11},{"not_picked":["Slimebound:PrepareCrush","Slimebound:Prepare","Slimebound:RollThrough"],"picked":"SKIP","floor":12},{"not_picked":["Slimebound:LivingWall","Slimebound:RollThrough","Slimebound:SplitBruiser"],"picked":"SKIP","floor":13},{"not_picked":["Slimebound:SplitAcid","Slimebound:PressTheAttack"],"picked":"Slimebound:Teamwork","floor":14},{"not_picked":["Slimebound:SplitMire","Slimebound:Prepare","Slimebound:ComboTackle"],"picked":"SKIP","floor":15},{"not_picked":["Slimebound:LeechingTouch","Slimebound:SplitAcid","Slimebound:SlimeSpikes"],"picked":"SKIP","floor":19},{"not_picked":["Slimebound:ServeAndProtect","Slimebound:ComboTackle","Slimebound:BestDefense"],"picked":"SKIP","floor":20},{"not_picked":["Slimebound:LeechEnergy","Slimebound:Nibble","Slimebound:GoopSpray+1"],"picked":"SKIP","floor":21},{"not_picked":["Slimebound:PressTheAttack","Slimebound:GoopSpray"],"picked":"Slimebound:ProtectTheBoss+1","floor":25},{"not_picked":["Slimebound:SlimeBarrage","Slimebound:RallyTheTroops","Slimebound:ViciousTackle"],"picked":"SKIP","floor":26},{"not_picked":["Slimebound:Dissolve","Slimebound:SplitMire"],"picked":"Slimebound:Repurpose","floor":27},{"not_picked":["Slimebound:SplitAcid","Slimebound:SamplingLick","Slimebound:LeechEnergy"],"picked":"SKIP","floor":28},{"not_picked":["Slimebound:FlameTackle","Slimebound:ItLooksTasty","Slimebound:SlimeSpikes"],"picked":"SKIP","floor":30}],"player_experience":276094,"relics_obtained":[{"floor":6,"key":"Anchor"},{"floor":7,"key":"StuffTheSpire:Gunfinga"},{"floor":11,"key":"StuffTheSpire:RubySignet"},{"floor":24,"key":"PreservedInsect"},{"floor":27,"key":"hubris:ToyBattleship"}],"event_choices":[{"damage_healed":0,"gold_gain":0,"player_choice":"Invest 2","damage_taken":0,"max_hp_gain":0,"max_hp_loss":0,"event_name":"conspire:Investor","floor":3,"gold_loss":0},{"cards_removed":["Slimebound:SplitSpecialist"],"damage_healed":0,"gold_gain":0,"player_choice":"Take \u0026 Give","damage_taken":0,"max_hp_gain":0,"max_hp_loss":0,"event_name":"betterNote:BetterNote","floor":22,"gold_loss":0,"cards_obtained":["infinitespire:Oblivion"]},{"damage_healed":0,"gold_gain":0,"player_choice":"Forge","damage_taken":0,"max_hp_gain":0,"max_hp_loss":0,"event_name":"Accursed Blacksmith","floor":31,"gold_loss":0,"cards_upgraded":["Slimebound:Teamwork"]}],"is_beta":false,"boss_relics":[{"not_picked":["infinitespire:Cupcake","SacredBark"],"picked":"hubris:Backtick"}],"items_purged_floors":[29],"is_endless":true,"potions_floor_spawned":[5,11,13,15,16,19,25,26,28],"killed_by":"Cultist and Chosen","ascension_level":0}}