{"host":"yx5rao87132cy5xq","time":1612131783,"event":{"mods":["2.2 Compatiblity","AchievementEnabler","BaseMod","Bestiary","Colored Map","Colored Powertips","Minty Spire (QoL Compilation)","Quick Restart","Relic Stats","Slay-I","SuperFastMode"],"gold_per_floor":[110,110,110,127,137,165,184,203,203,203,234,74,74,88,88,161,161,175,175,186,209,271,283,283],"floor_reached":23,"language":"ENG","playtime":2241,"items_purged":["Strike_R"],"score":362,"play_id":"0a1ad352-c0b2-4aed-913c-6d5729be7c46","local_time":"20210131232303","is_ascension_mode":true,"campfire_choices":[{"floor":10,"key":"REST"},{"floor":13,"key":"REST"},{"data":"Shockwave","floor":15,"key":"SMITH"}],"circlet_count":0,"master_deck":["AscendersBane","Strike_R","Strike_R","Defend_R","Defend_R","Defend_R","Defend_R","Bash+1","Clash","Reckless Charge","Disarm","Pommel Strike","Cleave","Cleave","Feel No Pain","Spot Weakness","Shockwave+1","Immolate","Iron Wave","Reaper","Havoc+1"],"relics":["Burning Blood","Question Card","Bottled Lightning","Tiny Chest","Empty Cage","MawBank"],"acts_visited":["Exordium","TheCity"],"potions_floor_usage":[16,23],"damage_taken":[{"damage":0.0,"enemies":"Small Slimes","floor":1.0,"turns":3.0},{"damage":0.0,"enemies":"Cultist","floor":4.0,"turns":3.0},{"damage":1.0,"enemies":"2 Louse","floor":5.0,"turns":3.0},{"damage":55.0,"enemies":"3 Sentries","floor":6.0,"turns":12.0},{"damage":5,"enemies":"Gremlin Gang","floor":7,"turns":5},{"damage":7,"enemies":"Blue Slaver","floor":8,"turns":3},{"damage":34,"enemies":"Gremlin Nob","floor":11,"turns":5},{"damage":0,"enemies":"3 Louse","floor":14,"turns":2},{"damage":15,"enemies":"Hexaghost","floor":16,"turns":8},{"damage":6,"enemies":"Chosen","floor":18,"turns":6},{"damage":32,"enemies":"Shell Parasite","floor":20,"turns":7},{"damage":45,"enemies":"Gremlin Leader","floor":23,"turns":7}],"seed_played":"1867995786134018914","potions_obtained":[{"floor":1.0,"key":"GamblersBrew"},{"floor":7,"key":"LiquidMemories"},{"floor":11,"key":"PowerPotion"}],"is_trial":false,"path_per_floor":["M","?","?","M","M","E","M","M","T","R","E","$","R","M","R","B",null,"M","?","M","T","?","E"],"character_chosen":"IRONCLAD","items_purchased":["Spot Weakness"],"campfire_rested":2,"item_purchase_floors":[12],"current_hp_per_floor":[74,74,74,75,75,26,27,26,26,48,20,20,42,48,48,39,66,66,66,40,40,40,0,0],"gold":283,"neow_bonus":"UPGRADE_CARD","is_daily":false,"chose_seed":false,"campfire_upgraded":1,"win_rate":0.0,"timestamp":1612131783,"path_taken":["M","?","?","M","M","E","M","M","T","R","E","$","R","?","R","BOSS","M","?","?","?","?","E"],"items_purchased_type":["Card"],"build_version":"2020-12-22","purchased_purges":1,"victory":false,"max_hp_per_floor":[75,75,75,75,75,75,75,75,75,75,75,75,75,75,75,75,75,75,75,75,75,75,75,75],"relic_stats":{"counters":[12,64],"Tiny Chest":1,"Question Card":7,"MawBank":24,"obtain_stats":[{"Tiny Chest":11,"Bottled Lightning":9,"Question Card":6,"Empty Cage":17,"MawBank":21,"Burning Blood":0},{"Tiny Chest":7,"Bottled Lightning":6,"Question Card":4,"Empty Cage":9,"MawBank":11,"Burning Blood":0},{"Tiny Chest":34,"Bottled Lightning":29,"Question Card":21,"Empty Cage":44,"MawBank":57,"Burning Blood":0}],"Burning Blood":56},"card_choices":[{"not_picked":["Rupture","Pommel Strike"],"picked":"Clash","floor":1.0},{"not_picked":["Twin Strike","Thunderclap"],"picked":"Reckless Charge","floor":4.0},{"not_picked":["True Grit","Headbutt"],"picked":"Disarm","floor":5.0},{"not_picked":["Bloodletting","True Grit"],"picked":"Pommel Strike","floor":6.0},{"not_picked":["Havoc","Infernal Blade","Flex"],"picked":"Cleave","floor":7},{"not_picked":["Body Slam","Clothesline","Clash"],"picked":"Cleave","floor":8},{"not_picked":["Searing Blow","Limit Break","Disarm"],"picked":"Feel No Pain","floor":11},{"not_picked":["Heavy Blade","Twin Strike","Havoc"],"picked":"Shockwave","floor":14},{"not_picked":["Exhume","Fiend Fire","Juggernaut"],"picked":"Immolate","floor":16},{"not_picked":["Carnage","Infernal Blade","Wild Strike"],"picked":"Iron Wave","floor":18},{"not_picked":["Sword Boomerang","Burning Pact","Evolve+1"],"picked":"Havoc+1","floor":20}],"player_experience":951104,"relics_obtained":[{"floor":6.0,"key":"Question Card"},{"floor":9,"key":"Bottled Lightning"},{"floor":11,"key":"Tiny Chest"},{"floor":21,"key":"MawBank"}],"event_choices":[{"damage_healed":0.0,"max_hp_gain":0.0,"max_hp_loss":0.0,"gold_gain":0.0,"event_name":"The Cleric","player_choice":"Leave","floor":2.0,"gold_loss":0.0,"damage_taken":0.0},{"damage_healed":0.0,"max_hp_gain":0.0,"max_hp_loss":0.0,"gold_gain":0.0,"event_name":"Match and Keep!","player_choice":"0 cards matched","floor":3.0,"gold_loss":0.0,"damage_taken":0.0,"cards_obtained":[]},{"damage_healed":0,"gold_gain":0,"player_choice":"1 cards matched","damage_taken":0,"max_hp_gain":0,"max_hp_loss":0,"event_name":"Match and Keep!","floor":19,"gold_loss":0,"cards_obtained":["Reaper"]},{"damage_healed":0,"gold_gain":50,"player_choice":"Stole From Cult","damage_taken":0,"max_hp_gain":0,"max_hp_loss":0,"event_name":"Nest","floor":22,"gold_loss":0}],"is_beta":false,"boss_relics":[{"not_picked":["Runic Pyramid","Runic Cube"],"picked":"Empty Cage"}],"items_purged_floors":[12],"is_endless":false,"potions_floor_spawned":[1,7,11,14],"killed_by":"Gremlin Leader","ascension_level":16}}