{"host":"nnmmiiw4bez2c8ei","time":1612063193,"event":{"mods":["AchievementEnabler","BaseMod","Colored Map","Colored Powertips","Minty Spire (QoL Compilation)","Rare Cards Sparkle","StSLib"],"gold_per_floor":[113,113,113,133,54,87,87,103,103,123,298,298,327,348,348,348,348],"floor_reached":16,"language":"KOR","playtime":348,"items_purged":[],"score":181,"play_id":"f433e1a2-963a-441b-9990-a0b4a2179eaa","local_time":"20210131121953","is_ascension_mode":true,"campfire_choices":[{"data":"Entrench","floor":7.0,"key":"SMITH"},{"floor":15.0,"key":"REST"}],"circlet_count":0,"master_deck":["Strike_R","Strike_R","Strike_R","Strike_R","Strike_R","Defend_R","Defend_R","Defend_R","Defend_R","Bash","Entrench+1","Injury","Power Through","Evolve","Clash","Double Tap","Doubt","Regret","Thunderclap","Body Slam"],"relics":["Burning Blood","NeowsBlessing","Golden Idol","Darkstone Periapt","Smiling Mask","Strawberry","Happy Flower","Odd Mushroom"],"acts_visited":["Exordium"],"potions_floor_usage":[16],"damage_taken":[{"damage":0.0,"enemies":"Jaw Worm","floor":1.0,"turns":1.0},{"damage":0.0,"enemies":"Small Slimes","floor":4.0,"turns":1.0},{"damage":0.0,"enemies":"Lagavulin","floor":6.0,"turns":2.0},{"damage":16.0,"enemies":"Cultist","floor":8.0,"turns":4.0},{"damage":3.0,"enemies":"Blue Slaver","floor":10.0,"turns":4.0},{"damage":59.0,"enemies":"The Mushroom Lair","floor":13.0,"turns":7.0},{"damage":19.0,"enemies":"3 Louse","floor":14.0,"turns":5.0},{"damage":40,"enemies":"Slime Boss","floor":16,"turns":6}],"seed_played":"-651914905037027119","potions_obtained":[{"floor":1.0,"key":"SpeedPotion"},{"floor":8.0,"key":"Weak Potion"},{"floor":13.0,"key":"Fruit Juice"}],"is_trial":false,"path_per_floor":["M","?","?","M","$","E","R","M","T","M","?","?","?","M","R","B"],"character_chosen":"IRONCLAD","items_purchased":["Evolve"],"campfire_rested":1,"item_purchase_floors":[5],"current_hp_per_floor":[80,80,80,80,80,80,80,70,77,80,86,92,44,31,62,22,22],"gold":348,"neow_bonus":"THREE_ENEMY_KILL","is_daily":false,"chose_seed":false,"campfire_upgraded":1,"win_rate":0.0,"timestamp":1612063193,"path_taken":["M","?","?","?","$","E","R","M","T","M","?","?","?","M","R","BOSS"],"items_purchased_type":["Card"],"build_version":"2020-12-22","purchased_purges":0,"victory":false,"max_hp_per_floor":[80,80,80,80,80,80,80,80,87,87,93,99,104,104,104,104,104],"card_choices":[{"not_picked":["Wild Strike","Reckless Charge"],"picked":"Entrench","floor":1.0},{"not_picked":["Body Slam","Seeing Red"],"picked":"Power Through","floor":4.0},{"not_picked":["Perfected Strike","Sword Boomerang","Uppercut"],"picked":"SKIP","floor":6.0},{"not_picked":["Pommel Strike","Sentinel"],"picked":"Clash","floor":8.0},{"not_picked":["Wild Strike","Clash"],"picked":"Double Tap","floor":10.0},{"not_picked":["Flex","Seeing Red"],"picked":"Thunderclap","floor":13.0},{"not_picked":["Flex","Metallicize"],"picked":"Body Slam","floor":14.0}],"player_experience":493557,"relics_obtained":[{"floor":6.0,"key":"Smiling Mask"},{"floor":9.0,"key":"Strawberry"},{"floor":13.0,"key":"Odd Mushroom"}],"event_choices":[{"damage_healed":0.0,"max_hp_gain":0.0,"max_hp_loss":0.0,"gold_gain":0.0,"event_name":"Golden Idol","player_choice":"Take Wound","floor":2.0,"gold_loss":0.0,"damage_taken":0.0,"relics_obtained":["Golden Idol"],"cards_obtained":["Injury"]},{"damage_healed":0.0,"max_hp_gain":0.0,"max_hp_loss":0.0,"gold_gain":0.0,"event_name":"WeMeetAgain","player_choice":"Gave Potion","floor":3.0,"gold_loss":0.0,"damage_taken":0.0,"relics_obtained":["Darkstone Periapt"]},{"damage_healed":0.0,"max_hp_gain":0.0,"max_hp_loss":0.0,"gold_gain":175.0,"event_name":"Liars Game","player_choice":"AGREE","floor":11.0,"gold_loss":0.0,"damage_taken":0.0,"cards_obtained":["Doubt"]},{"damage_healed":0.0,"max_hp_gain":0.0,"max_hp_loss":0.0,"gold_gain":0.0,"event_name":"Big Fish","player_choice":"Box","floor":12.0,"gold_loss":0.0,"damage_taken":0.0,"relics_obtained":["Happy Flower"],"cards_obtained":["Regret"]},{"damage_healed":0.0,"max_hp_gain":0.0,"max_hp_loss":0.0,"gold_gain":0.0,"event_name":"Mushrooms","player_choice":"Fought Mushrooms","floor":13.0,"gold_loss":0.0,"damage_taken":0.0}],"is_beta":false,"boss_relics":[],"items_purged_floors":[],"is_endless":false,"potions_floor_spawned":[1,8,13],"killed_by":"Slime Boss","ascension_level":5}}