{"host":"67d7yvf7wgk1klfn","time":1612057355,"event":{"mods":["Aspiration","BaseMod","Colored Powertips","Conspire","Dark Map","Downfall","Energized Spire","Hubris","Infinite Spire","Minty Spire (QoL Compilation)","Relic Stats","Reliquary","Replay The Spire","Smile Girya","Spire Arcade","StS++","StSLib","ojb\u0027s Info Mod"],"gold_per_floor":[118,129,147,164,164,198,18,47,47,59,59,79,79,108,108,212,212,228,242,257,31,31,62,26,40,40,56,56,66,83,112,112,211,211,228,247,47,47,150,182,201,253,253,276,286,109,150,188,188,188,188,188,113,146,146],"floor_reached":56,"language":"ENG","playtime":4380,"items_purged":["Strike_G","Strike_G"],"score":1325,"play_id":"60589a89-7e44-45bc-9607-b2ab69dbb68d","local_time":"20210130204235","is_ascension_mode":false,"campfire_choices":[{"data":"Noxious Fumes","floor":11.0,"key":"SMITH"},{"data":"Hidden Blade","floor":15.0,"key":"SMITH"},{"data":"ReplayTheSpireMod:Necrosis","floor":28.0,"key":"SMITH"},{"data":"Finisher","floor":32.0,"key":"SMITH"},{"floor":49,"key":"RECALL"},{"data":"StSpp:Cataclysm","floor":52,"key":"SMITH"}],"circlet_count":0,"master_deck":["Strike_G","Defend_G","Defend_G","Defend_G","Defend_G","Defend_G","Survivor","Neutralize","Blade Dance+1","Deadly Poison","Hidden Blade+1","Dodge and Roll","Blade Dance+1","Noxious Fumes+1","ReplayTheSpireMod:Necrosis+1","Backflip","Blade Dance+1","Riddle With Holes","StSpp:SwitchWeapon","Finisher+1","Collect","Deflect+1","Vault","Carnage+1","Demon Form","Crescendo+1","champ:FocusedBerserking+1","conspire:SpireCoStock","conspire:SpireCoStock","conspire:SpireCoStock","conspire:SpireCoStock","StSpp:Unbreakable","StSpp:Cataclysm+1","Survey Options","Flame Barrier","champ:CalledShot","Footwork","Replay:Parry+1","Protect","Accuracy","Bludgeon","Noxious Fumes"],"relics":["Ring of the Snake","reliquary:RosewoodLute","Vampiric Spirits","aspiration:VileToxins","Replay:Bottled Snecko","HornCleat","Quantum Egg","Painkiller Herb","PrismaticShard","Lizard Tail","infinitespire:Beetle Shell","hubris:GrandSneckoEye","FossilizedHelix","Replay:Towering Pillar of Hats","Replay:Bottled Flurry","Replay:Bottled Eggs","Replay:Baseball"],"acts_visited":["Exordium","TheCity","TheBeyond","TheEnding"],"potions_floor_usage":[42,55,55,55,55,55],"damage_taken":[{"damage":0.0,"enemies":"2 Louse","floor":1.0,"turns":4.0},{"damage":0.0,"enemies":"Cultist","floor":2.0,"turns":3.0},{"damage":0.0,"enemies":"Small Slimes","floor":3.0,"turns":3.0},{"damage":0.0,"enemies":"Blue Slaver","floor":4.0,"turns":3.0},{"damage":29.0,"enemies":"3 Sentries","floor":6.0,"turns":16.0},{"damage":12.0,"enemies":"Lagavulin","floor":8.0,"turns":5.0},{"damage":0.0,"enemies":"2 Fungi Beasts","floor":10.0,"turns":3.0},{"damage":1.0,"enemies":"Exordium Wildlife","floor":12.0,"turns":3.0},{"damage":4.0,"enemies":"3 Sentries","floor":14.0,"turns":7.0},{"damage":19.0,"enemies":"Fading Forest","floor":16.0,"turns":11.0},{"damage":17.0,"enemies":"2 Thieves","floor":18.0,"turns":3.0},{"damage":0.0,"enemies":"3 Byrds","floor":19.0,"turns":4.0},{"damage":2.0,"enemies":"Cultist and Chosen","floor":20.0,"turns":4.0},{"damage":7.0,"enemies":"Slavers","floor":23.0,"turns":5.0},{"damage":0.0,"enemies":"Shelled Parasite and Fungi","floor":25.0,"turns":4.0},{"damage":3.0,"enemies":"Centurion and Healer","floor":27.0,"turns":5.0},{"damage":18.0,"enemies":"Sentry and Sphere","floor":29.0,"turns":5.0},{"damage":0.0,"enemies":"Snecko","floor":30.0,"turns":3.0},{"damage":0.0,"enemies":"Nightmare","floor":31.0,"turns":6.0},{"damage":14.0,"enemies":"conspire:MysteriousRune","floor":33.0,"turns":6.0},{"damage":8.0,"enemies":"3 Shapes","floor":35.0,"turns":5.0},{"damage":0.0,"enemies":"3 Darklings","floor":36.0,"turns":3.0},{"damage":2.0,"enemies":"2 Orb Walkers","floor":39.0,"turns":3.0},{"damage":0.0,"enemies":"Giant Head","floor":40.0,"turns":7.0},{"damage":0,"enemies":"Jaw Worm Horde","floor":41,"turns":2},{"damage":36,"enemies":"Nemesis","floor":42,"turns":8},{"damage":0,"enemies":"4 Shapes","floor":44,"turns":2},{"damage":0,"enemies":"Writhing Mass","floor":45,"turns":4},{"damage":0,"enemies":"Jaw Worm Horde","floor":47,"turns":3},{"damage":5,"enemies":"Sphere and 2 Shapes","floor":48,"turns":3},{"damage":11,"enemies":"hubris:GrandSnecko","floor":50,"turns":7},{"damage":14,"enemies":"Shield and Spear","floor":54,"turns":7},{"damage":111,"enemies":"The Heart","floor":55,"turns":11}],"seed_played":"4994671441817744429","potions_obtained":[{"floor":3.0,"key":"Weak Potion"},{"floor":8.0,"key":"Languid Potion"},{"floor":10.0,"key":"Dexterity Potion"},{"floor":14.0,"key":"Milkshake"},{"floor":19.0,"key":"Slimebound:ThreeZeroPotion"},{"floor":23.0,"key":"StSpp:SecondWindPotion"},{"floor":36.0,"key":"Weak Potion"},{"floor":44,"key":"StSpp:ScatteredWeakPotion"}],"is_trial":false,"path_per_floor":["M","M","M","M","?","E","$","E","T","M","R","M","?","E","R","B",null,"?","?","?","T","?","E","T","?","T","?","T","?","?","NM","T","B",null,"?","?","?","?","?","E","?","E","T","?","?","T","?","?","T","B",null,"T","T","E","B",null],"character_chosen":"THE_SILENT","items_purchased":["aspiration:VileToxins","Noxious Fumes","PrismaticShard","Deflect+1","Accuracy","Noxious Fumes"],"campfire_rested":0,"item_purchase_floors":[7,7,21,24,46,53],"current_hp_per_floor":[70,70,70,70,70,41,41,29,29,31,31,30,30,32,32,45,70,53,53,58,58,68,63,63,72,72,72,72,57,57,65,65,54,75,67,75,75,65,72,75,75,39,39,52,52,52,59,56,56,45,75,75,75,61,1],"gold":146,"neow_bonus":"RANDOM_COMMON_RELIC","is_daily":false,"chose_seed":false,"campfire_upgraded":5,"win_rate":0.0,"timestamp":1612057355,"path_taken":["M","M","M","M","?","E","$","E","T","M","R","M","?","E","R","BOSS","?","?","?","T","?","E","T","?","T","?","T","?","?","NM","T","BOSS","?","?","?","?","?","E","?","E","T","?","?","T","?","?","T","BOSS","T","T","E","BOSS"],"items_purchased_type":["Relic","Card","Relic","Card","Card","Card"],"build_version":"2020-12-22","purchased_purges":2,"victory":true,"max_hp_per_floor":[70,70,70,70,70,70,70,70,70,70,70,70,70,70,70,70,70,70,70,70,70,75,75,75,75,75,75,75,75,75,75,75,75,75,75,75,75,75,75,75,75,75,75,75,75,75,75,75,75,75,75,75,75,75,75],"relic_stats":{"Lizard Tail":37,"counters":[33,168],"obtain_stats":[{"aspiration:VileToxins":7,"Replay:Towering Pillar of Hats":40,"Vampiric Spirits":6,"Quantum Egg":14,"Painkiller Herb":17,"infinitespire:Beetle Shell":31,"Pen Nib":33,"Letter Opener":18,"reliquary:RosewoodLute":0,"PrismaticShard":21,"Lizard Tail":23,"Nunchaku":27,"Replay:Baseball":54,"HornCleat":9,"WristBlade":50,"Shuriken":31,"Ornamental Fan":40,"hubris:GrandSneckoEye":34,"Replay:Bottled Flurry":42,"Replay:Bottled Snecko":8,"Kunai":25,"Replay:Bottled Eggs":43,"FossilizedHelix":39,"Ring of the Snake":0},{"aspiration:VileToxins":5,"Replay:Towering Pillar of Hats":24,"Vampiric Spirits":5,"Quantum Egg":9,"Painkiller Herb":10,"infinitespire:Beetle Shell":19,"Pen Nib":20,"Letter Opener":11,"reliquary:RosewoodLute":0,"PrismaticShard":13,"Lizard Tail":14,"Nunchaku":16,"Replay:Baseball":32,"HornCleat":6,"WristBlade":31,"Shuriken":19,"Ornamental Fan":24,"hubris:GrandSneckoEye":20,"Replay:Bottled Flurry":26,"Replay:Bottled Snecko":6,"Kunai":15,"Replay:Bottled Eggs":26,"FossilizedHelix":23,"Ring of the Snake":0},{"aspiration:VileToxins":29,"Replay:Towering Pillar of Hats":121,"Vampiric Spirits":29,"Quantum Egg":47,"Painkiller Herb":58,"infinitespire:Beetle Shell":97,"Pen Nib":98,"Letter Opener":59,"reliquary:RosewoodLute":0,"PrismaticShard":69,"Lizard Tail":74,"Nunchaku":82,"Replay:Baseball":157,"HornCleat":34,"WristBlade":147,"Shuriken":96,"Ornamental Fan":116,"hubris:GrandSneckoEye":103,"Replay:Bottled Flurry":131,"Replay:Bottled Snecko":34,"Kunai":78,"Replay:Bottled Eggs":131,"FossilizedHelix":114,"Ring of the Snake":0}],"Ring of the Snake":[66]},"card_choices":[{"not_picked":["Backstab","ReplayTheSpireMod:Tripwire"],"picked":"Blade Dance","floor":1.0},{"not_picked":["hubris:Sniper","Poisoned Stab"],"picked":"Deadly Poison","floor":2.0},{"not_picked":["Bane","Sucker Punch"],"picked":"Hidden Blade","floor":3.0},{"not_picked":["Cloak And Dagger","Underhanded Strike"],"picked":"Dodge and Roll","floor":4.0},{"not_picked":["Storm of Steel","Hidden Blade"],"picked":"Blade Dance","floor":6.0},{"not_picked":["Outmaneuver","Crippling Poison"],"picked":"ReplayTheSpireMod:Necrosis","floor":8.0},{"not_picked":["Quick Slash","StSpp:Dive"],"picked":"Backflip","floor":10.0},{"not_picked":["Acrobatics","Backflip"],"picked":"Blade Dance","floor":12.0},{"not_picked":["Prepared","Masterful Stab","Sucker Punch"],"picked":"SKIP","floor":14.0},{"not_picked":["Night Terror","Bullet Time"],"picked":"StSpp:SwitchWeapon","floor":16.0},{"not_picked":["Footwork","StSpp:PoisonousPunch","Deadly Poison"],"picked":"SKIP","floor":18.0},{"not_picked":["Flechettes+1","Caltrops"],"picked":"Finisher","floor":19.0},{"not_picked":["Deflect","hubris:SlightOfHand","StSpp:StrikeFirst"],"picked":"SKIP","floor":20.0},{"not_picked":["Slice","hexamod:NightmareGuise+1"],"picked":"Collect","floor":23.0},{"not_picked":["Catalyst","Skim"],"picked":"Vault","floor":25.0},{"not_picked":["champ:Haymaker","hexamod:Firestarter","bronze:BitShift+1"],"picked":"SKIP","floor":27.0},{"not_picked":["Guardian:Gem_Cyan","Deflect+1","StSpp:Throw"],"picked":"SKIP","floor":29.0},{"not_picked":["Guardian:CrystalBeam","sneckomod:SoulDraw","bronze:Shield"],"picked":"SKIP","floor":30.0},{"not_picked":["hexamod:Firestarter","sneckomod:TrashToTreasure"],"picked":"Carnage+1","floor":31.0},{"not_picked":["Demonic Infusion","Malaise"],"picked":"Demon Form","floor":33.0},{"not_picked":["Riddle With Holes+1","Slimebound:RollThrough+1"],"picked":"Crescendo+1","floor":35.0},{"not_picked":["ReplayTheSpireMod:Corrosion Curse","hexamod:BurningTouch+1"],"picked":"champ:FocusedBerserking+1","floor":36.0},{"not_picked":["StSpp:Resilience","Secret Technique"],"picked":"StSpp:Unbreakable","floor":38.0},{"not_picked":["Madness","Metamorphosis"],"picked":"StSpp:Cataclysm","floor":38.0},{"not_picked":["Purity","Forethought"],"picked":"Survey Options","floor":38.0},{"not_picked":["Acrobatics+1","sneckomod:UnknownCommonSkill"],"picked":"Flame Barrier","floor":39.0},{"not_picked":["bronze:DelayedGuard+1","Collect"],"picked":"champ:CalledShot","floor":40.0},{"not_picked":["conspire:HitWhereItHurts","Slimebound:Repurpose"],"picked":"Footwork","floor":41},{"not_picked":["Ball Lightning","hexamod:ShieldOfDarkness"],"picked":"Replay:Parry+1","floor":42},{"not_picked":["hexamod:AdvancingGuard+1","Perfected Strike+1","JustLucky+1"],"picked":"SKIP","floor":44},{"not_picked":["hexamod:PhantomCloak","champ:Circumvent"],"picked":"Protect","floor":45},{"not_picked":["FlurryOfBlows+1","sneckomod:UnknownClassHEXA_GHOST_PURPLE+1"],"picked":"Bludgeon","floor":47},{"not_picked":["bronze:Turbo","StSpp:MuscleMemory","Slimebound:HauntingLick+1"],"picked":"SKIP","floor":48},{"not_picked":["sneckomod:UnknownX","Blood for Blood+1","StSpp:Fierceness"],"picked":"SKIP","floor":54}],"player_experience":658799,"relics_obtained":[{"floor":6.0,"key":"Vampiric Spirits"},{"floor":8.0,"key":"Replay:Bottled Snecko"},{"floor":9.0,"key":"HornCleat"},{"floor":14.0,"key":"Quantum Egg"},{"floor":23.0,"key":"Lizard Tail"},{"floor":31.0,"key":"infinitespire:Beetle Shell"},{"floor":39.0,"key":"FossilizedHelix"},{"floor":40.0,"key":"Replay:Towering Pillar of Hats"},{"floor":42,"key":"Replay:Bottled Flurry"},{"floor":43,"key":"Replay:Bottled Eggs"},{"floor":54,"key":"Replay:Baseball"}],"event_choices":[{"damage_healed":0.0,"max_hp_gain":0.0,"max_hp_loss":0.0,"gold_gain":0.0,"cards_transformed":["Strike_G"],"event_name":"Transmorgrifier","player_choice":"Transformed","floor":13.0,"gold_loss":0.0,"damage_taken":0.0,"cards_obtained":["Riddle With Holes"]},{"damage_healed":0.0,"max_hp_gain":0.0,"max_hp_loss":0.0,"gold_gain":0.0,"event_name":"conspire:Investor","player_choice":"Invest 4","floor":37.0,"gold_loss":0.0,"damage_taken":0.0},{"damage_healed":0.0,"max_hp_gain":0.0,"max_hp_loss":0.0,"gold_gain":0.0,"event_name":"SensoryStone","player_choice":"Memory 3","floor":38.0,"gold_loss":0.0,"damage_taken":10.0},{"damage_healed":0.0,"max_hp_gain":0.0,"max_hp_loss":0.0,"gold_gain":0.0,"event_name":"Mysterious Sphere","player_choice":"Fight","floor":39.0,"gold_loss":0.0,"damage_taken":0.0}],"is_beta":false,"boss_relics":[{"not_picked":["Black Star","StSpp:Balance"],"picked":"Painkiller Herb"},{"not_picked":["aspiration:SecretTechniqueScroll","energizedSpire:SpiderWeb"],"picked":"hubris:GrandSneckoEye"}],"items_purged_floors":[21,46],"is_endless":false,"potions_floor_spawned":[3,8,10,14,16,19,23,25,29,36,40,44,45,48],"ascension_level":0}}