{"host":"lktusdb9orijgc6z","time":1612125348,"event":{"mods":["BaseMod","Bestiary","Colored Map","Colored Powertips","Minty Spire (QoL Compilation)","Permanent Neow","Quick Restart","Relic Stats","StSLib","everything is the same but u backflip on backflip","slay the spire mod where everything is the same but ironclad has a cowboy hat"],"gold_per_floor":[114,130,130,52,2,28,56,68,68,68,28,28,53,73,73,168,168,178,198,216,315,315,315,315,315],"floor_reached":24,"language":"ENG","playtime":7016,"items_purged":[],"score":394,"play_id":"f4c0d488-13a9-48cc-ad99-3a8dda3b7667","local_time":"20210131213548","is_ascension_mode":true,"campfire_choices":[{"data":"Offering","floor":10.0,"key":"SMITH"},{"data":"Inflame","floor":12.0,"key":"SMITH"},{"data":"Fire Breathing","floor":15.0,"key":"SMITH"},{"data":"Dark Embrace","floor":23.0,"key":"SMITH"}],"circlet_count":0,"master_deck":["AscendersBane","Strike_R","Strike_R+1","Strike_R","Strike_R","Defend_R+1","Defend_R","Defend_R","Defend_R","Bash","Evolve","Inflame+1","Offering+1","Dark Embrace+1","Havoc","Pummel","Rupture","Fire Breathing+1","Intimidate","Reaper","Burning Pact+1","Battle Trance+1","Burning Pact","Shame"],"relics":["Burning Blood","NeowsBlessing","Ginger","Odd Mushroom","HornCleat","Bottled Tornado","Mark of Pain","Omamori"],"acts_visited":["Exordium","TheCity"],"potions_floor_usage":[],"damage_taken":[{"damage":0.0,"enemies":"Small Slimes","floor":1.0,"turns":2.0},{"damage":0.0,"enemies":"Jaw Worm","floor":2.0,"turns":1.0},{"damage":0.0,"enemies":"3 Sentries","floor":6.0,"turns":2.0},{"damage":33.0,"enemies":"The Mushroom Lair","floor":7.0,"turns":5.0},{"damage":13.0,"enemies":"2 Louse","floor":8.0,"turns":3.0},{"damage":6.0,"enemies":"Lagavulin","floor":13.0,"turns":4.0},{"damage":10.0,"enemies":"Large Slime","floor":14.0,"turns":3.0},{"damage":23.0,"enemies":"Slime Boss","floor":16.0,"turns":8.0},{"damage":18.0,"enemies":"Shell Parasite","floor":18.0,"turns":4.0},{"damage":6.0,"enemies":"Spheric Guardian","floor":19.0,"turns":3.0},{"damage":6.0,"enemies":"Snecko","floor":20.0,"turns":5.0},{"damage":92,"enemies":"Gremlin Leader","floor":24,"turns":7}],"seed_played":"-3495751569717004085","potions_obtained":[{"floor":1.0,"key":"Energy Potion"},{"floor":8.0,"key":"Block Potion"},{"floor":16.0,"key":"GamblersBrew"}],"is_trial":false,"path_per_floor":["M","M","?","$","?","E","?","M","T","R","$","R","E","M","R","B",null,"M","M","M","?","?","R","E"],"character_chosen":"IRONCLAD","items_purchased":["Offering","Rupture"],"campfire_rested":0,"item_purchase_floors":[4,11],"current_hp_per_floor":[78,80,64,64,64,70,43,36,36,36,36,36,36,32,32,15,64,52,57,67,67,67,67,0,0],"gold":315,"neow_bonus":"THREE_ENEMY_KILL","is_daily":false,"chose_seed":false,"campfire_upgraded":4,"win_rate":0.0,"timestamp":1612125348,"path_taken":["M","M","?","$","?","E","?","M","T","R","$","R","E","M","R","BOSS","M","M","M","?","?","R","E"],"items_purchased_type":["Card","Card"],"build_version":"2020-12-22","purchased_purges":0,"victory":false,"max_hp_per_floor":[80,80,80,80,80,80,80,80,80,80,80,80,80,80,80,80,80,80,80,80,80,80,80,80,80],"relic_stats":{"counters":[12,47],"Ginger":[5],"obtain_stats":[{"HornCleat":9,"NeowsBlessing":0,"Mark of Pain":17,"Omamori":22,"Ginger":6,"Odd Mushroom":7,"Bottled Tornado":13,"Burning Blood":0},{"HornCleat":5,"NeowsBlessing":0,"Mark of Pain":8,"Omamori":11,"Ginger":3,"Odd Mushroom":4,"Bottled Tornado":6,"Burning Blood":0},{"HornCleat":13,"NeowsBlessing":0,"Mark of Pain":28,"Omamori":40,"Ginger":5,"Odd Mushroom":10,"Bottled Tornado":17,"Burning Blood":0}],"Burning Blood":62},"card_choices":[{"not_picked":["Blood for Blood","Body Slam"],"picked":"Evolve","floor":1.0},{"not_picked":["Clash","Reckless Charge"],"picked":"Inflame","floor":2.0},{"not_picked":["True Grit","Flame Barrier"],"picked":"Dark Embrace","floor":6.0},{"not_picked":["Sword Boomerang","Clothesline"],"picked":"Havoc","floor":7.0},{"not_picked":["Body Slam","Heavy Blade"],"picked":"Pummel","floor":8.0},{"not_picked":["Rage","Heavy Blade"],"picked":"Fire Breathing","floor":13.0},{"not_picked":["Thunderclap","Twin Strike"],"picked":"Intimidate","floor":14.0},{"not_picked":["Immolate","Juggernaut"],"picked":"Reaper","floor":16.0},{"not_picked":["Inflame","Body Slam"],"picked":"Burning Pact+1","floor":18.0},{"not_picked":["Carnage","Wild Strike"],"picked":"Battle Trance+1","floor":19.0},{"not_picked":["Dark Embrace","Havoc+1"],"picked":"Burning Pact","floor":20.0}],"player_experience":730518,"relics_obtained":[{"floor":6.0,"key":"Ginger"},{"floor":7.0,"key":"Odd Mushroom"},{"floor":9.0,"key":"HornCleat"},{"floor":13.0,"key":"Bottled Tornado"}],"event_choices":[{"damage_healed":0.0,"max_hp_gain":0.0,"max_hp_loss":0.0,"gold_gain":0.0,"event_name":"Shining Light","player_choice":"Entered Light","floor":3.0,"gold_loss":0.0,"damage_taken":16.0,"cards_upgraded":["Defend_R","Strike_R"]},{"cards_removed":["Strike_R"],"damage_healed":0.0,"max_hp_gain":0.0,"max_hp_loss":0.0,"gold_gain":0.0,"event_name":"The Cleric","player_choice":"Card Removal","floor":5.0,"gold_loss":50.0,"damage_taken":0.0},{"damage_healed":0.0,"max_hp_gain":0.0,"max_hp_loss":0.0,"gold_gain":0.0,"event_name":"Mushrooms","player_choice":"Fought Mushrooms","floor":7.0,"gold_loss":0.0,"damage_taken":0.0},{"damage_healed":0.0,"max_hp_gain":0.0,"max_hp_loss":0.0,"gold_gain":99.0,"event_name":"Nest","player_choice":"Stole From Cult","floor":21.0,"gold_loss":0.0,"damage_taken":0.0},{"damage_healed":0.0,"max_hp_gain":0.0,"max_hp_loss":0.0,"gold_gain":0.0,"event_name":"Addict","player_choice":"Stole Relic","floor":22.0,"gold_loss":0.0,"damage_taken":0.0,"relics_obtained":["Omamori"],"cards_obtained":["Shame"]}],"is_beta":false,"boss_relics":[{"not_picked":["Runic Dome","Tiny House"],"picked":"Mark of Pain"}],"items_purged_floors":[],"is_endless":false,"potions_floor_spawned":[1,8,16],"killed_by":"Gremlin Leader","ascension_level":11}}