{"host":"suz71vtxgenuxsxs","time":1612091443,"event":{"mods":["2.2 Compatiblity","AchievementEnabler","BaseMod","Colored Map","Downfall","Minty Spire (QoL Compilation)","Rare Cards Sparkle","StSLib","SuperFastMode","everything is the same but u backflip on backflip"],"gold_per_floor":[99,99,99,99,99,129,152,152,173,173,197,272,63,102,129,129,129,129],"floor_reached":16,"language":"ENG","playtime":797,"items_purged":["Decay"],"score":117,"play_id":"60f24607-a599-41c0-bba3-b9a2792ce2e7","local_time":"20210131201043","is_ascension_mode":true,"campfire_choices":[{"data":"Slimebound:Split","floor":1,"key":"SMITH"},{"floor":10,"key":"REST"}],"circlet_count":0,"master_deck":["Slimebound:Strike_Slimebound","Slimebound:Strike_Slimebound","Slimebound:Tackle","Slimebound:Defend_Slimebound","Slimebound:Defend_Slimebound","Slimebound:Split+1","Slimebound:CorrosiveSpit","Slimebound:Prepare","Slimebound:ItLooksTasty","Slimebound:MegaLick","Slimebound:RollThrough","Slimebound:Recollect","Slimebound:RainOfGoop","Slimebound:LeechEnergy","Slimebound:Recycling","Slimebound:Darklings","Slimebound:Equalize"],"relics":["Slimebound:AbsorbEndCombat","downfall:HeartsMalice","MealTicket","CeramicFish","Regal Pillow"],"acts_visited":["Exordium"],"potions_floor_usage":[14],"damage_taken":[{"damage":0,"enemies":"Jaw Worm","floor":2,"turns":1},{"damage":0,"enemies":"Cultist","floor":4,"turns":1},{"damage":0,"enemies":"Small Slimes","floor":5,"turns":1},{"damage":37,"enemies":"Gremlin Nob","floor":6,"turns":4},{"damage":14,"enemies":"Blue Slaver","floor":9,"turns":3},{"damage":0,"enemies":"Large Slime","floor":11,"turns":5},{"damage":0,"enemies":"downfall:FleeingMerchant","floor":13,"turns":4},{"damage":20,"enemies":"3 Sentries","floor":14,"turns":7},{"damage":0,"enemies":"3 Louse","floor":15,"turns":2},{"damage":76,"enemies":"SI_SHIV_ARCHETYPE","floor":16,"turns":7}],"seed_played":"-4215641824845863364","potions_obtained":[{"floor":6,"key":"DuplicationPotion"},{"floor":8,"key":"downfall:CursedFountainPotion"},{"floor":9,"key":"SpeedPotion"},{"floor":11,"key":"Weak Potion"}],"is_trial":false,"path_per_floor":["R","M","?","M","M","E","T","?","M","R","M","?","$","E","M","B"],"character_chosen":"SLIMEBOUND","items_purchased":["Slimebound:Recycling"],"campfire_rested":1,"item_purchase_floors":[13],"current_hp_per_floor":[65,65,65,65,65,33,33,33,25,44,52,52,65,53,59,0,0,0],"gold":129,"neow_bonus":"THREE_ENEMY_KILL","is_daily":false,"chose_seed":false,"campfire_upgraded":1,"win_rate":0.0,"timestamp":1612091443,"path_taken":["R","M","?","?","M","E","T","?","?","R","M","?","$","E","M","BOSS"],"items_purchased_type":["Card"],"build_version":"2020-12-22","purchased_purges":1,"victory":false,"max_hp_per_floor":[65,65,65,65,65,65,65,65,65,65,65,65,65,65,65,65,65,65],"card_choices":[{"not_picked":["Slimebound:SplitAcid","Slimebound:Grow"],"picked":"Slimebound:Prepare","floor":2},{"not_picked":["Slimebound:SlimeBrawl","Slimebound:HungryTackle"],"picked":"Slimebound:ItLooksTasty","floor":4},{"not_picked":["Slimebound:ServeAndProtect","Slimebound:LeechingTouch"],"picked":"Slimebound:MegaLick","floor":5},{"not_picked":["Slimebound:GoopSpray","Slimebound:SplitBruiser"],"picked":"Slimebound:RollThrough","floor":6},{"not_picked":["Slimebound:SplitBruiser","Slimebound:HauntingLick"],"picked":"Slimebound:Recollect","floor":9},{"not_picked":["Slimebound:BestDefense","Slimebound:GoopTackle"],"picked":"Slimebound:RainOfGoop","floor":11},{"not_picked":["Slimebound:SamplingLick","Slimebound:SplitLeeching"],"picked":"Slimebound:LeechEnergy","floor":13},{"not_picked":["Slimebound:LeechingTouch","Slimebound:SlimeSpikes"],"picked":"Slimebound:Darklings","floor":14},{"not_picked":["Slimebound:LeechEnergy","Slimebound:SlimeSpikes"],"picked":"Slimebound:Equalize","floor":15}],"player_experience":400664,"relics_obtained":[{"floor":6,"key":"MealTicket"},{"floor":7,"key":"CeramicFish"},{"floor":14,"key":"Regal Pillow"}],"event_choices":[],"is_beta":false,"boss_relics":[],"items_purged_floors":[13],"is_endless":false,"potions_floor_spawned":[6,9,11],"killed_by":"SI_SHIV_ARCHETYPE","ascension_level":2}}