{"host":"0mywbdtsrkvoq3rn","time":1612083096,"event":{"mods":["BaseMod","Energized Spire","Minty Spire (QoL Compilation)","Relic Stats","Replay The Spire","Shop Mod","Spicy Shops","StSLib","¡¾ÒÅÎï¿¨ÅÆ¡¿REMEMod","óô»ðÖ¸ÄÏ"],"gold_per_floor":[119,119,119,131,143,169,185,217,263,298,317,317,328,358,358,454,454,470,522,533,551,551,584,24,55,55,73,102,102,128,28,28,136,136,156,378,401,143,152,195,241,0,23,98,98,125,20,20,20,20,20,20,49,83,83],"floor_reached":56,"language":"ZHS","playtime":2527,"items_purged":["Voices","Doubt","Overencumbered","Hallucinations"],"score":2192,"play_id":"72e2d7e8-7c26-4965-87c4-0870ac6de4a0","local_time":"20210131165136","is_ascension_mode":true,"campfire_choices":[{"floor":12.0,"key":"REST"},{"floor":32.0,"key":"RECALL"},{"data":"Uppercut","floor":49,"key":"SMITH"},{"data":"Uppercut","floor":52,"key":"SMITH"}],"circlet_count":0,"master_deck":["Strike_R","Strike_R+1","Strike_R+2","Strike_R","Strike_R","Defend_R","Defend_R","Defend_R+1","Defend_R","WreathOfFlame","AbeCurse","Infernal Blade","Survivor","Neutralize","Whirlwind","Exhume+1","ReplayTheSpireMod:Limb From Limb","Flame Barrier+1","Bludgeon+1","Dual Wield","Uppercut+1","Juggernaut+1","Sentinel+1","Sword Boomerang+1","Metallicize","Spot Weakness","WreathOfFlame","Uppercut+1","Perfected Strike+1","Rupture","Dropkick+1","ReplayTheSpireMod:IOU","ReplayTheSpireMod:IOU","ReplayTheSpireMod:IOU","ReplayTheSpireMod:IOU","ReplayTheSpireMod:IOU","ReplayTheSpireMod:IOU","ReplayTheSpireMod:IOU","ReplayTheSpireMod:IOU","ReplayTheSpireMod:IOU","ReplayTheSpireMod:IOU","ReplayTheSpireMod:IOU","Dropkick+1","ReplayTheSpireMod:IOU","ReplayTheSpireMod:IOU","ReplayTheSpireMod:IOU","ReplayTheSpireMod:IOU","ReplayTheSpireMod:IOU","ReplayTheSpireMod:IOU","ReplayTheSpireMod:IOU","Brutality","Life Link","REME_Cut","Sickly","Rupture+1","ReplayReversal","Headbutt+1","Pommel Strike","Double Tap","Metallicize+1","ReplayTheSpireMod:IOU","ReplayTheSpireMod:IOU","ReplayTheSpireMod:IOU","ReplayTheSpireMod:IOU","ReplayTheSpireMod:IOU","ReplayTheSpireMod:IOU","ReplayTheSpireMod:IOU","ReplayTheSpireMod:IOU","ReplayTheSpireMod:IOU","ReplayTheSpireMod:IOU","REME_AllRoundStrike","ReplayTheSpireMod:IOU","Heavy Blade+1","ReplayTheSpireMod:IOU","ReplayTheSpireMod:IOU","ReplayTheSpireMod:IOU","ReplayTheSpireMod:IOU","ReplayTheSpireMod:IOU","ReplayTheSpireMod:IOU","ReplayTheSpireMod:IOU"],"relics":["REME_ComplimentaryCards","Abe\u0027s Treasure","The Courier","ReplayTheSpireMod:Ninjato","Pantograph","energizedSpire:CursedPentagram","FossilizedHelix","Shuriken","Bottled Tornado","Pen Nib","Darkstone Periapt","Bag of Marbles","Red Mask","MerchantsRug","Vajra","Replay:Wax Seal","Self Forming Clay","Bronze Scales","TheAbacus","REME_HourglassOfDeath","Anchor","Potion Belt","King of Hearts","Centennial Puzzle","CeramicFish","Blue Doll","Calipers","Juzu Bracelet","ReplayFunnel","Red Skull","ReplayTheSpireMod:Ring of Addiction","Chameleon Ring","Ring of Peace","Happy Flower","Brimstone","StrikeDummy","Boot","Smiling Mask","Spirit Poop","Frozen Egg 2","ReplayTheSpireMod:CursedCoin","ReplayTheSpireMod:TigerMarble","Thread and Needle","Ice Cream","Akabeko","Turnip","Replay:Baseball","Replay:Rubber Ducky","Oddly Smooth Stone","Replay:Bottled Steam","Snack Pack","Letter Opener","Bird Faced Urn","Simple Rune","Replay:Accelerometer","Pear"],"acts_visited":["Exordium","TheCity","TheBeyond","TheEnding"],"potions_floor_usage":[50,55,55,55],"damage_taken":[{"damage":2.0,"enemies":"Jaw Worm","floor":1.0,"turns":3.0},{"damage":0.0,"enemies":"Small Slimes","floor":4.0,"turns":3.0},{"damage":3.0,"enemies":"2 Louse","floor":5.0,"turns":3.0},{"damage":15.0,"enemies":"Gremlin Nob","floor":6.0,"turns":4.0},{"damage":0.0,"enemies":"2 Fungi Beasts","floor":7.0,"turns":2.0},{"damage":20.0,"enemies":"Replay:BlueRogue","floor":8.0,"turns":5.0},{"damage":5.0,"enemies":"Lagavulin","floor":10.0,"turns":8.0},{"damage":15.0,"enemies":"Lots of Slimes","floor":11.0,"turns":3.0},{"damage":4.0,"enemies":"Exordium Wildlife","floor":13.0,"turns":3.0},{"damage":24.0,"enemies":"Replay:BlueRogue","floor":14.0,"turns":4.0},{"damage":26.0,"enemies":"Slime Boss","floor":16.0,"turns":7.0},{"damage":0.0,"enemies":"3 Byrds","floor":18.0,"turns":4.0},{"damage":0.0,"enemies":"2 Thieves","floor":20.0,"turns":3.0},{"damage":5.0,"enemies":"Cultist and Chosen","floor":21.0,"turns":5.0},{"damage":0.0,"enemies":"REME_1_Revenger","floor":23.0,"turns":3.0},{"damage":26.0,"enemies":"Slavers","floor":25.0,"turns":5.0},{"damage":0.0,"enemies":"Chosen and Byrds","floor":27.0,"turns":5.0},{"damage":0.0,"enemies":"Book of Stabbing","floor":28.0,"turns":2.0},{"damage":0.0,"enemies":"Masked Bandits","floor":30.0,"turns":4.0},{"damage":26.0,"enemies":"Pondfish","floor":33.0,"turns":10.0},{"damage":14.0,"enemies":"3 Shapes","floor":35.0,"turns":3.0},{"damage":22.0,"enemies":"Nemesis","floor":40.0,"turns":7.0},{"damage":0.0,"enemies":"2 Orb Walkers","floor":41.0,"turns":1.0},{"damage":14.0,"enemies":"Reptomancer","floor":44.0,"turns":4.0},{"damage":15.0,"enemies":"R_Hoarder","floor":46.0,"turns":7.0},{"damage":26,"enemies":"Time Eater","floor":50,"turns":8},{"damage":0,"enemies":"Shield and Spear","floor":54,"turns":2},{"damage":61,"enemies":"The Heart","floor":55,"turns":6}],"seed_played":"-679366419603603066","potions_obtained":[{"floor":4.0,"key":"Adrenaline Potion"},{"floor":8.0,"key":"REME_GoldPotion"},{"floor":10.0,"key":"Swift Potion"},{"floor":11.0,"key":"Strength Potion"},{"floor":18.0,"key":"SteroidPotion"},{"floor":23.0,"key":"REME_GoldPotion"},{"floor":25.0,"key":"SteroidPotion"},{"floor":30.0,"key":"EssenceOfSteel"},{"floor":39.0,"key":"SkillPotion"},{"floor":39.0,"key":"SteroidPotion"},{"floor":39.0,"key":"Weak Potion"},{"floor":40.0,"key":"SpeedPotion"},{"floor":41.0,"key":"Swift Potion"},{"floor":44.0,"key":"Ancient Potion"},{"floor":46.0,"key":"Ancient Potion"},{"floor":54,"key":"Death Potion"}],"is_trial":false,"path_per_floor":["M","?","?","M","M","E","M","E","T","E","M","R","M","E","R","B",null,"M","?","M","M","?","E","R","E","T","M","E","?","?","$","R","B",null,"M","?","T","$","?","E","?","R","T","E","?","E","R","?","R","B",null,"R","$","E","B",null],"character_chosen":"IRONCLAD","items_purchased":["Metallicize","Spot Weakness","Bottled Tornado","War Paint","DollysMirror","MerchantsRug","Vajra","Replay:Wax Seal","Self Forming Clay","Bronze Scales","Whetstone","TheAbacus","Dropkick+1","REME_HourglassOfDeath","Anchor","Potion Belt","King of Hearts","Centennial Puzzle","CeramicFish","Blue Doll","Calipers","Juzu Bracelet","Guide Book","Omamori","Red Skull","REME_Cut","Brimstone","StrikeDummy","Metallicize+1","ReplayTheSpireMod:CursedCoin","ReplayTheSpireMod:TigerMarble","Thread and Needle","Ice Cream","Akabeko","Turnip","Replay:Baseball","Replay:Rubber Ducky","Oddly Smooth Stone","Replay:Bottled Steam","REME_AllRoundStrike","Heavy Blade+1","Snack Pack","Letter Opener","Bird Faced Urn","Simple Rune","Replay:Accelerometer"],"campfire_rested":1,"item_purchase_floors":[24,24,24,24,24,31,31,31,31,31,31,31,31,31,31,31,31,31,31,31,31,31,38,38,38,38,42,42,47,47,47,53,53,53,53,53,53,53,53,53,53,53,53,53,53,53],"current_hp_per_floor":[78,78,78,78,75,60,60,40,40,35,20,44,40,16,40,39,80,80,60,60,55,55,55,55,41,41,41,41,41,41,155,155,154,194,180,180,180,180,186,164,164,170,170,165,165,150,156,156,156,155,219,219,327,335,282],"gold":83,"neow_bonus":"BOSS_RELIC","is_daily":false,"chose_seed":false,"campfire_upgraded":2,"win_rate":0.0,"timestamp":1612083096,"path_taken":["M","?","?","M","?","E","M","E","T","E","M","R","M","E","R","BOSS","M","?","M","M","?","E","R","E","T","M","E","?","?","$","R","BOSS","M","?","?","$","?","E","?","R","T","E","?","E","R","?","R","BOSS","R","$","E","BOSS"],"items_purchased_type":["Card","Card","Relic","Relic","Relic","Relic","Relic","Relic","Relic","Relic","Relic","Relic","Card","Relic","Relic","Relic","Relic","Relic","Relic","Relic","Relic","Relic","Relic","Relic","Relic","Card","Relic","Relic","Card","Relic","Relic","Relic","Relic","Relic","Relic","Relic","Relic","Relic","Relic","Card","Card","Relic","Relic","Relic","Relic","Relic"],"build_version":"2020-12-22","purchased_purges":4,"victory":true,"max_hp_per_floor":[80,80,80,80,80,80,80,80,80,80,80,80,80,80,80,80,80,80,80,80,80,80,80,80,80,80,80,80,80,80,194,194,194,194,194,194,194,194,200,200,200,206,206,215,215,215,221,219,219,219,219,219,327,335,335],"relic_stats":{"Darkstone Periapt":246,"Happy Flower":[9],"counters":[28,124],"Self Forming Clay":[96],"CeramicFish":333,"Pen Nib":[11],"Juzu Bracelet":2,"Letter Opener":[0],"Boot":[4],"Smiling Mask":120,"Centennial Puzzle":[21],"TheAbacus":[6],"Shuriken":[17],"Pantograph":75,"Bronze Scales":[239],"Bird Faced Urn":[6],"Turnip":[2],"obtain_stats":[{"Ice Cream":53,"Replay:Accelerometer":53,"Calipers":31,"CeramicFish":31,"Vajra":31,"Spirit Poop":45,"Whetstone":31,"Bottled Tornado":24,"REME_IWantAll":41,"Boot":43,"Centennial Puzzle":31,"DollysMirror":24,"Replay:Wax Seal":31,"Replay:Bottled Steam":53,"MerchantsRug":31,"Pear":54,"Happy Flower":40,"ReplayTheSpireMod:CursedCoin":47,"ReplayTheSpireMod:Ring of Addiction":39,"Oddly Smooth Stone":53,"Pen Nib":26,"Letter Opener":53,"War Paint":24,"Akabeko":53,"Bottled Flame":14,"Replay:Baseball":53,"REME_HourglassOfDeath":31,"Shuriken":19,"Brimstone":42,"Bronze Scales":31,"Bird Faced Urn":53,"Simple Rune":53,"ReplayTheSpireMod:TigerMarble":47,"StrikeDummy":42,"Abe\u0027s Treasure":0,"Meat on the Bone":23,"Darkstone Periapt":28,"ReplayFunnel":37,"Regal Pillow":25,"Blue Doll":31,"King of Hearts":31,"Juzu Bracelet":31,"Smiling Mask":44,"Burning Blood":0,"Replay:Rubber Ducky":53,"Matryoshka":8,"energizedSpire:CursedPentagram":17,"TheAbacus":31,"Chameleon Ring":39,"Pantograph":10,"Ring of Peace":39,"Red Mask":30,"Red Skull":38,"Potion Belt":31,"ReplayTheSpireMod:Ninjato":9,"Self Forming Clay":31,"Guide Book":38,"Thread and Needle":53,"The Courier":6,"Omamori":38,"Frozen Egg 2":46,"energizedSpire:DeadBattery":34,"White Beast Statue":39,"Anchor":31,"Turnip":53,"Bag of Marbles":29,"Snack Pack":53,"FossilizedHelix":19,"REME_ComplimentaryCards":0},{"Ice Cream":26,"Replay:Accelerometer":26,"Calipers":19,"CeramicFish":19,"Vajra":19,"Spirit Poop":24,"Whetstone":19,"Bottled Tornado":15,"REME_IWantAll":23,"Boot":23,"Centennial Puzzle":19,"DollysMirror":15,"Replay:Wax Seal":19,"Replay:Bottled Steam":26,"MerchantsRug":19,"Pear":27,"Happy Flower":22,"ReplayTheSpireMod:CursedCoin":25,"ReplayTheSpireMod:Ring of Addiction":21,"Oddly Smooth Stone":26,"Pen Nib":16,"Letter Opener":26,"War Paint":15,"Akabeko":26,"Bottled Flame":10,"Replay:Baseball":26,"REME_HourglassOfDeath":19,"Shuriken":12,"Brimstone":23,"Bronze Scales":19,"Bird Faced Urn":26,"Simple Rune":26,"ReplayTheSpireMod:TigerMarble":25,"StrikeDummy":23,"Abe\u0027s Treasure":0,"Meat on the Bone":15,"Darkstone Periapt":18,"ReplayFunnel":21,"Regal Pillow":16,"Blue Doll":19,"King of Hearts":19,"Juzu Bracelet":19,"Smiling Mask":24,"Burning Blood":0,"Replay:Rubber Ducky":26,"Matryoshka":6,"energizedSpire:CursedPentagram":11,"TheAbacus":19,"Chameleon Ring":21,"Pantograph":7,"Ring of Peace":21,"Red Mask":19,"Red Skull":21,"Potion Belt":19,"ReplayTheSpireMod:Ninjato":6,"Self Forming Clay":19,"Guide Book":21,"Thread and Needle":26,"The Courier":4,"Omamori":21,"Frozen Egg 2":25,"energizedSpire:DeadBattery":20,"White Beast Statue":21,"Anchor":19,"Turnip":26,"Bag of Marbles":18,"Snack Pack":26,"FossilizedHelix":12,"REME_ComplimentaryCards":0},{"Ice Cream":116,"Replay:Accelerometer":116,"Calipers":76,"CeramicFish":76,"Vajra":76,"Spirit Poop":101,"Whetstone":76,"Bottled Tornado":60,"REME_IWantAll":97,"Boot":97,"Centennial Puzzle":76,"DollysMirror":60,"Replay:Wax Seal":76,"Replay:Bottled Steam":116,"MerchantsRug":76,"Pear":118,"Happy Flower":96,"ReplayTheSpireMod:CursedCoin":108,"ReplayTheSpireMod:Ring of Addiction":89,"Oddly Smooth Stone":116,"Pen Nib":65,"Letter Opener":116,"War Paint":60,"Akabeko":116,"Bottled Flame":38,"Replay:Baseball":116,"REME_HourglassOfDeath":76,"Shuriken":49,"Brimstone":97,"Bronze Scales":76,"Bird Faced Urn":116,"Simple Rune":116,"ReplayTheSpireMod:TigerMarble":108,"StrikeDummy":97,"Abe\u0027s Treasure":0,"Meat on the Bone":60,"Darkstone Periapt":72,"ReplayFunnel":89,"Regal Pillow":65,"Blue Doll":76,"King of Hearts":76,"Juzu Bracelet":76,"Smiling Mask":101,"Burning Blood":0,"Replay:Rubber Ducky":116,"Matryoshka":20,"energizedSpire:CursedPentagram":45,"TheAbacus":76,"Chameleon Ring":89,"Pantograph":28,"Ring of Peace":89,"Red Mask":76,"Red Skull":89,"Potion Belt":76,"ReplayTheSpireMod:Ninjato":20,"Self Forming Clay":76,"Guide Book":89,"Thread and Needle":116,"The Courier":13,"Omamori":89,"Frozen Egg 2":108,"energizedSpire:DeadBattery":86,"White Beast Statue":89,"Anchor":76,"Turnip":116,"Bag of Marbles":72,"Snack Pack":116,"FossilizedHelix":49,"REME_ComplimentaryCards":0}]},"card_choices":[{"not_picked":["Clash","Wild Strike"],"picked":"Infernal Blade","floor":1.0},{"not_picked":["Body Slam","ReplayTheSpireMod:Strike From Hell","Second Wind"],"picked":"SKIP","floor":4.0},{"not_picked":["Run Through","Carnage"],"picked":"Whirlwind","floor":5.0},{"not_picked":["Life Link","Uppercut"],"picked":"Exhume","floor":6.0},{"not_picked":["Shrug It Off","Defy Death"],"picked":"ReplayTheSpireMod:Limb From Limb","floor":7.0},{"not_picked":["Perfected Strike","Sever Soul"],"picked":"Flame Barrier","floor":8.0},{"not_picked":["Life Link","Intimidate","Body Slam"],"picked":"SKIP","floor":10.0},{"not_picked":["Cleave","ReplayTheSpireMod:Strike From Hell"],"picked":"Bludgeon","floor":11.0},{"not_picked":["Flex","Sever Soul"],"picked":"Dual Wield","floor":13.0},{"not_picked":["Shockwave","Perfected Strike"],"picked":"Uppercut","floor":14.0},{"not_picked":["Corruption","Impervious"],"picked":"Juggernaut","floor":16.0},{"not_picked":["Perfected Strike","Replay:Undeath\u0027s Touch","Headbutt+1"],"picked":"SKIP","floor":18.0},{"not_picked":["Bludgeon","Body Slam"],"picked":"Sentinel+1","floor":19.0},{"not_picked":["Heavy Blade","Thunderclap"],"picked":"Sword Boomerang+1","floor":20.0},{"not_picked":["Thunderclap","True Grit","Clash"],"picked":"SKIP","floor":21.0},{"not_picked":["Replay:Undeath\u0027s Touch","Twin Strike","Second Wind"],"picked":"SKIP","floor":23.0},{"not_picked":["Anger","Replay:Undeath\u0027s Touch"],"picked":"Uppercut","floor":25.0},{"not_picked":["Anger","Sword Boomerang"],"picked":"Perfected Strike+1","floor":27.0},{"not_picked":["Run Through","Pommel Strike"],"picked":"Rupture","floor":28.0},{"not_picked":["Cleave","Pommel Strike"],"picked":"Dropkick","floor":30.0},{"not_picked":["Corruption","REME_TheLastStrike"],"picked":"Brutality","floor":33.0},{"not_picked":["Shrug It Off+1","Twin Strike"],"picked":"Life Link","floor":35.0},{"not_picked":["Sword Boomerang","Flex"],"picked":"Rupture+1","floor":40.0},{"not_picked":["Burning Pact","Entrench","Eclipse"],"picked":"Singing Bowl","floor":44.0},{"not_picked":["Heavy Blade","Spot Weakness"],"picked":"Double Tap","floor":44.0},{"not_picked":["Wild Strike","REME_TheLastStrike","Replay:Undeath\u0027s Touch+1"],"picked":"SKIP","floor":46.0},{"not_picked":["Shrug It Off+1","ReplayTheSpireMod:Stacked","Rupture+1"],"picked":"SKIP","floor":54}],"player_experience":141071,"relics_obtained":[{"floor":6.0,"key":"The Courier"},{"floor":8.0,"key":"Matryoshka"},{"floor":9.0,"key":"ReplayTheSpireMod:Ninjato"},{"floor":10.0,"key":"Pantograph"},{"floor":14.0,"key":"Bottled Flame"},{"floor":19.0,"key":"FossilizedHelix"},{"floor":19.0,"key":"Shuriken"},{"floor":23.0,"key":"Meat on the Bone"},{"floor":25.0,"key":"Regal Pillow"},{"floor":26.0,"key":"Pen Nib"},{"floor":28.0,"key":"Darkstone Periapt"},{"floor":30.0,"key":"Red Mask"},{"floor":37.0,"key":"ReplayFunnel"},{"floor":39.0,"key":"ReplayTheSpireMod:Ring of Addiction"},{"floor":39.0,"key":"Chameleon Ring"},{"floor":39.0,"key":"White Beast Statue"},{"floor":39.0,"key":"Ring of Peace"},{"floor":40.0,"key":"Happy Flower"},{"floor":41.0,"key":"REME_IWantAll"},{"floor":43.0,"key":"Boot"},{"floor":44.0,"key":"Smiling Mask"},{"floor":46.0,"key":"Frozen Egg 2"},{"floor":54,"key":"Pear"}],"event_choices":[{"damage_healed":0.0,"max_hp_gain":0.0,"max_hp_loss":0.0,"gold_gain":0.0,"event_name":"Golden Wing","player_choice":"Ignored","floor":2.0,"gold_loss":0.0,"damage_taken":0.0},{"damage_healed":0.0,"max_hp_gain":0.0,"max_hp_loss":0.0,"gold_gain":0.0,"event_name":"Masked Bandits","player_choice":"Fought Bandits","floor":30.0,"gold_loss":0.0,"damage_taken":0.0},{"damage_healed":0.0,"max_hp_gain":0.0,"max_hp_loss":0.0,"gold_gain":222.0,"event_name":"Tomb of Lord Red Mask","player_choice":"Wore Mask","floor":36.0,"gold_loss":0.0,"damage_taken":0.0},{"damage_healed":0.0,"max_hp_gain":0.0,"max_hp_loss":0.0,"gold_gain":0.0,"event_name":"Mysterious Sphere","player_choice":"Fight","floor":41.0,"gold_loss":0.0,"damage_taken":0.0},{"cards_removed":["Doubt"],"damage_healed":0.0,"max_hp_gain":0.0,"max_hp_loss":0.0,"gold_gain":0.0,"event_name":"Bonfire Elementals","player_choice":"Offered Curse","floor":45.0,"gold_loss":0.0,"damage_taken":0.0,"relics_obtained":["Spirit Poop"]},{"damage_healed":0.0,"max_hp_gain":0.0,"max_hp_loss":0.0,"gold_gain":0.0,"event_name":"SecretPortal","player_choice":"Ignored","floor":48.0,"gold_loss":0.0,"damage_taken":0.0}],"is_beta":false,"boss_relics":[{"not_picked":["energizedSpire:OgreHead","energizedSpire:MagnifyingGlass"],"picked":"energizedSpire:CursedPentagram"},{"not_picked":["Replay:Wanted Poster","Painkiller Herb"],"picked":"energizedSpire:DeadBattery"}],"items_purged_floors":[31,38,47,53],"is_endless":false,"potions_floor_spawned":[4,8,10,11,18,23,25,30,40,41,44,46,54],"ascension_level":3}}