{"host":"d5i1qeb9dejicw1z","time":1612070259,"event":{"mods":["AchievementEnabler","BaseMod","Better Note","BetterRewards","Gold Saver","Minty Spire (QoL Compilation)","Permanent Neow","Relic Filter Mod","Reliquary","Replay The Spire","StSLib"],"gold_per_floor":[391,391,406,118,118,118,54,88,88,88,107,120,132,147,147,147,147],"floor_reached":16,"language":"ENG","playtime":616,"items_purged":[],"score":199,"play_id":"b3453a21-b692-4d0f-af53-0e29cf9cc97d","local_time":"20210130211739","is_ascension_mode":true,"campfire_choices":[{"data":"Poisoned Stab","floor":6,"key":"SMITH"},{"floor":15,"key":"REST"}],"circlet_count":0,"master_deck":["AscendersBane","Strike_G","Strike_G","Strike_G","Strike_G","Strike_G","Defend_G","Defend_G","Defend_G","Defend_G","Defend_G","Survivor","Neutralize","Malaise+1","Poisoned Stab+1","Sadistic Nature","ReplayTheSpireMod:Speed Training+1","After Image","Backflip","Poisoned Stab"],"relics":["Ring of the Snake","Garlic","Replay:Mystery Machine","StoneCalendar"],"acts_visited":["Exordium"],"potions_floor_usage":[8,8,12,13,13],"damage_taken":[{"damage":11,"enemies":"Jaw Worm","floor":1,"turns":6},{"damage":1,"enemies":"2 Louse","floor":3,"turns":6},{"damage":27,"enemies":"Gremlin Nob","floor":8,"turns":6},{"damage":0,"enemies":"Cultist","floor":11,"turns":3},{"damage":6,"enemies":"Gremlin Gang","floor":12,"turns":6},{"damage":0,"enemies":"Lots of Slimes","floor":13,"turns":3},{"damage":12,"enemies":"Large Slime","floor":14,"turns":7},{"damage":31,"enemies":"Slime Boss","floor":16,"turns":3}],"seed_played":"7495689559930897901","potions_obtained":[{"floor":1,"key":"Explosive Potion"},{"floor":10,"key":"Death Potion"},{"floor":10,"key":"Reflective Coating"},{"floor":11,"key":"LiquidBronze"},{"floor":12,"key":"Regen Potion"}],"is_trial":false,"path_per_floor":["M","?","M","$","?","R","$","E","T","?","M","M","M","M","R","B"],"character_chosen":"THE_SILENT","items_purchased":["Sadistic Nature","Regen Potion","ReplayTheSpireMod:Speed Training+1"],"campfire_rested":1,"item_purchase_floors":[4,4,7],"current_hp_per_floor":[48,30,29,29,29,29,29,17,17,17,17,11,23,11,30,0,0],"gold":147,"neow_bonus":"ONE_RANDOM_RARE_CARD","is_daily":false,"chose_seed":false,"campfire_upgraded":1,"win_rate":0.0,"timestamp":1612070259,"path_taken":["M","?","M","$","?","R","$","E","T","?","?","?","M","M","R","BOSS"],"items_purchased_type":["Card","Potion","Card"],"build_version":"2020-12-22","purchased_purges":0,"victory":false,"max_hp_per_floor":[66,66,66,66,66,66,66,66,66,66,66,66,66,66,66,66,66],"card_choices":[{"not_picked":["Bane","PiercingWail","Acrobatics"],"picked":"SKIP","floor":1},{"not_picked":["Hidden Blade","PiercingWail"],"picked":"Poisoned Stab","floor":3},{"not_picked":["Dagger Spray","ReplayTheSpireMod:Shiv Toss"],"picked":"After Image","floor":8},{"not_picked":["Dodge and Roll","Flying Knee","All Out Attack"],"picked":"SKIP","floor":11},{"not_picked":["Deadly Poison","Quick Slash"],"picked":"Backflip","floor":12},{"not_picked":["Hidden Blade","Blade Dance","All Out Attack"],"picked":"SKIP","floor":13},{"not_picked":["Bane","ReplayTheSpireMod:Exploit Weakness"],"picked":"Poisoned Stab","floor":14}],"player_experience":1187395,"relics_obtained":[{"floor":8,"key":"Replay:Mystery Machine"},{"floor":9,"key":"StoneCalendar"}],"event_choices":[{"damage_healed":0,"gold_gain":0,"player_choice":"Success","damage_taken":18,"relics_obtained":["Garlic"],"max_hp_gain":0,"max_hp_loss":0,"event_name":"Scrap Ooze","floor":2,"gold_loss":0},{"damage_healed":0,"gold_gain":0,"player_choice":"Grow","damage_taken":0,"max_hp_gain":0,"max_hp_loss":0,"event_name":"Living Wall","floor":5,"gold_loss":0,"cards_upgraded":["Malaise"]},{"damage_healed":0,"gold_gain":0,"player_choice":"Got Potions","damage_taken":0,"max_hp_gain":0,"max_hp_loss":0,"event_name":"Lab","floor":10,"gold_loss":0}],"is_beta":false,"boss_relics":[],"items_purged_floors":[],"is_endless":false,"potions_floor_spawned":[1,11,12],"killed_by":"Slime Boss","ascension_level":19}}