{"host":"dm4yvegl9um2tlqd","time":1612091916,"event":{"mods":["2.2 Compatiblity","AchievementEnabler","BaseMod","Colored Map","DeckTracker","Highlight Path","KOR Keyword Fix","Keyboard Shortcuts","Minty Spire (QoL Compilation)","Permanent Neow","Quick Restart","Random Character Button","StSLib","SuperFastMode","everything is the same but u backflip on backflip"],"gold_per_floor":[214,289,306,37,56,90,90,120,146,146,179,54,79,90,90,191,191,201,126,306,124,139,165,165,175,175,194,194,194,228,242,242,347,347,362,412,412,430,430,430,444,444,470,470,487,487,258,258,258,258],"floor_reached":51,"language":"KOR","playtime":2157,"items_purged":["Strike_B","Defend_B","Defend_B"],"score":926,"play_id":"4e6b2f0c-d4a1-4676-990d-88b8c47ce28f","local_time":"20210131201836","is_ascension_mode":true,"campfire_choices":[{"data":"Beam Cell","floor":7.0,"key":"SMITH"},{"floor":10.0,"key":"REST"},{"data":"Defragment","floor":15.0,"key":"SMITH"},{"data":"Seek","floor":24.0,"key":"SMITH"},{"data":"Biased Cognition","floor":29.0,"key":"SMITH"},{"data":"Seek","floor":32.0,"key":"SMITH"},{"data":"Fission","floor":40,"key":"SMITH"},{"data":"Hologram","floor":44,"key":"SMITH"},{"data":"The Bomb","floor":49,"key":"SMITH"}],"circlet_count":0,"master_deck":["Zap","Dualcast","Beam Cell+1","Sweeping Beam","Gash","Cold Snap","Cold Snap","Glacier","Biased Cognition+1","Gash+1","Gash+1","Defragment+1","Go for the Eyes+1","Compile Driver+1","Capacitor","Seek+1","Self Repair+1","Darkness+1","Streamline+1","The Bomb+1","BootSequence","Ball Lightning+1","Hologram+1","Seek+1","Fission+1","Flash of Steel+1"],"relics":["Cracked Core","Membership Card","Ancient Tea Set","Smiling Mask","Happy Flower","Molten Egg 2","Orrery","Singing Bowl","Astrolabe","Ornamental Fan","Letter Opener","Blue Candle","Busted Crown","Prayer Wheel","Toy Ornithopter","Art of War","Shuriken"],"acts_visited":["Exordium","TheCity","TheBeyond"],"potions_floor_usage":[39,50,50],"damage_taken":[{"damage":6.0,"enemies":"Small Slimes","floor":1.0,"turns":4.0},{"damage":7.0,"enemies":"Jaw Worm","floor":3.0,"turns":2.0},{"damage":0.0,"enemies":"Cultist","floor":5.0,"turns":3.0},{"damage":33.0,"enemies":"Gremlin Nob","floor":6.0,"turns":5.0},{"damage":17.0,"enemies":"Lagavulin","floor":8.0,"turns":6.0},{"damage":15.0,"enemies":"Gremlin Nob","floor":11.0,"turns":4.0},{"damage":0.0,"enemies":"Lagavulin","floor":13.0,"turns":5.0},{"damage":4.0,"enemies":"3 Louse","floor":14.0,"turns":3.0},{"damage":3.0,"enemies":"Hexaghost","floor":16.0,"turns":8.0},{"damage":6.0,"enemies":"2 Thieves","floor":18.0,"turns":2.0},{"damage":1.0,"enemies":"3 Byrds","floor":22.0,"turns":4.0},{"damage":42.0,"enemies":"Book of Stabbing","floor":23.0,"turns":4.0},{"damage":3.0,"enemies":"Centurion and Healer","floor":25.0,"turns":5.0},{"damage":0.0,"enemies":"Chosen and Byrds","floor":27.0,"turns":4.0},{"damage":9.0,"enemies":"Gremlin Leader","floor":30.0,"turns":5.0},{"damage":4.0,"enemies":"3 Cultists","floor":31.0,"turns":5.0},{"damage":37.0,"enemies":"Champ","floor":33.0,"turns":8.0},{"damage":8.0,"enemies":"Orb Walker","floor":35.0,"turns":3.0},{"damage":1.0,"enemies":"Mind Bloom Boss Battle","floor":36.0,"turns":6.0},{"damage":5.0,"enemies":"3 Shapes","floor":38.0,"turns":5.0},{"damage":0,"enemies":"Writhing Mass","floor":39,"turns":1},{"damage":7,"enemies":"Sphere and 2 Shapes","floor":41,"turns":3},{"damage":19,"enemies":"3 Darklings","floor":45,"turns":4},{"damage":19,"enemies":"Time Eater","floor":50,"turns":6}],"seed_played":"-2268139665820328883","potions_obtained":[{"floor":5.0,"key":"SmokeBomb"},{"floor":6.0,"key":"Regen Potion"},{"floor":8.0,"key":"Energy Potion"},{"floor":13.0,"key":"Energy Potion"},{"floor":14.0,"key":"FearPotion"},{"floor":30.0,"key":"ColorlessPotion"},{"floor":31.0,"key":"Swift Potion"},{"floor":33.0,"key":"Weak Potion"},{"floor":36.0,"key":"SteroidPotion"},{"floor":41,"key":"Fire Potion"}],"is_trial":false,"path_per_floor":["M","?","M","$","M","E","R","E","T","R","E","$","E","M","R","B",null,"M","?","?","$","M","E","R","M","T","M","?","R","E","M","R","B",null,"M","?","?","M","M","R","M","?","T","R","M","T","$","?","R","B",null],"character_chosen":"DEFECT","items_purchased":["Membership Card","Gash","SteroidPotion","SteroidPotion","Gash+1","Sunder+1","Orrery","The Bomb","BootSequence","Flash of Steel+1","Shuriken"],"campfire_rested":1,"item_purchase_floors":[4,4,4,4,12,12,12,21,21,47,47],"current_hp_per_floor":[69,58,51,51,51,18,18,16,16,38,23,23,25,21,21,18,77,73,73,42,42,51,9,9,18,18,30,30,30,31,39,39,12,85,79,89,85,89,89,89,93,93,93,93,88,88,88,88,88,89],"gold":258,"neow_bonus":"HUNDRED_GOLD","is_daily":false,"chose_seed":false,"campfire_upgraded":8,"win_rate":0.0,"timestamp":1612091916,"path_taken":["M","?","M","$","M","E","R","E","T","R","E","$","E","M","R","BOSS","M","?","?","$","M","E","R","M","T","?","?","R","E","M","R","BOSS","M","?","?","M","M","R","M","?","T","R","?","?","$","?","R","BOSS"],"items_purchased_type":["Relic","Card","Potion","Potion","Card","Card","Relic","Card","Card","Card","Relic"],"build_version":"2020-12-22","purchased_purges":3,"victory":true,"max_hp_per_floor":[75,75,75,75,75,75,75,75,75,75,75,75,77,77,77,77,77,79,79,79,79,79,79,79,81,81,83,83,83,83,85,85,85,85,87,89,85,89,89,89,93,93,93,93,97,97,97,97,97,97],"card_choices":[{"not_picked":["Stack","Compile Driver"],"picked":"Beam Cell","floor":1.0},{"not_picked":["Leap","Cold Snap"],"picked":"Sweeping Beam","floor":3.0},{"not_picked":["Streamline","Compile Driver"],"picked":"Cold Snap","floor":5.0},{"not_picked":["Sweeping Beam","Fusion"],"picked":"Cold Snap","floor":6.0},{"not_picked":["Recycle","Leap"],"picked":"Glacier","floor":8.0},{"not_picked":["Ball Lightning+1","Undo"],"picked":"Biased Cognition","floor":11.0},{"not_picked":["Rebound+1","Chaos"],"picked":"Gash+1","floor":12.0},{"not_picked":["Turbo","Steam"],"picked":"Defragment","floor":12.0},{"not_picked":["Compile Driver+1","Chaos"],"picked":"Go for the Eyes+1","floor":12.0},{"not_picked":["Streamline+1","Steam"],"picked":"Compile Driver+1","floor":12.0},{"not_picked":["Sunder+1","Redo","Machine Learning"],"picked":"Singing Bowl","floor":13.0},{"not_picked":["Redo","Stack"],"picked":"Capacitor","floor":14.0},{"not_picked":["Buffer","Meteor Strike+1"],"picked":"Seek","floor":16.0},{"not_picked":["Scrape+1","Genetic Algorithm","Auto Shields"],"picked":"Singing Bowl","floor":18.0},{"not_picked":["Barrage+1","Steam Power"],"picked":"Ball Lightning+1","floor":22.0},{"not_picked":["Rainbow","Loop+1"],"picked":"Hologram","floor":23.0},{"not_picked":["Redo+1","Beam Cell+1","Streamline+1"],"picked":"Singing Bowl","floor":25.0},{"not_picked":["Loop+1","Ball Lightning+1","Double Energy+1"],"picked":"Singing Bowl","floor":27.0},{"not_picked":["Sunder+1","Chaos"],"picked":"Seek","floor":30.0},{"not_picked":["Stack","Beam Cell+1","Rebound+1"],"picked":"Singing Bowl","floor":31.0},{"not_picked":["All For One+1","Multi-Cast"],"picked":"Fission","floor":33.0},{"not_picked":["Go for the Eyes+1"],"picked":"Singing Bowl","floor":35.0},{"not_picked":["Storm"],"picked":"Singing Bowl","floor":36.0},{"not_picked":["Stack"],"picked":"Singing Bowl","floor":38.0},{"not_picked":["Coolheaded"],"picked":"Singing Bowl","floor":38.0},{"not_picked":["Cold Snap+1"],"picked":"Singing Bowl","floor":41},{"not_picked":["Fission"],"picked":"Singing Bowl","floor":41},{"not_picked":["Scrape+1"],"picked":"Singing Bowl","floor":45},{"not_picked":["Loop"],"picked":"Singing Bowl","floor":45}],"player_experience":101282,"relics_obtained":[{"floor":6.0,"key":"Ancient Tea Set"},{"floor":8.0,"key":"Smiling Mask"},{"floor":9.0,"key":"Happy Flower"},{"floor":11.0,"key":"Molten Egg 2"},{"floor":13.0,"key":"Singing Bowl"},{"floor":23.0,"key":"Ornamental Fan"},{"floor":26.0,"key":"Letter Opener"},{"floor":30.0,"key":"Blue Candle"},{"floor":36.0,"key":"Prayer Wheel"},{"floor":43,"key":"Toy Ornithopter"},{"floor":46,"key":"Art of War"}],"event_choices":[{"damage_healed":0.0,"max_hp_gain":0.0,"max_hp_loss":0.0,"gold_gain":75.0,"event_name":"World of Goop","player_choice":"Gather Gold","floor":2.0,"gold_loss":0.0,"damage_taken":11.0},{"cards_removed":["Defend_B"],"damage_healed":0.0,"max_hp_gain":0.0,"max_hp_loss":0.0,"gold_gain":0.0,"event_name":"Beggar","player_choice":"Gave Gold","floor":19.0,"gold_loss":75.0,"damage_taken":0.0},{"damage_healed":0.0,"max_hp_gain":0.0,"max_hp_loss":0.0,"gold_gain":180.0,"event_name":"Knowing Skull","player_choice":"GOLD GOLD CARD POTION ","floor":20.0,"potions_obtained":["EntropicBrew"],"gold_loss":0.0,"damage_taken":31.0,"cards_obtained":["Trip"]},{"cards_removed":["Defend_B"],"damage_healed":0.0,"max_hp_gain":0.0,"max_hp_loss":0.0,"gold_gain":0.0,"event_name":"Back to Basics","player_choice":"Elegance","floor":28.0,"gold_loss":0.0,"damage_taken":0.0},{"damage_healed":0.0,"max_hp_gain":0.0,"max_hp_loss":0.0,"gold_gain":0.0,"event_name":"MindBloom","player_choice":"Fight","floor":36.0,"gold_loss":0.0,"damage_taken":0.0},{"damage_healed":0.0,"max_hp_gain":0.0,"max_hp_loss":4.0,"gold_gain":0.0,"event_name":"Winding Halls","player_choice":"Max HP","floor":37.0,"gold_loss":0.0,"damage_taken":0.0},{"cards_removed":["Trip"],"damage_healed":0,"gold_gain":0,"player_choice":"Offered Uncommon","damage_taken":0,"max_hp_gain":0,"max_hp_loss":0,"event_name":"Bonfire Elementals","floor":42,"gold_loss":0},{"cards_removed":["Sunder"],"damage_healed":0,"gold_gain":0,"player_choice":"Removed Attack","damage_taken":0,"max_hp_gain":0,"max_hp_loss":0,"event_name":"Falling","floor":48,"gold_loss":0}],"is_beta":false,"boss_relics":[{"not_picked":["Philosopher\u0027s Stone","Empty Cage"],"picked":"Astrolabe"},{"not_picked":["SacredBark","Snecko Eye"],"picked":"Busted Crown"}],"items_purged_floors":[4,21,47],"is_endless":false,"potions_floor_spawned":[5,6,8,13,14,22,30,31,33,36,41],"ascension_level":4}}