{"host":"6xsbn6ynqlzwllfm","time":1612115620,"event":{"mods":["2.2 Compatiblity","BaseMod","Bestiary","Colored Map","Colored Powertips","Curses Come First","Highlight Path","Keyboard Shortcuts","Minty Spire (QoL Compilation)","Relic Stats","Slay the Relics Exporter","StSLib","SuperFastMode"],"gold_per_floor":[110,185,199,199,211,244,258,277,277,277,308,308,308,308],"floor_reached":13,"language":"ENG","playtime":256,"items_purged":[],"score":190,"play_id":"92e85590-a8e6-4117-8d73-5572d447c5d6","local_time":"20210131125340","is_ascension_mode":true,"campfire_choices":[{"data":"Conclude","floor":10,"key":"SMITH"},{"data":"EmptyFist","floor":12,"key":"SMITH"}],"circlet_count":0,"master_deck":["AscendersBane","Strike_P","Strike_P","Strike_P","Strike_P","Defend_P","Defend_P","Defend_P","Defend_P","Eruption","Vigilance","BowlingBash","BowlingBash","Pain","ThirdEye","EmptyFist+1","DevaForm","Conclude+1","LikeWater"],"relics":["PureWater","NeowsBlessing","WarpedTongs","Oddly Smooth Stone","Question Card","Gremlin Horn"],"acts_visited":["Exordium"],"potions_floor_usage":[],"damage_taken":[{"damage":0.0,"enemies":"2 Louse","floor":1.0,"turns":1.0},{"damage":0.0,"enemies":"Jaw Worm","floor":3.0,"turns":1.0},{"damage":0.0,"enemies":"Cultist","floor":5.0,"turns":1.0},{"damage":26,"enemies":"Lagavulin","floor":6,"turns":10},{"damage":4,"enemies":"2 Fungi Beasts","floor":7,"turns":3},{"damage":2,"enemies":"Large Slime","floor":8,"turns":3},{"damage":25,"enemies":"3 Sentries","floor":11,"turns":4},{"damage":19,"enemies":"Gremlin Nob","floor":13,"turns":2}],"seed_played":"-3383562235586261166","potions_obtained":[{"floor":1.0,"key":"FairyPotion"},{"floor":5.0,"key":"Explosive Potion"},{"floor":8,"key":"DuplicationPotion"}],"is_trial":false,"path_per_floor":["M","?","M","?","M","E","M","M","T","R","E","R","E"],"character_chosen":"WATCHER","items_purchased":[],"campfire_rested":0,"item_purchase_floors":[],"current_hp_per_floor":[61,50,50,50,50,24,20,18,18,18,19,19,0,0],"gold":308,"neow_bonus":"THREE_ENEMY_KILL","is_daily":false,"chose_seed":false,"campfire_upgraded":2,"win_rate":0.0,"timestamp":1612115620,"path_taken":["M","?","M","?","M","E","?","M","T","R","E","R","E"],"items_purchased_type":[],"build_version":"2020-12-22","purchased_purges":0,"victory":false,"max_hp_per_floor":[68,68,68,68,68,68,68,68,68,68,68,68,68,68],"relic_stats":{"Gremlin Horn":[0,0],"counters":[8,25],"Question Card":1,"obtain_stats":[{"NeowsBlessing":0,"Gremlin Horn":11,"Oddly Smooth Stone":6,"PureWater":0,"Question Card":9,"WarpedTongs":4},{"NeowsBlessing":0,"Gremlin Horn":7,"Oddly Smooth Stone":4,"PureWater":0,"Question Card":6,"WarpedTongs":2},{"NeowsBlessing":0,"Gremlin Horn":23,"Oddly Smooth Stone":13,"PureWater":0,"Question Card":19,"WarpedTongs":2}],"WarpedTongs":[23]},"card_choices":[{"not_picked":["Indignation","FlyingSleeves"],"picked":"BowlingBash","floor":1.0},{"not_picked":["Crescendo","CrushJoints"],"picked":"BowlingBash","floor":3.0},{"not_picked":["JustLucky","Prostrate"],"picked":"ThirdEye","floor":5.0},{"not_picked":["FlurryOfBlows","PathToVictory"],"picked":"EmptyFist","floor":6},{"not_picked":["FollowUp","Halt"],"picked":"DevaForm","floor":7},{"not_picked":["TalkToTheHand","CrushJoints"],"picked":"Conclude","floor":8},{"not_picked":["WreathOfFlame","Protect","CarveReality"],"picked":"LikeWater","floor":11}],"player_experience":1361156,"relics_obtained":[{"floor":6,"key":"Oddly Smooth Stone"},{"floor":9,"key":"Question Card"},{"floor":11,"key":"Gremlin Horn"}],"event_choices":[{"damage_healed":0.0,"max_hp_gain":0.0,"max_hp_loss":0.0,"gold_gain":75.0,"event_name":"World of Goop","player_choice":"Gather Gold","floor":2.0,"gold_loss":0.0,"damage_taken":11.0},{"damage_healed":0.0,"max_hp_gain":0.0,"max_hp_loss":0.0,"gold_gain":0.0,"event_name":"Accursed Blacksmith","player_choice":"Rummage","floor":4.0,"gold_loss":0.0,"damage_taken":0.0,"relics_obtained":["WarpedTongs"],"cards_obtained":["Pain"]}],"is_beta":false,"boss_relics":[],"items_purged_floors":[],"is_endless":false,"potions_floor_spawned":[1,5,7,8],"killed_by":"Gremlin Nob","ascension_level":20}}