{"host":"cijhj3091wf4aho3","time":1612064924,"event":{"mods":["BaseMod","Colored Map","Colored Powertips","Downfall","Friendly Minions","GifTheSpireLib","Highlight Path","Minty Spire (QoL Compilation)","Permanent Neow","Random Character Button","Relic Sorter","Relic Stats","StSLib","everything is the same but u backflip on backflip","slay the spire mod where everything is the same but ironclad has a cowboy hat"],"gold_per_floor":[99,109,125,138,152,152,152,181,42,52,71,71,71,85,103,201,201,101,119,129,140,225,251,251,279,289,189,223,236,236,236,236,236],"floor_reached":31,"language":"ENG","playtime":1476,"items_purged":["bronze:Strike"],"score":367,"play_id":"de9c9f06-e864-423b-a843-495b0be921db","local_time":"20210130194844","is_ascension_mode":true,"campfire_choices":[{"data":"bronze:Goto","floor":1,"key":"SMITH"},{"data":"bronze:GetLatest","floor":6,"key":"SMITH"},{"data":"bronze:RecursiveStrike","floor":13,"key":"SMITH"},{"floor":18,"key":"RECALL"},{"data":"bronze:Verify","floor":27,"key":"SMITH"}],"circlet_count":0,"master_deck":["bronze:Strike","bronze:Defend","bronze:Defend","bronze:Defend","bronze:Defend","bronze:Replicate","bronze:Goto+1","bronze:Backtrace","bronze:Constructor","bronze:Separator","bronze:GetLatest+1","bronze:RecursiveStrike+1","bronze:Frontload","bronze:Boost","bronze:Spike","bronze:BronzeOrb","bronze:Assembly","bronze:Invalidate+1","bronze:Verify+1","bronze:Backtrace","bronze:Boost+1"],"relics":["bronze:BronzeCore","Blue Candle","Coffee Dripper","downfall:HeartBlessingBlue","MealTicket","Pear","Omamori","downfall:HeartBlessingRed","Dream Catcher"],"acts_visited":["Exordium","TheCity"],"potions_floor_usage":[16,21],"damage_taken":[{"damage":0,"enemies":"Cultist","floor":2,"turns":3},{"damage":2,"enemies":"Jaw Worm","floor":3,"turns":2},{"damage":0,"enemies":"Small Slimes","floor":4,"turns":3},{"damage":3,"enemies":"Blue Slaver","floor":5,"turns":2},{"damage":0,"enemies":"3 Sentries","floor":8,"turns":8},{"damage":0,"enemies":"downfall:FleeingMerchant","floor":9,"turns":4},{"damage":0,"enemies":"Exordium Wildlife","floor":10,"turns":3},{"damage":3,"enemies":"Large Slime","floor":11,"turns":6},{"damage":0,"enemies":"Large Slime","floor":12,"turns":3},{"damage":6,"enemies":"Exordium Thugs","floor":14,"turns":3},{"damage":9,"enemies":"Exordium Wildlife","floor":15,"turns":4},{"damage":23,"enemies":"IC_STATUS_ARCHETYPE","floor":16,"turns":9},{"damage":0,"enemies":"Spheric Guardian","floor":19,"turns":2},{"damage":1,"enemies":"Shell Parasite","floor":20,"turns":3},{"damage":0,"enemies":"Snecko","floor":21,"turns":3},{"damage":5,"enemies":"Gremlin Leader","floor":25,"turns":5},{"damage":30,"enemies":"Snake Plant","floor":26,"turns":4},{"damage":30,"enemies":"Book of Stabbing","floor":28,"turns":5},{"damage":0,"enemies":"3 Cultists","floor":29,"turns":3},{"damage":42,"enemies":"Gremlin Leader","floor":31,"turns":3}],"seed_played":"-7356200888840923588","potions_obtained":[{"floor":2,"key":"SmokeBomb"},{"floor":4,"key":"Fire Potion"},{"floor":5,"key":"sneckomod:MuddlingPotion"},{"floor":12,"key":"PowerPotion"},{"floor":14,"key":"Dexterity Potion"},{"floor":20,"key":"SpeedPotion"},{"floor":25,"key":"FearPotion"}],"is_trial":false,"path_per_floor":["R","M","M","M","M","R","T","E","$","M","M","?","R","M","M","B",null,"R","M","M","M","?","T","T","E","M","R","E","M","?","E"],"character_chosen":"THE_AUTOMATON","items_purchased":["bronze:Frontload"],"campfire_rested":0,"item_purchase_floors":[9],"current_hp_per_floor":[63,63,61,61,58,58,58,58,58,58,55,55,55,49,40,17,63,73,73,72,72,58,58,68,63,33,33,3,3,30,0,0,0],"gold":236,"neow_bonus":"REMOVE_TWO","is_daily":false,"chose_seed":false,"campfire_upgraded":4,"win_rate":0.0,"timestamp":1612064924,"path_taken":["R","M","M","?","M","R","T","E","$","M","M","?","R","M","M","BOSS","R","M","M","M","?","?","T","E","M","R","E","?","?","E"],"items_purchased_type":["Card"],"build_version":"2020-12-22","purchased_purges":1,"victory":false,"max_hp_per_floor":[63,63,63,63,63,63,63,63,63,63,63,63,63,63,63,63,63,73,73,73,73,73,73,83,83,83,83,83,83,83,83,83,83],"relic_stats":{"Dream Catcher":0,"counters":[20,78],"Blue Candle":[0],"MealTicket":0,"obtain_stats":[{"Dream Catcher":28,"bronze:BronzeCore":0,"Pear":24,"downfall:HeartBlessingRed":27,"downfall:HeartBlessingBlue":18,"Blue Candle":8,"MealTicket":23,"Coffee Dripper":17,"Omamori":25},{"Dream Catcher":18,"bronze:BronzeCore":0,"Pear":15,"downfall:HeartBlessingRed":17,"downfall:HeartBlessingBlue":12,"Blue Candle":5,"MealTicket":15,"Coffee Dripper":12,"Omamori":16},{"Dream Catcher":72,"bronze:BronzeCore":0,"Pear":58,"downfall:HeartBlessingRed":67,"downfall:HeartBlessingBlue":50,"Blue Candle":18,"MealTicket":58,"Coffee Dripper":50,"Omamori":63}]},"card_choices":[{"not_picked":["bronze:BitShift","bronze:ForceShield"],"picked":"bronze:Backtrace","floor":2},{"not_picked":["bronze:DelayedSlice","bronze:CutThrough"],"picked":"bronze:Constructor","floor":3},{"not_picked":["bronze:Frontload","bronze:ForLoop"],"picked":"bronze:Separator","floor":4},{"not_picked":["bronze:Iterate","bronze:Branch"],"picked":"bronze:GetLatest","floor":5},{"not_picked":["bronze:Hardcode","bronze:BronzeOrb"],"picked":"bronze:RecursiveStrike","floor":8},{"not_picked":["bronze:CutThrough","bronze:ChildClass","bronze:ForceShield"],"picked":"SKIP","floor":9},{"not_picked":["bronze:Invalidate","bronze:Turbo"],"picked":"bronze:Boost","floor":10},{"not_picked":["bronze:FollowUp","bronze:BugBarrage","bronze:Turbo"],"picked":"SKIP","floor":11},{"not_picked":[],"picked":"bronze:Spike","floor":12},{"not_picked":["bronze:FineTuning","bronze:GetLatest"],"picked":"bronze:BronzeOrb","floor":12},{"not_picked":["bronze:BuggyMess","bronze:DelayedGuard","bronze:Branch"],"picked":"SKIP","floor":14},{"not_picked":["bronze:Iterate","bronze:BuggyMess","bronze:Separator"],"picked":"SKIP","floor":15},{"not_picked":["bronze:BurnOut","bronze:SpaghettiCode"],"picked":"bronze:Assembly","floor":16},{"not_picked":["bronze:DelayedGuard","bronze:Invalidate","bronze:Iterate"],"picked":"SKIP","floor":19},{"not_picked":["bronze:Refactor+1","bronze:Separator"],"picked":"bronze:Invalidate+1","floor":20},{"not_picked":["bronze:Iterate","bronze:CutThrough"],"picked":"bronze:Verify","floor":21},{"not_picked":["bronze:Overheat","bronze:Optimize","bronze:BitShift"],"picked":"SKIP","floor":25},{"not_picked":["bronze:Turbo","bronze:DarkDash","bronze:MaxOutput+1"],"picked":"SKIP","floor":26},{"not_picked":["bronze:Boost","bronze:Refactor"],"picked":"bronze:Backtrace","floor":28},{"not_picked":["bronze:Shield","bronze:BronzeOrb"],"picked":"bronze:Boost+1","floor":29}],"player_experience":537611,"relics_obtained":[{"floor":8,"key":"Blue Candle"},{"floor":23,"key":"MealTicket"},{"floor":24,"key":"Pear"},{"floor":25,"key":"Omamori"},{"floor":28,"key":"Dream Catcher"}],"event_choices":[{"damage_healed":27,"gold_gain":0,"player_choice":"Heal","damage_taken":0,"max_hp_gain":0,"max_hp_loss":0,"event_name":"The Library","floor":30,"gold_loss":0}],"is_beta":false,"boss_relics":[{"not_picked":["Runic Dome","SacredBark"],"picked":"Coffee Dripper"}],"items_purged_floors":[9],"is_endless":false,"potions_floor_spawned":[2,4,5,11,12,14,20,25,26],"killed_by":"Gremlin Leader","ascension_level":4}}