{"host":"k2mw1od0xoi9pcfj","time":1612058860,"event":{"mods":["AchievementEnabler","Act Like it!","Aspiration","BaseMod","Beaked The Cultist","Downfall","Energized Spire","Highlight Path","Minty Spire (QoL Compilation)","Permanent Neow","Relic Stats","Reliquary","Replay The Spire","Retaliation","StSLib","The Death Knight"],"gold_per_floor":[117,128,128,128,145,145,145],"floor_reached":6,"language":"ENG","playtime":265,"items_purged":[],"score":36,"play_id":"24cccbad-db38-4854-870d-6e863a66b990","local_time":"20210130200740","is_ascension_mode":false,"campfire_choices":[],"circlet_count":0,"master_deck":["DeathKnight:Strike_DeathKnight","DeathKnight:Strike_DeathKnight","DeathKnight:Strike_DeathKnight","DeathKnight:Strike_DeathKnight","DeathKnight:Strike_DeathKnight","DeathKnight:Defend_DeathKnight","DeathKnight:Defend_DeathKnight","DeathKnight:Defend_DeathKnight","DeathKnight:Defend_DeathKnight","DeathKnight:Defend_DeathKnight","DeathKnight:RuneTap","DeathKnight:RuneStrike","DeathKnight:IceboundArmor","Pain","Evaluate"],"relics":["DeathKnight:BrokenRuneblade","PrismaticShard"],"acts_visited":["Exordium"],"potions_floor_usage":[],"damage_taken":[{"damage":1,"enemies":"Jaw Worm","floor":1,"turns":4},{"damage":1,"enemies":"2 Louse","floor":2,"turns":6},{"damage":11,"enemies":"Cultist","floor":5,"turns":4},{"damage":76,"enemies":"Gremlin Nob","floor":6,"turns":7}],"seed_played":"2705352151488313253","potions_obtained":[],"is_trial":false,"path_per_floor":["M","M","?","?","M","E"],"character_chosen":"DEATH_KNIGHT","items_purchased":[],"campfire_rested":0,"item_purchase_floors":[],"current_hp_per_floor":[81,80,80,80,69,0,0],"gold":145,"neow_bonus":"TEN_PERCENT_HP_BONUS","is_daily":false,"chose_seed":false,"campfire_upgraded":0,"win_rate":0.0,"timestamp":1612058860,"path_taken":["M","M","?","?","M","E"],"items_purchased_type":[],"build_version":"2020-12-22","purchased_purges":0,"victory":false,"max_hp_per_floor":[82,82,82,82,82,82,82],"relic_stats":{"counters":[4,21],"obtain_stats":[{"PrismaticShard":4,"DeathKnight:BrokenRuneblade":0},{"PrismaticShard":2,"DeathKnight:BrokenRuneblade":0},{"PrismaticShard":10,"DeathKnight:BrokenRuneblade":0}]},"card_choices":[{"not_picked":["DeathKnight:DeathAndDecay","DeathKnight:BladedArmor"],"picked":"DeathKnight:IceboundArmor","floor":1},{"not_picked":["DeathKnight:BludPresence","DeathKnight:ScourgeStrike","DeathKnight:RaiseAlly"],"picked":"SKIP","floor":2},{"not_picked":["DDmod:CallousedSkill","Brilliance"],"picked":"Evaluate","floor":5}],"player_experience":735521,"relics_obtained":[],"event_choices":[{"damage_healed":0,"gold_gain":0,"player_choice":"Leave","damage_taken":0,"max_hp_gain":0,"max_hp_loss":0,"event_name":"The Cleric","floor":3,"gold_loss":0}],"is_beta":false,"boss_relics":[],"items_purged_floors":[],"is_endless":false,"potions_floor_spawned":[],"killed_by":"Gremlin Nob","ascension_level":0}}