{"host":"3498uni0c31c9bdm","time":1612122360,"event":{"mods":["BaseMod","Better Third Choice","Minty Spire (QoL Compilation)","Replay The Spire","StSLib"],"gold_per_floor":[117,117,117,88,106,106,130,130,130],"floor_reached":8,"language":"ENG","playtime":387,"items_purged":[],"score":68,"play_id":"1313316c-0749-44ba-aa97-24124d4dd36a","local_time":"20210201064600","is_ascension_mode":true,"campfire_choices":[{"floor":6,"key":"RECALL"}],"circlet_count":0,"master_deck":["AscendersBane","Strike_P","Strike_P","Strike_P","Strike_P","Defend_P","Defend_P","Defend_P","Eruption","Vigilance","EmptyMind","CrushJoints","Genetic Algorithm","PathToVictory","PathToVictory"],"relics":["PureWater","Boot","betterThird:SlimedRelic","Odd Mushroom"],"acts_visited":["Exordium"],"potions_floor_usage":[7,8],"damage_taken":[{"damage":6,"enemies":"Small Slimes","floor":1,"turns":5},{"damage":3,"enemies":"Jaw Worm","floor":5,"turns":4},{"damage":32,"enemies":"The Mushroom Lair","floor":7,"turns":4},{"damage":16,"enemies":"3 Sentries","floor":8,"turns":2}],"seed_played":"3383046717303738901","potions_obtained":[{"floor":5,"key":"Explosive Potion"},{"floor":7,"key":"Block Potion"}],"is_trial":false,"path_per_floor":["M","?","$","?","M","R","?","E"],"character_chosen":"WATCHER","items_purchased":[],"campfire_rested":0,"item_purchase_floors":[],"current_hp_per_floor":[59,54,54,43,40,40,8,0,0],"gold":130,"neow_bonus":"TRANSFORM_CARD","is_daily":false,"chose_seed":false,"campfire_upgraded":0,"win_rate":0.0,"timestamp":1612122360,"path_taken":["M","?","$","?","M","R","?","E"],"items_purchased_type":[],"build_version":"2020-12-22","purchased_purges":0,"victory":false,"max_hp_per_floor":[72,72,72,72,72,72,72,72,72],"card_choices":[{"not_picked":["Replay:ManipulateFuture","Crescendo"],"picked":"CrushJoints","floor":1},{"not_picked":["Replay:BluntJabs","CutThroughFate"],"picked":"PathToVictory","floor":5},{"not_picked":["EmptyBody","Crescendo"],"picked":"PathToVictory","floor":7}],"player_experience":779578,"relics_obtained":[{"floor":7,"key":"Odd Mushroom"}],"event_choices":[{"damage_healed":0,"gold_gain":0,"player_choice":"Slimed","damage_taken":11,"max_hp_gain":0,"max_hp_loss":0,"event_name":"betterThird:BetterGoop","floor":4,"gold_loss":29},{"damage_healed":0,"gold_gain":0,"player_choice":"Fought Mushrooms","damage_taken":0,"max_hp_gain":0,"max_hp_loss":0,"event_name":"Mushrooms","floor":7,"gold_loss":0}],"is_beta":false,"boss_relics":[],"items_purged_floors":[],"is_endless":false,"potions_floor_spawned":[5,7],"killed_by":"3 Sentries","ascension_level":11}}