{"host":"utqe55yv0jihe4d6","time":1612069038,"event":{"mods":["2.2 Compatiblity","AchievementEnabler","BaseMod","Block Reminder","Colored Map","Colored Powertips","Minty Spire (QoL Compilation)","Quick Restart","Rare Cards Sparkle","Relic Stats","SuperFastMode"],"gold_per_floor":[109,128,144,161,161,161,192,192,215,250,4,17,17,17,17,95,95,109,109,65,65,78,78,78],"floor_reached":23,"language":"ENG","playtime":464,"items_purged":["Strike_G"],"score":398,"play_id":"56396e94-bbc8-4cb4-a682-9e6c7dfe13c3","local_time":"20210130235718","is_ascension_mode":true,"campfire_choices":[{"floor":6,"key":"REST"},{"floor":8,"key":"REST"},{"data":"Bouncing Flask","floor":15,"key":"SMITH"}],"circlet_count":0,"master_deck":["AscendersBane","Strike_G","Strike_G","Strike_G+1","Strike_G","Defend_G","Defend_G","Defend_G","Defend_G+1","Defend_G","Survivor","Neutralize","Deadly Poison","Endless Agony","Dash","Bouncing Flask+1","Burst","Leg Sweep","Wraith Form v2+1","Catalyst"],"relics":["Ring of the Snake","NeowsBlessing","Art of War","Omamori","Boot","TwistedFunnel","Ancient Tea Set","Cursed Key"],"acts_visited":["Exordium","TheCity"],"potions_floor_usage":[7,10,16,23,23],"damage_taken":[{"damage":0,"enemies":"Cultist","floor":1,"turns":1},{"damage":0,"enemies":"2 Louse","floor":2,"turns":1},{"damage":0,"enemies":"Jaw Worm","floor":3,"turns":1},{"damage":15,"enemies":"Large Slime","floor":4,"turns":7},{"damage":25,"enemies":"Gremlin Nob","floor":7,"turns":4},{"damage":20,"enemies":"Lagavulin","floor":10,"turns":4},{"damage":1,"enemies":"Red Slaver","floor":12,"turns":3},{"damage":8,"enemies":"Hexaghost","floor":16,"turns":8},{"damage":9,"enemies":"Chosen","floor":18,"turns":4},{"damage":19,"enemies":"Spheric Guardian","floor":22,"turns":4},{"damage":28,"enemies":"Slavers","floor":23,"turns":4}],"seed_played":"-2932984368774688623","potions_obtained":[{"floor":2,"key":"LiquidMemories"},{"floor":4,"key":"CunningPotion"},{"floor":12,"key":"LiquidBronze"},{"floor":16,"key":"DistilledChaos"},{"floor":18,"key":"PowerPotion"}],"is_trial":false,"path_per_floor":["M","M","M","M","?","R","E","R","T","E","$","M","$","?","R","B",null,"M","?","$","?","M","E"],"character_chosen":"THE_SILENT","items_purchased":["TwistedFunnel","Catalyst"],"campfire_rested":2,"item_purchase_floors":[11,20],"current_hp_per_floor":[59,59,59,44,24,43,18,37,37,17,17,16,16,16,16,8,52,43,43,43,43,24,0,0],"gold":78,"neow_bonus":"THREE_ENEMY_KILL","is_daily":false,"chose_seed":false,"campfire_upgraded":1,"win_rate":0.0,"timestamp":1612069038,"path_taken":["M","?","M","?","?","R","E","R","T","E","$","M","?","?","R","BOSS","M","?","$","?","M","E"],"items_purchased_type":["Relic","Card"],"build_version":"2020-12-22","purchased_purges":1,"victory":false,"max_hp_per_floor":[66,66,66,66,66,66,66,66,66,66,66,66,66,66,66,66,66,66,66,66,66,66,66,66],"relic_stats":{"counters":[11,41],"Art of War":[2],"Boot":[23],"Cursed Key":0,"obtain_stats":[{"TwistedFunnel":11,"NeowsBlessing":0,"Art of War":7,"Omamori":9,"Boot":10,"Ancient Tea Set":14,"Cursed Key":17,"Ring of the Snake":0},{"TwistedFunnel":6,"NeowsBlessing":0,"Art of War":5,"Omamori":5,"Boot":6,"Ancient Tea Set":7,"Cursed Key":8,"Ring of the Snake":0},{"TwistedFunnel":18,"NeowsBlessing":0,"Art of War":14,"Omamori":14,"Boot":18,"Ancient Tea Set":21,"Cursed Key":29,"Ring of the Snake":0}],"Ring of the Snake":[24]},"card_choices":[{"not_picked":["Sucker Punch","Masterful Stab"],"picked":"Deadly Poison","floor":1},{"not_picked":["Flechettes","Deflect"],"picked":"Endless Agony","floor":2},{"not_picked":["Sucker Punch","Unload"],"picked":"Dash","floor":3},{"not_picked":["PiercingWail","Sucker Punch"],"picked":"Poisoned Stab","floor":4},{"not_picked":["Flechettes","Endless Agony"],"picked":"Bouncing Flask","floor":7},{"not_picked":["Flying Knee","Dagger Throw"],"picked":"Burst","floor":10},{"not_picked":["Deadly Poison","Quick Slash"],"picked":"Leg Sweep","floor":12},{"not_picked":["Venomology","Malaise"],"picked":"Wraith Form v2","floor":16},{"not_picked":["Sucker Punch","Cloak And Dagger","Prepared"],"picked":"SKIP","floor":18},{"not_picked":["Cloak And Dagger","Heel Hook","Blur"],"picked":"SKIP","floor":22}],"player_experience":2968570,"relics_obtained":[{"floor":7,"key":"Art of War"},{"floor":9,"key":"Omamori"},{"floor":10,"key":"Boot"}],"event_choices":[{"damage_healed":0,"gold_gain":0,"player_choice":"Entered Light","damage_taken":20,"max_hp_gain":0,"max_hp_loss":0,"event_name":"Shining Light","floor":5,"gold_loss":0,"cards_upgraded":["Defend_G","Strike_G"]},{"cards_removed":["Poisoned Stab"],"damage_healed":0,"gold_gain":0,"player_choice":"Gave Card","damage_taken":0,"relics_obtained":["Ancient Tea Set"],"max_hp_gain":0,"max_hp_loss":0,"event_name":"WeMeetAgain","floor":14,"gold_loss":0},{"damage_healed":0,"gold_gain":0,"player_choice":"Ignored","damage_taken":0,"max_hp_gain":0,"max_hp_loss":0,"event_name":"Vampires","floor":19,"gold_loss":0},{"damage_healed":0,"gold_gain":0,"player_choice":"Upgraded","damage_taken":0,"max_hp_gain":0,"max_hp_loss":0,"event_name":"Upgrade Shrine","floor":21,"gold_loss":0,"cards_upgraded":["Wraith Form v2"]}],"is_beta":false,"boss_relics":[{"not_picked":["Velvet Choker","SacredBark"],"picked":"Cursed Key"}],"items_purged_floors":[11],"is_endless":false,"potions_floor_spawned":[2,4,12,16,18],"killed_by":"Slavers","ascension_level":20}}