{"host":"u3jctbsl7uavviuy","time":1612100330,"event":{"mods":["ATMod(阿瑾Mod)","Arknights","BaseMod","BetterRewards","GungeonMod","HololiveMod","Luminous","Marisa（F雨　魔理沙）","Minty Spire (QoL Compilation)","Relic Stats","Replay The Spire","Shop Mod","Spicy Shops","StSLib","TestMod","The Animator","The Cursed","The Gatherer","The Servant 0.9.4","WarShipGirlsR/战舰少女R mod","篝火指南"],"gold_per_floor":[109,109,119,139,214,226,254,254,254,254,10,38,50,77,77,174,174,194,72,86,143,160,160,193,193,247,258,288,288,323,85,85,264,264,358,395,108,257,281,339,376,98,98,133,170,224,224,276,11,136,136,60,36,117,142],"floor_reached":56,"language":"ZHS","playtime":1973,"items_purged":["Strike_G","Defend_G","Strike_G","Defend_G","Strike_G","Defend_G","Strike_G"],"score":2985,"play_id":"be6a3783-146a-4850-afe4-d014af99df01","local_time":"20210131223850","is_ascension_mode":true,"campfire_choices":[{"data":"AT_ShadowStep","floor":8.0,"key":"SMITH"},{"data":"Accuracy","floor":10.0,"key":"SMITH"},{"data":"Apotheosis","floor":15.0,"key":"SMITH"},{"data":"AT_ShadowStep","floor":23.0,"key":"SMITH"},{"floor":25.0,"key":"RECALL"},{"data":"Tactician","floor":32.0,"key":"SMITH"}],"circlet_count":0,"master_deck":["AscendersBane","Survivor","Neutralize","AT_ShadowStep+1","Accuracy+1","Blade Dance","Finisher","Well Laid Plans","Well Laid Plans","Tactician+1","Backflip","Blade Dance","Leg Sweep","Acrobatics","Apotheosis+1","After Image","AT_ShadowStep+1","Calculated Gamble+1","Accuracy+1","AT_KingSlayer","Adrenaline+1","Reflex+1","Tactician+1","Acrobatics+1"],"relics":["Ring of the Snake","testmod-TestBox","AT_ATBox","testmod-InjuryResistance","Lee\u0027s Waffle","Hololive_LightStick","Calipers","Bottled Lightning","Omamori","DemoMod:SerJunkan","DemoMod:GlassGuonStoneRelic","DemoMod:Junk","Ornamental Fan","Membership Card","testmod-BouquetWithThorns","AT_ArcaneBoots","testmod-Nine","Quantum Egg","Ice Cream","Replay:Baseball","AT_MibuBalloonWealth","ClockworkSouvenir","Happy Flower","Toxic Egg 2","Ancient Tea Set","Medical Kit","AT_SunfireAegis","Bag of Marbles","AT_GoldPhoenixTree","PrismaticShard","Lantern"],"acts_visited":["Exordium","TheCity","TheBeyond","TheEnding"],"potions_floor_usage":[55,55],"damage_taken":[{"damage":0.0,"enemies":"Small Slimes","floor":1.0,"turns":2.0},{"damage":0.0,"enemies":"2 Louse","floor":3.0,"turns":2.0},{"damage":0.0,"enemies":"Cultist","floor":4.0,"turns":2.0},{"damage":0.0,"enemies":"Red Slaver","floor":6.0,"turns":1.0},{"damage":0.0,"enemies":"3 Sentries","floor":7.0,"turns":5.0},{"damage":0.0,"enemies":"Gremlin Nob","floor":12.0,"turns":3.0},{"damage":0.0,"enemies":"Exordium Thugs","floor":13.0,"turns":3.0},{"damage":0.0,"enemies":"Lagavulin","floor":14.0,"turns":2.0},{"damage":0.0,"enemies":"The Guardian","floor":16.0,"turns":4.0},{"damage":0.0,"enemies":"Shell Parasite","floor":18.0,"turns":1.0},{"damage":0.0,"enemies":"3 Byrds","floor":20.0,"turns":3.0},{"damage":0.0,"enemies":"Snecko","floor":22.0,"turns":5.0},{"damage":0.0,"enemies":"Replay:Snechameleon","floor":24.0,"turns":2.0},{"damage":0.0,"enemies":"Snake Plant","floor":27.0,"turns":1.0},{"damage":0.0,"enemies":"Slavers","floor":28.0,"turns":4.0},{"damage":0.0,"enemies":"Book of Stabbing","floor":30.0,"turns":1.0},{"damage":0.0,"enemies":"Automaton","floor":33.0,"turns":6.0},{"damage":0.0,"enemies":"3 Shapes","floor":35.0,"turns":3.0},{"damage":0.0,"enemies":"Orb Walker","floor":36.0,"turns":1.0},{"damage":0.0,"enemies":"3 Darklings","floor":38.0,"turns":3.0},{"damage":0.0,"enemies":"R_Hoarder","floor":40.0,"turns":6.0},{"damage":0.0,"enemies":"Maw","floor":41.0,"turns":3.0},{"damage":0,"enemies":"Writhing Mass","floor":44,"turns":2},{"damage":0,"enemies":"Spire Growth","floor":45,"turns":2},{"damage":0,"enemies":"Giant Head","floor":46,"turns":1},{"damage":0,"enemies":"R_Hoarder","floor":48,"turns":3},{"damage":0,"enemies":"Awakened One","floor":50,"turns":3},{"damage":0,"enemies":"Shield and Spear","floor":54,"turns":2},{"damage":6,"enemies":"The Heart","floor":55,"turns":3}],"seed_played":"6306510326675083455","potions_obtained":[{"floor":6.0,"key":"LiquidMemories"},{"floor":12.0,"key":"Adrenaline Potion"},{"floor":14.0,"key":"Languid Potion"},{"floor":18.0,"key":"Swift Potion"},{"floor":20.0,"key":"Reflective Coating"},{"floor":27.0,"key":"BlessingOfTheForge"},{"floor":41.0,"key":"testmod-EscapePotion"}],"is_trial":false,"path_per_floor":["M","?","M","M","?","M","E","R","T","R","$","E","M","E","R","B",null,"M","$","M","?","M","R","E","R","T","M","E","?","E","$","R","B",null,"M","M","$","M","T","E","M","$","T","M","M","E","?","E","R","B",null,"R","$","E","B",null],"character_chosen":"THE_SILENT","items_purchased":["Lee\u0027s Waffle","Accuracy","Blade Dance","Finisher","Well Laid Plans","Hololive_LightStick","Calipers","Bottled Lightning","Omamori","DemoMod:SerJunkan","Tactician","Swift Potion","Backflip","Membership Card","Apotheosis","AT_ShadowStep","AT_MibuBalloonWealth","ClockworkSouvenir","Toxic Egg 2","Adrenaline+1","Ancient Tea Set","Medical Kit","Bag of Marbles","AT_GoldPhoenixTree","PrismaticShard","Lantern","PowerPotion"],"campfire_rested":0,"item_purchase_floors":[0,0,0,0,0,0,0,0,0,0,0,0,0,11,11,19,31,37,42,42,42,42,49,49,49,52,53],"current_hp_per_floor":[77,77,77,77,66,66,66,66,66,66,66,66,66,66,66,66,74,74,74,74,56,56,56,56,56,56,56,56,56,56,56,56,56,72,72,72,72,72,72,72,72,72,72,72,72,72,72,72,72,72,76,76,76,76,70],"gold":142,"neow_bonus":"","is_daily":false,"chose_seed":false,"campfire_upgraded":5,"win_rate":0.0,"timestamp":1612100330,"path_taken":["M","?","M","M","?","M","E","R","T","R","$","E","M","E","R","BOSS","M","$","M","?","M","R","E","R","T","M","E","?","E","$","R","BOSS","M","M","$","?","?","E","M","?","T","M","M","E","?","E","R","BOSS","R","$","E","BOSS"],"items_purchased_type":["Relic","Card","Card","Card","Card","Relic","Relic","Relic","Relic","Relic","Card","Potion","Card","Relic","Card","Card","Relic","Relic","Relic","Card","Relic","Relic","Relic","Relic","Relic","Relic","Potion"],"build_version":"2020-12-22","purchased_purges":7,"victory":true,"max_hp_per_floor":[77,77,77,77,77,77,77,77,77,77,77,77,77,77,77,77,77,77,77,77,77,77,77,77,77,77,77,77,77,77,77,77,77,77,77,77,77,77,77,77,77,77,77,77,77,77,77,77,77,77,77,77,77,77,77],"relic_stats":{"Lee\u0027s Waffle":56,"Happy Flower":[6],"counters":[278,880],"Ornamental Fan":[384],"Medical Kit":[4],"obtain_stats":[{"TwistedFunnel":49,"Replay:Accelerometer":52,"vexMod:MemoryStick":12,"AT_ATBox":6,"Spirit Poop":11,"testmod-LifeArmor":6,"AT_ArcaneBoots":38,"Whetstone":49,"Ginger":45,"Boot":9,"Sling":53,"Replay:Ringing Soul":9,"vexMod:CardConverter":45,"vexMod:EndlessSickness":34,"Replay:Bronze Core":17,"DemoMod:LamentConfigurum":0,"Hololive_Finger":17,"Replay:Wax Seal":0,"Replay:Bottled Steam":7,"testmod-IntensifyImprint":0,"MerchantsRug":23,"testmod-TestBox":0,"Pear":45,"testmod-TimeTraveler":17,"DemoMod:OrangeGuonStone":27,"Blue Candle":49,"Pen Nib":25,"AT_EbonyIvory":38,"Paper Crane":31,"testmod-Fortitude":47,"vexMod:GhostlyGear":32,"SlaversCollar":34,"AT_SpeedBoots":14,"DemoMod:MeatBun":53,"Bird Faced Urn":0,"Pandora\u0027s Box":17,"Mark of Pain":34,"DemoMod:Relodestone":0,"DemoMod:SerJunkan":12,"Unceasing Top":0,"testmod-HeartOfDaVinci":13,"ats:Spiritual Recovery":29,"vexMod:PlasmaPancake":0,"Lantern":29,"Torii":6,"Singing Bowl":34,"DemoMod:BigBoy":34,"Blue Doll":31,"Bag of Preparation":10,"Ancient Tea Set":23,"Smiling Mask":5,"Burning Blood":0,"testmod-CasingShield":32,"Replay:Rubber Ducky":19,"Matryoshka":0,"Shovel":39,"WristBlade":34,"ats:Berate":53,"testmod-ObsoleteBoomerang":40,"WingedGreaves":13,"Chemical X":0,"Replay:Bottled Eggs":9,"Ring of the Snake":0,"AT_ChloranthyRing":0,"Potion Belt":9,"Lee\u0027s Waffle":0,"testmod-Muramasa":0,"Golden Idol":4,"Basket Of Snakes":31,"AT_GoldPhoenixTree":49,"Thread and Needle":47,"PreservedInsect":6,"DemoMod:PinkGuonStone":36,"Omamori":29,"Frozen Egg 2":0,"testmod-ConstraintPeriapt":6,"MawBank":40,"Replay:Arrowhead":8,"Ornamental Fan":9,"Bloody Idol":30,"testmod-Hope":43,"Orrery":20,"ats:Tactical Delivery":17,"Garlic":30,"Durian":8,"Bottled Lightning":8,"testmod-BalancedPeriapt":54,"AT_SunfireAegis":46,"Toy Ornithopter":27,"Ice Cream":24,"DemoMod:BlueGuonStone":43,"Tiny House":34,"Calipers":0,"Gremlin Horn":11,"AT_MibuBalloonWealth":0,"Vajra":23,"testmod-IWantAll":0,"DemoMod:GlassGuonStoneRelic":8,"AT_ArchangelStaff":20,"Centennial Puzzle":27,"DemoMod:MonsterBlood":6,"DollysMirror":21,"Honey Jar":17,"Philosopher\u0027s Stone":34,"testmod-DragonStarHat":9,"Iron Hammer":20,"testmod-InfectionSource":54,"Toxic Egg 2":29,"AT_RedNoBalance":31,"DemoMod:ClearGuonStone":29,"Happy Flower":40,"Oddly Smooth Stone":53,"Charon\u0027s Ashes":26,"AT_SilverBalance":43,"vexMod:PaidLearning":12,"Question Card":31,"testmod-RealStoneCalender":47,"Replay:Baseball":32,"vexMod:Cooldron":21,"ReplayTheSpireMod:Shallot":42,"Shuriken":27,"Brimstone":52,"testmod-Acrobat":8,"Bronze Scales":10,"DemoMod:DecoyRelic":46,"Onion Ring":6,"Molten Egg 2":0,"ReplayTheSpireMod:TigerMarble":53,"Grinning Jar":40,"AT_DeathDance":48,"CatCart":36,"Meat on the Bone":24,"ReplayFunnel":8,"Darkstone Periapt":34,"AT_SeraphEmbrace":39,"SacredBark":34,"Snake Skull":47,"Juzu Bracelet":0,"Broom":26,"DemoMod:WhiteGuonStone":6,"Replay:Mystery Machine":38,"Empty Cage":31,"testmod-BouquetWithThorns":6,"PrismaticShard":53,"testmod-Charity":39,"ClockworkSouvenir":39,"SsserpentHead":11,"Nunchaku":14,"Dream Catcher":34,"Chameleon Ring":38,"TheAbacus":47,"testmod-InjuryResistance":2,"Pantograph":25,"Tiny Chest":3,"testmod-Déjàvu":29,"DemoMod:JetPack":8,"Gremlin Food":43,"DemoMod:Junk":23,"ReplayTheSpireMod:Ninjato":42,"DemoMod:MemoryAlloy":0,"vexMod:ConsolationPrize":26,"Guide Book":53,"Quantum Egg":23,"Replay:WaspNest":24,"AT_BladeRuinedKing":44,"vexMod:FocusSash":19,"Orichalcum":5,"testmod-IndustrialRevolution":6,"Medical Kit":38,"White Beast Statue":49,"Calling Bell":34,"vexMod:Dragonfruit":45,"Anchor":0,"Hololive_LightStick":0,"vexMod:BarristanHead":6,"testmod-AssaultLearning":47,"Another Sword":0,"Bag of Marbles":12,"testmod-Faith":0,"Membership Card":32,"testmod-Nine":17},{"TwistedFunnel":79,"Replay:Accelerometer":215,"vexMod:MemoryStick":6,"AT_ATBox":106,"Spirit Poop":135,"testmod-LifeArmor":222,"AT_ArcaneBoots":269,"Whetstone":23,"Ginger":100,"Boot":84,"Sling":215,"Replay:Ringing Soul":134,"vexMod:CardConverter":76,"vexMod:EndlessSickness":43,"Replay:Bronze Core":196,"DemoMod:LamentConfigurum":217,"Hololive_Finger":138,"Replay:Wax Seal":56,"Replay:Bottled Steam":222,"testmod-IntensifyImprint":0,"MerchantsRug":199,"testmod-TestBox":0,"Pear":50,"testmod-TimeTraveler":87,"DemoMod:OrangeGuonStone":117,"Blue Candle":246,"Pen Nib":13,"AT_EbonyIvory":150,"Paper Crane":69,"testmod-Fortitude":78,"vexMod:GhostlyGear":147,"SlaversCollar":205,"AT_SpeedBoots":257,"DemoMod:MeatBun":54,"Bird Faced Urn":157,"Pandora\u0027s Box":226,"Mark of Pain":174,"DemoMod:Relodestone":217,"DemoMod:SerJunkan":224,"Unceasing Top":80,"testmod-HeartOfDaVinci":163,"ats:Spiritual Recovery":172,"vexMod:PlasmaPancake":130,"Lantern":42,"Torii":160,"Singing Bowl":235,"DemoMod:BigBoy":121,"Blue Doll":16,"Bag of Preparation":84,"Ancient Tea Set":90,"Smiling Mask":159,"Burning Blood":0,"testmod-CasingShield":16,"Replay:Rubber Ducky":10,"Matryoshka":80,"Shovel":178,"WristBlade":95,"ats:Berate":185,"testmod-ObsoleteBoomerang":179,"WingedGreaves":86,"Chemical X":0,"Replay:Bottled Eggs":60,"Ring of the Snake":0,"AT_ChloranthyRing":102,"Potion Belt":222,"Lee\u0027s Waffle":102,"testmod-Muramasa":0,"Golden Idol":104,"Basket Of Snakes":204,"AT_GoldPhoenixTree":275,"Thread and Needle":101,"PreservedInsect":59,"DemoMod:PinkGuonStone":71,"Omamori":233,"Frozen Egg 2":0,"testmod-ConstraintPeriapt":28,"MawBank":19,"Replay:Arrowhead":161,"Ornamental Fan":108,"Bloody Idol":233,"testmod-Hope":20,"Orrery":35,"ats:Tactical Delivery":164,"Garlic":42,"Durian":108,"Bottled Lightning":5,"testmod-BalancedPeriapt":216,"AT_SunfireAegis":274,"Toy Ornithopter":40,"Ice Cream":262,"DemoMod:BlueGuonStone":98,"Tiny House":17,"Calipers":187,"Gremlin Horn":109,"AT_MibuBalloonWealth":187,"Vajra":12,"testmod-IWantAll":0,"DemoMod:GlassGuonStoneRelic":5,"AT_ArchangelStaff":113,"Centennial Puzzle":145,"DemoMod:MonsterBlood":133,"DollysMirror":141,"Honey Jar":33,"Philosopher\u0027s Stone":70,"testmod-DragonStarHat":161,"Iron Hammer":166,"testmod-InfectionSource":186,"Toxic Egg 2":68,"AT_RedNoBalance":173,"DemoMod:ClearGuonStone":233,"Happy Flower":46,"Oddly Smooth Stone":54,"Charon\u0027s Ashes":13,"AT_SilverBalance":127,"vexMod:PaidLearning":109,"Question Card":120,"testmod-RealStoneCalender":22,"Replay:Baseball":16,"vexMod:Cooldron":141,"ReplayTheSpireMod:Shallot":211,"Shuriken":67,"Brimstone":185,"testmod-Acrobat":29,"Bronze Scales":84,"DemoMod:DecoyRelic":182,"Onion Ring":4,"Molten Egg 2":24,"ReplayTheSpireMod:TigerMarble":185,"Grinning Jar":74,"AT_DeathDance":156,"CatCart":237,"Meat on the Bone":90,"ReplayFunnel":60,"Darkstone Periapt":121,"AT_SeraphEmbrace":124,"SacredBark":148,"Snake Skull":101,"Juzu Bracelet":102,"Broom":169,"DemoMod:WhiteGuonStone":106,"Replay:Mystery Machine":207,"Empty Cage":42,"testmod-BouquetWithThorns":106,"PrismaticShard":247,"testmod-Charity":18,"ClockworkSouvenir":18,"SsserpentHead":193,"Nunchaku":111,"Dream Catcher":235,"Chameleon Ring":97,"TheAbacus":213,"testmod-InjuryResistance":250,"Pantograph":116,"Tiny Chest":82,"testmod-Déjàvu":203,"DemoMod:JetPack":134,"Gremlin Food":75,"DemoMod:Junk":230,"ReplayTheSpireMod:Ninjato":20,"DemoMod:MemoryAlloy":187,"vexMod:ConsolationPrize":67,"Guide Book":185,"Quantum Egg":199,"Replay:WaspNest":38,"AT_BladeRuinedKing":180,"vexMod:FocusSash":88,"Orichalcum":132,"testmod-IndustrialRevolution":84,"Medical Kit":150,"White Beast Statue":23,"Calling Bell":121,"vexMod:Dragonfruit":155,"Anchor":24,"Hololive_LightStick":80,"vexMod:BarristanHead":28,"testmod-AssaultLearning":52,"Another Sword":0,"Bag of Marbles":32,"testmod-Faith":0,"Membership Card":16,"testmod-Nine":258},{"TwistedFunnel":323,"Replay:Accelerometer":704,"vexMod:MemoryStick":25,"AT_ATBox":400,"Spirit Poop":483,"testmod-LifeArmor":724,"AT_ArcaneBoots":854,"Whetstone":96,"Ginger":386,"Boot":343,"Sling":704,"Replay:Ringing Soul":480,"vexMod:CardConverter":316,"vexMod:EndlessSickness":180,"Replay:Bronze Core":672,"DemoMod:LamentConfigurum":708,"Hololive_Finger":498,"Replay:Wax Seal":232,"Replay:Bottled Steam":724,"testmod-IntensifyImprint":0,"MerchantsRug":675,"testmod-TestBox":0,"Pear":207,"testmod-TimeTraveler":356,"DemoMod:OrangeGuonStone":433,"Blue Candle":793,"Pen Nib":56,"AT_EbonyIvory":536,"Paper Crane":290,"testmod-Fortitude":321,"vexMod:GhostlyGear":526,"SlaversCollar":682,"AT_SpeedBoots":821,"DemoMod:MeatBun":222,"Bird Faced Urn":559,"Pandora\u0027s Box":736,"Mark of Pain":627,"DemoMod:Relodestone":708,"DemoMod:SerJunkan":729,"Unceasing Top":329,"testmod-HeartOfDaVinci":584,"ats:Spiritual Recovery":621,"vexMod:PlasmaPancake":466,"Lantern":173,"Torii":571,"Singing Bowl":757,"DemoMod:BigBoy":443,"Blue Doll":65,"Bag of Preparation":343,"Ancient Tea Set":365,"Smiling Mask":566,"Burning Blood":0,"testmod-CasingShield":65,"Replay:Rubber Ducky":40,"Matryoshka":329,"Shovel":636,"WristBlade":376,"ats:Berate":655,"testmod-ObsoleteBoomerang":641,"WingedGreaves":349,"Chemical X":0,"Replay:Bottled Eggs":248,"Ring of the Snake":0,"AT_ChloranthyRing":392,"Potion Belt":724,"Lee\u0027s Waffle":392,"testmod-Muramasa":0,"Golden Idol":396,"Basket Of Snakes":681,"AT_GoldPhoenixTree":872,"Thread and Needle":388,"PreservedInsect":244,"DemoMod:PinkGuonStone":300,"Omamori":750,"Frozen Egg 2":0,"testmod-ConstraintPeriapt":107,"MawBank":82,"Replay:Arrowhead":573,"Ornamental Fan":405,"Bloody Idol":750,"testmod-Hope":86,"Orrery":139,"ats:Tactical Delivery":592,"Garlic":173,"Durian":405,"Bottled Lightning":22,"testmod-BalancedPeriapt":705,"AT_SunfireAegis":869,"Toy Ornithopter":164,"Ice Cream":836,"DemoMod:BlueGuonStone":382,"Tiny House":71,"Calipers":658,"Gremlin Horn":408,"AT_MibuBalloonWealth":658,"Vajra":51,"testmod-IWantAll":0,"DemoMod:GlassGuonStoneRelic":22,"AT_ArchangelStaff":422,"Centennial Puzzle":520,"DemoMod:MonsterBlood":474,"DollysMirror":509,"Honey Jar":132,"Philosopher\u0027s Stone":297,"testmod-DragonStarHat":573,"Iron Hammer":600,"testmod-InfectionSource":657,"Toxic Egg 2":285,"AT_RedNoBalance":621,"DemoMod:ClearGuonStone":750,"Happy Flower":190,"Oddly Smooth Stone":222,"Charon\u0027s Ashes":56,"AT_SilverBalance":460,"vexMod:PaidLearning":408,"Question Card":439,"testmod-RealStoneCalender":91,"Replay:Baseball":65,"vexMod:Cooldron":509,"ReplayTheSpireMod:Shallot":693,"Shuriken":282,"Brimstone":655,"testmod-Acrobat":113,"Bronze Scales":343,"DemoMod:DecoyRelic":650,"Onion Ring":17,"Molten Egg 2":98,"ReplayTheSpireMod:TigerMarble":655,"Grinning Jar":308,"AT_DeathDance":554,"CatCart":766,"Meat on the Bone":365,"ReplayFunnel":248,"Darkstone Periapt":443,"AT_SeraphEmbrace":452,"SacredBark":531,"Snake Skull":388,"Juzu Bracelet":392,"Broom":612,"DemoMod:WhiteGuonStone":401,"Replay:Mystery Machine":684,"Empty Cage":173,"testmod-BouquetWithThorns":400,"PrismaticShard":796,"testmod-Charity":78,"ClockworkSouvenir":78,"SsserpentHead":666,"Nunchaku":413,"Dream Catcher":757,"Chameleon Ring":379,"TheAbacus":698,"testmod-InjuryResistance":803,"Pantograph":431,"Tiny Chest":334,"testmod-Déjàvu":680,"DemoMod:JetPack":480,"Gremlin Food":313,"DemoMod:Junk":743,"ReplayTheSpireMod:Ninjato":86,"DemoMod:MemoryAlloy":658,"vexMod:ConsolationPrize":282,"Guide Book":655,"Quantum Egg":675,"Replay:WaspNest":151,"AT_BladeRuinedKing":643,"vexMod:FocusSash":358,"Orichalcum":469,"testmod-IndustrialRevolution":341,"Medical Kit":536,"White Beast Statue":96,"Calling Bell":443,"vexMod:Dragonfruit":552,"Anchor":98,"Hololive_LightStick":329,"vexMod:BarristanHead":109,"testmod-AssaultLearning":214,"Another Sword":0,"Bag of Marbles":125,"testmod-Faith":0,"Membership Card":65,"testmod-Nine":825}],"Ring of the Snake":[444]},"card_choices":[{"not_picked":["Hidden Blade","AT_WindFlip"],"picked":"Blade Dance","floor":1.0},{"not_picked":["Underhanded Strike","Reflex","Dagger Throw"],"picked":"SKIP","floor":3.0},{"not_picked":["All Out Attack","AT_WindFlip","Bane"],"picked":"SKIP","floor":4.0},{"not_picked":["Backflip","Underhanded Strike"],"picked":"Leg Sweep","floor":6.0},{"not_picked":["PiercingWail","AT_WindFlip"],"picked":"Acrobatics","floor":7.0},{"not_picked":["Dodge and Roll","Corpse Explosion","Bouncing Flask"],"picked":"SKIP","floor":12.0},{"not_picked":["Quick Slash","All Out Attack","Acrobatics"],"picked":"SKIP","floor":13.0},{"not_picked":["Deflect","AT_KneejerkReflex","Hidden Blade"],"picked":"SKIP","floor":14.0},{"not_picked":["Phantasmal Killer","ReplayTheSpireMod:From All Sides"],"picked":"After Image","floor":16.0},{"not_picked":["Bane","Endless Agony+1","AT_KneejerkReflex+1"],"picked":"SKIP","floor":18.0},{"not_picked":["ReplayTheSpireMod:Exploit Weakness","Sucker Punch+1","AT_WomanClash"],"picked":"SKIP","floor":20.0},{"not_picked":["Footwork","All Out Attack","Heel Hook"],"picked":"SKIP","floor":22.0},{"not_picked":["Flying Knee+1","Heel Hook","Bane"],"picked":"SKIP","floor":24.0},{"not_picked":["Replay:Poison Smokescreen","Toxin Wave+1","Endless Agony"],"picked":"SKIP","floor":27.0},{"not_picked":["ReplayTheSpireMod:Scrap Shanks","Cloak And Dagger"],"picked":"Calculated Gamble+1","floor":28.0},{"not_picked":["Dagger Spray","Night Terror","PiercingWail+1"],"picked":"SKIP","floor":30.0},{"not_picked":["Bullet Time","Glass Knife"],"picked":"AT_KingSlayer","floor":33.0},{"not_picked":["AT_TinkerSharpsword+1","Calculated Gamble+1","AT_ArcaneSupremacy+1"],"picked":"SKIP","floor":35.0},{"not_picked":["Escape Plan","Caltrops+1","Sneak Up"],"picked":"SKIP","floor":36.0},{"not_picked":["Slice+1","Reflex","Dagger Spray"],"picked":"SKIP","floor":38.0},{"not_picked":["Distraction","Hidden Blade","AT_WindFlip"],"picked":"SKIP","floor":40.0},{"not_picked":["Dagger Throw","Footwork","Dagger Spray+1"],"picked":"SKIP","floor":41.0},{"not_picked":["Sucker Punch+1","Flying Knee"],"picked":"Reflex+1","floor":44},{"not_picked":["Underhanded Strike","Night Terror+1"],"picked":"Tactician+1","floor":45},{"not_picked":["Underhanded Strike+1","Deflect+1","Slice"],"picked":"SKIP","floor":46},{"not_picked":["Venomology+1","Quick Slash+1"],"picked":"Acrobatics+1","floor":48},{"not_picked":["animator:Jibril+1","Gatherer:Convert+1","DemoMod:FightSabre"],"picked":"SKIP","floor":54}],"player_experience":453001,"relics_obtained":[{"floor":7.0,"key":"DemoMod:Junk"},{"floor":9.0,"key":"Ornamental Fan"},{"floor":12.0,"key":"testmod-BouquetWithThorns"},{"floor":14.0,"key":"AT_SpeedBoots"},{"floor":21.0,"key":"Quantum Egg"},{"floor":24.0,"key":"Ice Cream"},{"floor":28.0,"key":"Replay:Baseball"},{"floor":30.0,"key":"DemoMod:Junk"},{"floor":39.0,"key":"DemoMod:Junk"},{"floor":40.0,"key":"Happy Flower"},{"floor":43,"key":"DemoMod:Junk"},{"floor":46,"key":"AT_SunfireAegis"},{"floor":48,"key":"DemoMod:Junk"},{"floor":54,"key":"DemoMod:Junk"}],"event_choices":[{"damage_healed":0.0,"max_hp_gain":0.0,"max_hp_loss":0.0,"gold_gain":0.0,"event_name":"给自己的盒子","player_choice":"Swap Relic","floor":2.0,"relics_lost":["Empty Cage"],"gold_loss":0.0,"damage_taken":0.0,"relics_obtained":["Empty Cage"]},{"damage_healed":0.0,"max_hp_gain":0.0,"max_hp_loss":0.0,"gold_gain":75.0,"event_name":"World of Goop","player_choice":"Gather Gold","floor":5.0,"gold_loss":0.0,"damage_taken":11.0},{"damage_healed":0.0,"max_hp_gain":0.0,"max_hp_loss":0.0,"gold_gain":0.0,"event_name":"Duplicator","player_choice":"Copied","floor":29.0,"gold_loss":0.0,"damage_taken":0.0,"cards_obtained":["Accuracy"]},{"cards_removed":["Defend_G"],"damage_healed":0,"gold_gain":0,"player_choice":"Purged","damage_taken":0,"max_hp_gain":0,"max_hp_loss":0,"event_name":"Purifier","floor":47,"gold_loss":0}],"is_beta":false,"boss_relics":[{"not_picked":["Honey Jar","testmod-KeyOfTheVoid"],"picked":"testmod-Nine"},{"not_picked":["Busted Crown","Runic Pyramid","Velvet Choker"]}],"items_purged_floors":[0,0,19,31,31,37,37],"is_endless":false,"potions_floor_spawned":[6,12,13,14,18,20,27,30,41,44,46],"ascension_level":10}}