{"host":"3jpwrwmmgyabjceh","time":1612105333,"event":{"mods":["AchievementEnabler","BaseMod","Colored Map","Colored Powertips","Highlight Path","Minty Spire (QoL Compilation)","Quick Restart","Relic Stats","StSLib","SuperFastMode"],"gold_per_floor":[367,384,214,214,224,253,263,58,58,83,83,83,114,131,131,232,232,248,266,283,296,312,341,341,372,372,96,107,124,134,134,134],"floor_reached":31,"language":"ENG","playtime":1449,"items_purged":["Strike_P","Strike_P"],"score":474,"play_id":"a71ed707-6d47-4af1-8fd1-60e21e88ae36","local_time":"20210131180213","is_ascension_mode":true,"campfire_choices":[{"data":"TalkToTheHand","floor":15.0,"key":"SMITH"},{"data":"WheelKick","floor":24.0,"key":"SMITH"}],"circlet_count":0,"master_deck":["Strike_P","Strike_P","Defend_P","Defend_P","Defend_P","Defend_P","Eruption","Vigilance","MentalFortress","FlurryOfBlows","TalkToTheHand+1","ClearTheMind","Protect","SashWhip","Wallop","MentalFortress","EmptyMind","WheelKick+1","TalkToTheHand+1","Adaptation","Ragnarok+1","Meditate+1","InnerPeace+1","Fasting2","The Bomb+1","WheelKick+1"],"relics":["PureWater","CultistMask","Gremlin Horn","Ornamental Fan","Molten Egg 2","Toxic Egg 2","Snecko Eye","Omamori","Pocketwatch"],"acts_visited":["Exordium","TheCity"],"potions_floor_usage":[31,31],"damage_taken":[{"damage":2.0,"enemies":"Jaw Worm","floor":1.0,"turns":7.0},{"damage":1.0,"enemies":"Cultist","floor":2.0,"turns":3.0},{"damage":0.0,"enemies":"Small Slimes","floor":5.0,"turns":2.0},{"damage":33.0,"enemies":"Gremlin Nob","floor":6.0,"turns":6.0},{"damage":5.0,"enemies":"Blue Slaver","floor":7.0,"turns":4.0},{"damage":0.0,"enemies":"3 Sentries","floor":10.0,"turns":7.0},{"damage":0.0,"enemies":"Lagavulin","floor":13.0,"turns":5.0},{"damage":2.0,"enemies":"Looter","floor":14.0,"turns":4.0},{"damage":33.0,"enemies":"Hexaghost","floor":16.0,"turns":11.0},{"damage":2.0,"enemies":"Chosen","floor":18.0,"turns":7.0},{"damage":0.0,"enemies":"Spheric Guardian","floor":19.0,"turns":2.0},{"damage":4.0,"enemies":"Shelled Parasite and Fungi","floor":20.0,"turns":5.0},{"damage":3.0,"enemies":"Centurion and Healer","floor":21.0,"turns":4.0},{"damage":5.0,"enemies":"Snake Plant","floor":22.0,"turns":4.0},{"damage":17.0,"enemies":"Slavers","floor":23.0,"turns":7.0},{"damage":1,"enemies":"Gremlin Leader","floor":25,"turns":7},{"damage":0,"enemies":"Sentry and Sphere","floor":28,"turns":1},{"damage":0,"enemies":"Cultist and Chosen","floor":29,"turns":4},{"damage":10,"enemies":"Snake Plant","floor":30,"turns":2},{"damage":1,"enemies":"Colosseum Slavers","floor":31,"turns":3},{"damage":30,"enemies":"Colosseum Nobs","floor":31,"turns":3}],"seed_played":"-2107011265000546763","potions_obtained":[{"floor":1.0,"key":"Regen Potion"},{"floor":7.0,"key":"LiquidBronze"},{"floor":12.0,"key":"EntropicBrew"},{"floor":12.0,"key":"AttackPotion"},{"floor":12.0,"key":"DuplicationPotion"},{"floor":16.0,"key":"SkillPotion"},{"floor":19.0,"key":"Dexterity Potion"},{"floor":23.0,"key":"DuplicationPotion"},{"floor":28,"key":"LiquidMemories"}],"is_trial":false,"path_per_floor":["M","M","$","?","M","E","M","$","T","E","?","?","E","M","R","B",null,"M","M","M","M","M","E","R","E","T","$","M","M","M","?"],"character_chosen":"WATCHER","items_purchased":["TalkToTheHand","ClearTheMind","MentalFortress","EmptyMind","WheelKick","The Bomb+1"],"campfire_rested":0,"item_purchase_floors":[3,3,8,8,8,27],"current_hp_per_floor":[63,62,62,62,62,41,36,36,36,36,41,41,41,39,39,6,54,52,52,48,45,40,23,23,22,22,22,22,22,12,0,0],"gold":134,"neow_bonus":"TWO_FIFTY_GOLD","is_daily":false,"chose_seed":false,"campfire_upgraded":2,"win_rate":0.0,"timestamp":1612105333,"path_taken":["M","M","$","?","?","E","M","$","T","E","?","?","E","M","R","BOSS","M","M","M","M","M","E","R","E","T","?","M","M","M","?"],"items_purchased_type":["Card","Card","Card","Card","Card","Card"],"build_version":"2020-12-22","purchased_purges":2,"victory":false,"max_hp_per_floor":[65,65,65,65,65,65,65,65,65,65,70,70,70,70,70,70,70,70,70,70,70,70,70,70,70,70,70,70,70,70,70,70],"relic_stats":{"Gremlin Horn":[14,15],"counters":[21,98],"Ornamental Fan":[120],"Snecko Eye":[81,102,114,97],"obtain_stats":[{"Gremlin Horn":6,"Ornamental Fan":9,"Snecko Eye":17,"Molten Egg 2":10,"CultistMask":4,"Omamori":23,"PureWater":0,"Toxic Egg 2":13,"Pocketwatch":25},{"Gremlin Horn":4,"Ornamental Fan":5,"Snecko Eye":9,"Molten Egg 2":6,"CultistMask":2,"Omamori":15,"PureWater":0,"Toxic Egg 2":7,"Pocketwatch":16},{"Gremlin Horn":18,"Ornamental Fan":22,"Snecko Eye":49,"Molten Egg 2":29,"CultistMask":10,"Omamori":78,"PureWater":0,"Toxic Egg 2":34,"Pocketwatch":85}],"Pocketwatch":[6]},"card_choices":[{"not_picked":["FlurryOfBlows","CutThroughFate"],"picked":"MentalFortress","floor":1.0},{"not_picked":["MentalFortress","Establishment"],"picked":"FlurryOfBlows","floor":2.0},{"not_picked":["EmptyFist","ClearTheMind"],"picked":"Protect","floor":5.0},{"not_picked":["Vault","Adaptation"],"picked":"SashWhip","floor":6.0},{"not_picked":["Consecrate","ClearTheMind"],"picked":"Wallop","floor":7.0},{"not_picked":["EmptyMind","DeusExMachina"],"picked":"TalkToTheHand+1","floor":10.0},{"not_picked":["EmptyBody+1","FlyingSleeves+1","SashWhip+1"],"picked":"SKIP","floor":13.0},{"not_picked":["Swivel+1","CutThroughFate+1"],"picked":"Adaptation","floor":14.0},{"not_picked":["Alpha+1","MasterReality"],"picked":"Ragnarok+1","floor":16.0},{"not_picked":["SashWhip+1","Prostrate+1","BattleHymn+1"],"picked":"SKIP","floor":18.0},{"not_picked":["BowlingBash+1","Indignation+1","ForeignInfluence+1"],"picked":"SKIP","floor":19.0},{"not_picked":["FlyingSleeves+1","ClearTheMind+1"],"picked":"Meditate+1","floor":20.0},{"not_picked":["Consecrate+1","Study+1","FollowUp+1"],"picked":"SKIP","floor":21.0},{"not_picked":["CrushJoints+1","Crescendo+1","SashWhip+1"],"picked":"SKIP","floor":22.0},{"not_picked":["ThirdEye+1","JustLucky+1"],"picked":"InnerPeace+1","floor":23.0},{"not_picked":["CutThroughFate+1","Vengeance+1"],"picked":"Fasting2","floor":25},{"not_picked":["EmptyFist+1","SashWhip+1","Evaluate+1"],"picked":"SKIP","floor":28},{"not_picked":["Vengeance+1","BowlingBash+1"],"picked":"WheelKick+1","floor":29},{"not_picked":["ThirdEye+1","Judgement+1","BattleHymn+1"],"picked":"SKIP","floor":30}],"player_experience":308940,"relics_obtained":[{"floor":6.0,"key":"Gremlin Horn"},{"floor":9.0,"key":"Ornamental Fan"},{"floor":10.0,"key":"Molten Egg 2"},{"floor":13.0,"key":"Toxic Egg 2"},{"floor":23.0,"key":"Omamori"},{"floor":25,"key":"Pocketwatch"}],"event_choices":[{"damage_healed":0.0,"max_hp_gain":0.0,"max_hp_loss":0.0,"gold_gain":0.0,"event_name":"FaceTrader","player_choice":"Trade","floor":4.0,"gold_loss":0.0,"damage_taken":0.0,"relics_obtained":["CultistMask"]},{"damage_healed":0.0,"max_hp_gain":5.0,"max_hp_loss":0.0,"gold_gain":0.0,"event_name":"Big Fish","player_choice":"Donut","floor":11.0,"gold_loss":0.0,"damage_taken":0.0},{"damage_healed":0.0,"max_hp_gain":0.0,"max_hp_loss":0.0,"gold_gain":0.0,"event_name":"Lab","player_choice":"Got Potions","floor":12.0,"gold_loss":0.0,"damage_taken":0.0},{"damage_healed":0,"gold_gain":0,"player_choice":"Fight","damage_taken":0,"max_hp_gain":0,"max_hp_loss":0,"event_name":"Colosseum","floor":31,"gold_loss":0},{"damage_healed":0,"gold_gain":0,"player_choice":"Fought Nobs","damage_taken":0,"max_hp_gain":0,"max_hp_loss":0,"event_name":"Colosseum","floor":31,"gold_loss":0}],"is_beta":false,"boss_relics":[{"not_picked":["Sozu","Coffee Dripper"],"picked":"Snecko Eye"}],"items_purged_floors":[3,27],"is_endless":false,"potions_floor_spawned":[1,7,14,16,18,19,23,28,30],"killed_by":"Colosseum Nobs","ascension_level":7}}