{"host":"f0gpob8hq9vgebej","time":1612101450,"event":{"mods":["AchievementEnabler","BaseMod","Minty Spire (QoL Compilation)","Quick Restart","SuperFastMode"],"gold_per_floor":[109,123,137,137,153,181,197,197,224,224,259,259,300,36,36,142,142,157,180,199,48,0,0,0,0,0],"floor_reached":25,"language":"KOR","playtime":536,"items_purged":["Strike_B"],"score":379,"play_id":"8198bd44-16ad-4204-9fdc-cd9ba8b09086","local_time":"20210131225730","is_ascension_mode":true,"campfire_choices":[{"data":"Defragment","floor":10.0,"key":"SMITH"},{"data":"Static Discharge","floor":12.0,"key":"SMITH"},{"floor":15.0,"key":"REST"},{"data":"Storm","floor":23,"key":"SMITH"}],"circlet_count":0,"master_deck":["AscendersBane","Strike_B","Strike_B","Strike_B","Defend_B","Defend_B","Defend_B","Defend_B","Zap","Dualcast","Steam Power","Defragment+1","Static Discharge+1","Turbo","Thunder Strike","Conserve Battery","Hologram","Genetic Algorithm","Defragment","Ball Lightning","Storm+1","Glacier","Creative AI","Blizzard"],"relics":["Cracked Core","Pantograph","Toy Ornithopter","Oddly Smooth Stone","CeramicFish","Orrery","Membership Card"],"acts_visited":["Exordium","TheCity"],"potions_floor_usage":[20,25],"damage_taken":[{"damage":8.0,"enemies":"Small Slimes","floor":1.0,"turns":4.0},{"damage":0.0,"enemies":"2 Louse","floor":2.0,"turns":3.0},{"damage":0.0,"enemies":"Cultist","floor":3.0,"turns":4.0},{"damage":12.0,"enemies":"Looter","floor":5.0,"turns":3.0},{"damage":22.0,"enemies":"Lagavulin","floor":6.0,"turns":7.0},{"damage":9.0,"enemies":"2 Fungi Beasts","floor":7.0,"turns":4.0},{"damage":28.0,"enemies":"3 Sentries","floor":11.0,"turns":5.0},{"damage":32.0,"enemies":"Gremlin Nob","floor":13.0,"turns":4.0},{"damage":36.0,"enemies":"Slime Boss","floor":16.0,"turns":6.0},{"damage":4,"enemies":"3 Byrds","floor":18,"turns":4},{"damage":7,"enemies":"Shell Parasite","floor":19,"turns":8},{"damage":32,"enemies":"Chosen and Byrds","floor":20,"turns":5},{"damage":39,"enemies":"Slavers","floor":25,"turns":3}],"seed_played":"7315800690704416267","potions_obtained":[{"floor":1.0,"key":"ColorlessPotion"},{"floor":3.0,"key":"DuplicationPotion"},{"floor":6.0,"key":"Fire Potion"},{"floor":7.0,"key":"CultistPotion"},{"floor":19,"key":"LiquidMemories"},{"floor":20,"key":"Weak Potion"}],"is_trial":false,"path_per_floor":["M","M","M","?","M","E","M","?","T","R","E","R","E","$","R","B",null,"M","M","M","$","?","R","?","E"],"character_chosen":"DEFECT","items_purchased":["Defragment","Orrery","Membership Card"],"campfire_rested":1,"item_purchase_floors":[14,14,21],"current_hp_per_floor":[60,60,60,65,53,31,22,90,90,90,62,62,30,30,57,51,80,76,69,42,42,42,42,42,8,8],"gold":0,"neow_bonus":"ONE_RANDOM_RARE_CARD","is_daily":false,"chose_seed":false,"campfire_upgraded":3,"win_rate":0.0,"timestamp":1612101450,"path_taken":["M","M","M","?","M","E","M","?","T","R","E","R","E","$","R","BOSS","M","M","M","?","?","R","?","E"],"items_purchased_type":["Card","Relic","Relic"],"build_version":"2020-12-22","purchased_purges":1,"victory":false,"max_hp_per_floor":[75,75,75,80,80,80,80,90,90,90,90,90,90,90,90,90,90,90,90,90,90,90,90,90,90,90],"card_choices":[{"not_picked":["Fusion","Lockon"],"picked":"Steam Power","floor":1.0},{"not_picked":["Sunder","Steam Power"],"picked":"Defragment","floor":2.0},{"not_picked":["Turbo","Tempest"],"picked":"Static Discharge","floor":3.0},{"not_picked":["Hologram","Sweeping Beam"],"picked":"Turbo","floor":5.0},{"not_picked":["Aggregate","Hologram"],"picked":"Thunder Strike","floor":6.0},{"not_picked":["Consume","Steam"],"picked":"Conserve Battery","floor":7.0},{"not_picked":["Lockon","Redo"],"picked":"Hologram","floor":11.0},{"not_picked":["Force Field","Go for the Eyes"],"picked":"Genetic Algorithm","floor":13.0},{"not_picked":["Undo","Coolheaded"],"picked":"Ball Lightning","floor":14.0},{"not_picked":["Force Field","Auto Shields"],"picked":"Storm","floor":14.0},{"not_picked":["Rebound","Conserve Battery"],"picked":"Glacier","floor":14.0},{"not_picked":["Machine Learning","Thunder Strike"],"picked":"Creative AI","floor":16.0},{"not_picked":["Go for the Eyes","Gash","Undo"],"picked":"SKIP","floor":18},{"not_picked":["Sunder+1","Chill"],"picked":"Blizzard","floor":19},{"not_picked":["Static Discharge","Steam","Cold Snap"],"picked":"SKIP","floor":20}],"player_experience":325950,"relics_obtained":[{"floor":6.0,"key":"Pantograph"},{"floor":9.0,"key":"Toy Ornithopter"},{"floor":11.0,"key":"Oddly Smooth Stone"},{"floor":13.0,"key":"CeramicFish"}],"event_choices":[{"damage_healed":0.0,"max_hp_gain":5.0,"max_hp_loss":0.0,"gold_gain":0.0,"event_name":"Big Fish","player_choice":"Donut","floor":4.0,"gold_loss":0.0,"damage_taken":0.0},{"cards_removed":["Multi-Cast"],"damage_healed":58.0,"max_hp_gain":10.0,"max_hp_loss":0.0,"gold_gain":0.0,"event_name":"Bonfire Elementals","player_choice":"Offered Rare","floor":8.0,"gold_loss":0.0,"damage_taken":0.0},{"damage_healed":0,"gold_gain":0,"player_choice":"Paid Fearfully","damage_taken":0,"max_hp_gain":0,"max_hp_loss":0,"event_name":"Masked Bandits","floor":22,"gold_loss":48},{"damage_healed":0,"gold_gain":0,"player_choice":"Ignored","damage_taken":0,"max_hp_gain":0,"max_hp_loss":0,"event_name":"The Mausoleum","floor":24,"gold_loss":0}],"is_beta":false,"boss_relics":[{"not_picked":["Philosopher\u0027s Stone","Fusion Hammer","Velvet Choker"]}],"items_purged_floors":[14],"is_endless":false,"potions_floor_spawned":[1,3,6,7,19,20],"killed_by":"Slavers","ascension_level":12}}