{"host":"4qkvkh7pd9qr2mca","time":1612118384,"event":{"mods":["AchievementEnabler","Act Like it!","BaseMod","Colored Map","Colored Powertips","Highlight Path","Minty Spire (QoL Compilation)","Pale of the Ancients","Permanent Neow","Quick Restart","Relic Stats","StSLib","SuperFastMode"],"gold_per_floor":[117,131,150,161,161,187,187,187,187,207,241,241,269,16,16,88,88,107,127,127,138,63,63,80,105,105,105,105,105,43,73,73,146,146,165,165,165],"floor_reached":36,"language":"ENG","playtime":2005,"items_purged":["Strike_G"],"score":1190,"play_id":"4087c47d-229d-4d6a-87ca-678eb0e116b7","local_time":"20210131193944","is_ascension_mode":true,"campfire_choices":[{"data":"Neutralize","floor":7,"key":"SMITH"},{"data":"Well Laid Plans","floor":15,"key":"SMITH"},{"data":"After Image","floor":23,"key":"SMITH"},{"data":"Blade Dance","floor":27,"key":"SMITH"},{"data":"Ghostly","floor":29,"key":"SMITH"},{"data":"Ghostly","floor":32,"key":"SMITH"}],"circlet_count":0,"master_deck":["AscendersBane","Strike_G+1","Defend_G","Defend_G","Defend_G+1","Survivor+1","Neutralize+1","Venomology+1","Slice","Backstab","Backflip","Leg Sweep","PiercingWail+1","All Out Attack","Terror","Well Laid Plans+1","After Image+1","Adrenaline+1","Phantasmal Killer+1","Catalyst+1","Crippling Poison","PiercingWail+1","Ghostly+1","Ghostly","Ghostly+1","Blade Dance+1","Acrobatics+1","RitualDagger","Venomology","A Thousand Cuts","Footwork"],"relics":["Ring of the Snake","Meat on the Bone","Bottled Flame","Omamori","Akabeko","Bag of Marbles","War Paint","Astrolabe","CaptainsWheel","Juzu Bracelet","Art of War","Dream Catcher","Coffee Dripper"],"acts_visited":["Exordium","TheCity","TheBeyond"],"potions_floor_usage":[6,10,11,13,13,18,19,21,24,25,25,31,33,33,33,36,36,36],"damage_taken":[{"damage":0,"enemies":"Jaw Worm","floor":1,"turns":6},{"damage":0,"enemies":"2 Louse","floor":2,"turns":2},{"damage":0,"enemies":"Small Slimes","floor":3,"turns":3},{"damage":1,"enemies":"3 Louse","floor":4,"turns":4},{"damage":19,"enemies":"3 Sentries","floor":6,"turns":9},{"damage":0,"enemies":"Exordium Thugs","floor":10,"turns":5},{"damage":13,"enemies":"Lagavulin","floor":11,"turns":6},{"damage":0,"enemies":"Gremlin Nob","floor":13,"turns":1},{"damage":0,"enemies":"The Guardian","floor":16,"turns":15},{"damage":4,"enemies":"3 Byrds","floor":18,"turns":7},{"damage":3,"enemies":"Shell Parasite","floor":19,"turns":5},{"damage":2,"enemies":"Snake Plant","floor":21,"turns":5},{"damage":0,"enemies":"Cultist and Chosen","floor":24,"turns":5},{"damage":0,"enemies":"Slavers","floor":25,"turns":5},{"damage":0,"enemies":"Gremlin Leader","floor":31,"turns":7},{"damage":0,"enemies":"Champ","floor":33,"turns":13},{"damage":0,"enemies":"3 Shapes","floor":35,"turns":4},{"damage":31,"enemies":"2 Orb Walkers","floor":36,"turns":6}],"seed_played":"2681637541788092503","potions_obtained":[{"floor":18,"key":"SteroidPotion"},{"floor":25,"key":"Explosive Potion"},{"floor":35,"key":"Energy Potion"}],"is_trial":false,"path_per_floor":["M","M","M","M","?","E","R","?","T","M","E","?","E","$","R","B",null,"M","M","?","M","$","R","M","E","T","R","?","R","?","E","R","B",null,"M","?"],"character_chosen":"THE_SILENT","items_purchased":["Well Laid Plans","War Paint"],"campfire_rested":0,"item_purchase_floors":[14,14],"current_hp_per_floor":[59,59,59,58,58,39,39,21,21,33,32,32,32,32,32,32,53,49,46,30,28,28,28,28,28,28,28,22,22,22,22,22,22,28,28,0,0],"gold":165,"neow_bonus":"TRANSFORM_TWO_CARDS","is_daily":false,"chose_seed":false,"campfire_upgraded":6,"win_rate":0.0,"timestamp":1612118384,"path_taken":["M","M","M","M","?","E","R","?","T","M","E","?","E","$","R","BOSS","M","M","?","M","$","R","M","E","T","R","?","R","?","E","R","BOSS","M","?"],"items_purchased_type":["Card","Relic"],"build_version":"2020-12-22","purchased_purges":1,"victory":false,"max_hp_per_floor":[60,60,60,60,60,60,60,60,60,60,60,60,60,60,60,60,60,60,60,30,30,30,30,30,30,30,30,30,30,30,30,30,30,30,30,30,30],"relic_stats":{"Dream Catcher":0,"counters":[18,108],"Astrolabe":["Adrenaline","Phantasmal Killer","Catalyst"],"Juzu Bracelet":0,"Art of War":[5],"War Paint":["Defend_G","PiercingWail"],"obtain_stats":[{"Astrolabe":17,"Omamori":11,"Juzu Bracelet":26,"War Paint":14,"Akabeko":12,"Bottled Flame":9,"CaptainsWheel":25,"Dream Catcher":31,"Bag of Marbles":13,"Art of War":30,"Coffee Dripper":34,"Ring of the Snake":0,"Meat on the Bone":6},{"Astrolabe":9,"Omamori":7,"Juzu Bracelet":14,"War Paint":8,"Akabeko":7,"Bottled Flame":5,"CaptainsWheel":14,"Dream Catcher":15,"Bag of Marbles":8,"Art of War":14,"Coffee Dripper":16,"Ring of the Snake":0,"Meat on the Bone":5},{"Astrolabe":51,"Omamori":35,"Juzu Bracelet":78,"War Paint":36,"Akabeko":35,"Bottled Flame":24,"CaptainsWheel":78,"Dream Catcher":85,"Bag of Marbles":36,"Art of War":78,"Coffee Dripper":98,"Ring of the Snake":0,"Meat on the Bone":24}],"Ring of the Snake":[36],"Meat on the Bone":24},"card_choices":[{"not_picked":["Flying Knee","Outmaneuver"],"picked":"Backstab","floor":1},{"not_picked":["Bane","Backstab","Poisoned Stab"],"picked":"SKIP","floor":2},{"not_picked":["Caltrops","Bane"],"picked":"Backflip","floor":3},{"not_picked":["Cloak And Dagger","Dagger Spray"],"picked":"Leg Sweep","floor":4},{"not_picked":["Dagger Throw","Prepared"],"picked":"PiercingWail","floor":6},{"not_picked":["Tactician","Tools of the Trade"],"picked":"All Out Attack","floor":10},{"not_picked":["Flying Knee","Deadly Poison","Distraction"],"picked":"SKIP","floor":11},{"not_picked":["Masterful Stab","Flying Knee"],"picked":"Terror","floor":13},{"not_picked":["Corpse Explosion","Adrenaline"],"picked":"After Image","floor":16},{"not_picked":["Underhanded Strike","Predator"],"picked":"Crippling Poison","floor":18},{"not_picked":["Well Laid Plans","All Out Attack"],"picked":"PiercingWail+1","floor":19},{"not_picked":["Finisher","Heel Hook"],"picked":"Blade Dance","floor":21},{"not_picked":["Blade Dance","Bane"],"picked":"Acrobatics+1","floor":24},{"not_picked":["Flying Knee","Infinite Blades","Crippling Poison"],"picked":"SKIP","floor":25},{"not_picked":["Skewer","Poisoned Stab"],"picked":"Venomology","floor":31},{"not_picked":["Grand Finale","Tools of the Trade"],"picked":"A Thousand Cuts","floor":33},{"not_picked":["Flechettes","Noxious Fumes"],"picked":"Footwork","floor":35}],"player_experience":599314,"relics_obtained":[{"floor":6,"key":"Meat on the Bone"},{"floor":9,"key":"Bottled Flame"},{"floor":11,"key":"Omamori"},{"floor":13,"key":"Bag of Marbles"},{"floor":25,"key":"CaptainsWheel"},{"floor":26,"key":"Juzu Bracelet"},{"floor":31,"key":"Dream Catcher"}],"event_choices":[{"damage_healed":0,"gold_gain":0,"player_choice":"Grow","damage_taken":0,"max_hp_gain":0,"max_hp_loss":0,"event_name":"Living Wall","floor":5,"gold_loss":0,"cards_upgraded":["Venomology"]},{"damage_healed":0,"gold_gain":0,"player_choice":"Entered Light","damage_taken":18,"max_hp_gain":0,"max_hp_loss":0,"event_name":"Shining Light","floor":8,"gold_loss":0,"cards_upgraded":["Strike_G","Survivor"]},{"damage_healed":0,"gold_gain":0,"player_choice":"Box","damage_taken":0,"relics_obtained":["Akabeko"],"max_hp_gain":0,"max_hp_loss":0,"event_name":"Big Fish","floor":12,"gold_loss":0,"cards_obtained":["Regret"]},{"damage_healed":0,"gold_gain":0,"player_choice":"Became a Ghost","damage_taken":0,"max_hp_gain":0,"max_hp_loss":30,"event_name":"Ghosts","floor":20,"gold_loss":0,"cards_obtained":["Ghostly","Ghostly","Ghostly"]},{"damage_healed":0,"gold_gain":0,"player_choice":"Joined the Cult","damage_taken":6,"max_hp_gain":0,"max_hp_loss":0,"event_name":"Nest","floor":28,"gold_loss":0,"cards_obtained":["RitualDagger"]},{"damage_healed":0,"gold_gain":0,"player_choice":"Paid Gold","damage_taken":0,"relics_obtained":["Art of War"],"max_hp_gain":0,"max_hp_loss":0,"event_name":"WeMeetAgain","floor":30,"gold_loss":62},{"damage_healed":0,"gold_gain":0,"player_choice":"Fight","damage_taken":0,"max_hp_gain":0,"max_hp_loss":0,"event_name":"Mysterious Sphere","floor":36,"gold_loss":0}],"is_beta":false,"boss_relics":[{"not_picked":["Runic Pyramid","Tiny House"],"picked":"Astrolabe"},{"not_picked":["Fusion Hammer","Black Star"],"picked":"Coffee Dripper"}],"items_purged_floors":[22],"is_endless":false,"potions_floor_spawned":[2,3,6,16,18,21,25,35],"killed_by":"2 Orb Walkers","ascension_level":20}}