{"host":"vdpaduzlq0qlaikq","time":1612074067,"event":{"mods":["AchievementEnabler","BaseMod","Better Third Choice","BetterRewards","Colored Map","Downfall","Gold Saver","Hermit","Jorbs\u0027s Wanderer Trilogy","Minty Spire (QoL Compilation)","Relic Filter","Spicy Shops","StSLib","The Necromancer"],"gold_per_floor":[157,174,188,363,379,397,397,397,154,171,171,171,193,228,247,247,247,247],"floor_reached":16,"language":"ENG","playtime":657,"items_purged":["Doubt"],"score":102,"play_id":"e38b369a-a9cd-44a9-9d4d-c808f442cdf4","local_time":"20210131042107","is_ascension_mode":false,"campfire_choices":[{"data":"bronze:Replicate","floor":1.0,"key":"SMITH"},{"data":"bronze:Optimize","floor":8.0,"key":"SMITH"},{"floor":12.0,"key":"REST"}],"circlet_count":0,"master_deck":["bronze:Strike","bronze:Strike","bronze:Strike","bronze:Strike","bronze:Defend","bronze:Defend","bronze:Defend","bronze:Replicate+1","bronze:Goto","bronze:DelayedSlice","bronze:Deprecate","bronze:Boost","bronze:Optimize+1","bronze:ItsAFeature","bronze:WhirlingStrike","bronze:Backtrace","bronze:Overload","bronze:Backtrace"],"relics":["bronze:BronzeCore","Regal Pillow","Bottled Flame","Happy Flower","Odd Mushroom","Gremlin Horn"],"acts_visited":["Exordium"],"potions_floor_usage":[16],"damage_taken":[{"damage":3.0,"enemies":"Jaw Worm","floor":2.0,"turns":4.0},{"damage":5.0,"enemies":"Small Slimes","floor":3.0,"turns":2.0},{"damage":0.0,"enemies":"2 Louse","floor":5.0,"turns":3.0},{"damage":6.0,"enemies":"Exordium Thugs","floor":6.0,"turns":4.0},{"damage":0.0,"enemies":"downfall:FleeingMerchant","floor":9.0,"turns":4.0},{"damage":26.0,"enemies":"Large Slime","floor":10.0,"turns":6.0},{"damage":0.0,"enemies":"The Mushroom Lair","floor":13.0,"turns":2.0},{"damage":18.0,"enemies":"Lagavulin","floor":14.0,"turns":5.0},{"damage":0,"enemies":"Lots of Slimes","floor":15,"turns":2},{"damage":57,"enemies":"DF_ARCHETYPE_STREAMLINE","floor":16,"turns":6}],"seed_played":"6098578230462407660","potions_obtained":[{"floor":10.0,"key":"AttackPotion"},{"floor":15,"key":"FearPotion"}],"is_trial":false,"path_per_floor":["R","M","M","?","M","M","T","R","$","M","?","R","?","E","M","B"],"character_chosen":"THE_AUTOMATON","items_purchased":["Happy Flower"],"campfire_rested":1,"item_purchase_floors":[9],"current_hp_per_floor":[70,67,62,62,62,56,56,56,56,30,30,66,66,48,48,0,0,0],"gold":247,"neow_bonus":"RANDOM_COMMON_RELIC","is_daily":false,"chose_seed":false,"campfire_upgraded":2,"win_rate":0.0,"timestamp":1612074067,"path_taken":["R","M","M","?","M","M","T","R","$","M","?","R","?","E","M","BOSS"],"items_purchased_type":["Relic"],"build_version":"2020-12-22","purchased_purges":1,"victory":false,"max_hp_per_floor":[70,70,70,70,70,70,70,70,70,70,70,70,70,70,70,70,70,70],"card_choices":[{"not_picked":["bronze:Overheat","bronze:BuggyMess"],"picked":"bronze:DelayedSlice","floor":2.0},{"not_picked":["bronze:BugBarrage","bronze:OilSpill"],"picked":"bronze:Deprecate","floor":3.0},{"not_picked":["bronze:BuggyMess","bronze:Return"],"picked":"bronze:Boost","floor":5.0},{"not_picked":["bronze:BitShift","bronze:BuggyMess"],"picked":"bronze:Optimize","floor":6.0},{"not_picked":["bronze:DarkDash","bronze:DelayedSlice"],"picked":"bronze:ItsAFeature","floor":9.0},{"not_picked":["bronze:BitShift","bronze:Branch"],"picked":"bronze:WhirlingStrike","floor":10.0},{"not_picked":["bronze:Overheat","bronze:FindAndReplace"],"picked":"bronze:Backtrace","floor":13.0},{"not_picked":["bronze:ChosenStrike","bronze:Repulsor"],"picked":"bronze:Overload","floor":14.0},{"not_picked":["bronze:DigitalCarnage","bronze:BitShift"],"picked":"bronze:Backtrace","floor":15}],"player_experience":667917,"relics_obtained":[{"floor":7.0,"key":"Bottled Flame"},{"floor":13.0,"key":"Odd Mushroom"},{"floor":14.0,"key":"Gremlin Horn"}],"event_choices":[{"cards_removed":["bronze:Defend"],"damage_healed":0.0,"max_hp_gain":0.0,"max_hp_loss":0.0,"gold_gain":0.0,"event_name":"The Cleric","player_choice":"Card Removal","floor":11.0,"gold_loss":0.0,"damage_taken":0.0},{"damage_healed":0.0,"max_hp_gain":0.0,"max_hp_loss":0.0,"gold_gain":0.0,"event_name":"Mushrooms","player_choice":"Fought Mushrooms","floor":13.0,"gold_loss":0.0,"damage_taken":0.0}],"is_beta":false,"boss_relics":[],"items_purged_floors":[9],"is_endless":false,"potions_floor_spawned":[10,15],"killed_by":"DF_ARCHETYPE_STREAMLINE","ascension_level":0}}