{"host":"w7pthw6r6331n954","time":1612123896,"event":{"mods":["AchievementEnabler","BaseMod","BetterRewards","Card Forge","Colored Map","Colored Powertips","Custom Start","Hero for Fun","Jorbs\u0027s Wanderer Trilogy","Minty Spire (QoL Compilation)","Replay The Spire","Shop Mod","StSLib"],"gold_per_floor":[118,118,134,148,162,162,188,188,213,223,251,251,300,334,334,432,432,448,4,22,50,50,83,83,83,83,83,98,98,98,28,28,124,124,136,136,150,20,30,30,30,30,79,98,108,458,470,505,505,505,505,505,14,39,39],"floor_reached":56,"language":"ENG","playtime":7935,"items_purged":["Sickly"],"score":2101,"play_id":"35ecd931-e506-4d07-8d63-8d581d1b63d4","local_time":"20210131151136","is_ascension_mode":true,"campfire_choices":[{"floor":6.0,"key":"REST"},{"floor":8.0,"key":"REST"},{"floor":15.0,"key":"RECALL"},{"data":"Fission","floor":24.0,"key":"SMITH"},{"data":"Fission","floor":27.0,"key":"SMITH"},{"floor":29.0,"key":"DIG"},{"floor":32.0,"key":"DIG"},{"floor":40.0,"key":"DIG"},{"floor":49.0,"key":"DIG"},{"floor":52,"key":"DIG"}],"circlet_count":0,"master_deck":["Defend_B","Defend_B+1","Defend_B+1","Defend_B","Zap","Dualcast","Mind Blast","FIFO Queue","Chrysalis","Aggregate","Turbo","Streamline","Auto Shields","Glacier","Beam Cell","ReplayTheSpireMod:Omega Cannon","Fission+1","Lockon+1","Fission+1","stsjorbsmod:PollutedStrike","Forethought","Conserve Battery","Seek+1","Bite","Bite","Bite","Bite","Bite","Meteor Strike","Sweeping Beam","Echo Form","Hallucinations","stsjorbsmod:PollutedStrike","Echo Form","Finesse","Swift Strike","Panacea","Steam+1","Stack","Undo","Time Bomb","Ball Lightning+1","Echo Form+1","Barrage+1","Buffer+1","Magnetism+1","Leap+1"],"relics":["Cracked Core","Hammer of Thor","Seething Fire","Anvil of the Gods","MerchantsRug","PreservedInsect","Replay:Baseball","Ice Cream","FossilizedHelix","ReplayFunnel","DataDisk","Toy Ornithopter","Shovel","ReplayTheSpireMod:CursedCoin","ReplayTheSpireMod:Shallot","Red Mask","MutagenicStrength","Calipers","Lantern","Pen Nib","Iron Hammer","Incense Burner","ClockworkSouvenir","Anchor","Frozen Egg 2","Boot","Happy Flower","Pet Ghost","Replay:WaspNest","Runic Capacitor","CaptainsWheel"],"acts_visited":["Exordium","TheCity","TheBeyond","TheEnding"],"potions_floor_usage":[50,54,55,55],"damage_taken":[{"damage":0.0,"enemies":"2 Louse","floor":1.0,"turns":3.0},{"damage":0.0,"enemies":"Cultist","floor":3.0,"turns":3.0},{"damage":2.0,"enemies":"Jaw Worm","floor":4.0,"turns":3.0},{"damage":0.0,"enemies":"Exordium Wildlife","floor":5.0,"turns":3.0},{"damage":0.0,"enemies":"3 Sentries","floor":7.0,"turns":1.0},{"damage":11.0,"enemies":"Lots of Slimes","floor":10.0,"turns":4.0},{"damage":10.0,"enemies":"Gremlin Nob","floor":11.0,"turns":4.0},{"damage":0.0,"enemies":"Lagavulin","floor":14.0,"turns":4.0},{"damage":0.0,"enemies":"Slime Boss","floor":16.0,"turns":5.0},{"damage":0.0,"enemies":"Spheric Guardian","floor":18.0,"turns":4.0},{"damage":0.0,"enemies":"Chosen","floor":20.0,"turns":4.0},{"damage":0.0,"enemies":"Masked Bandits","floor":21.0,"turns":3.0},{"damage":7.0,"enemies":"Book of Stabbing","floor":23.0,"turns":5.0},{"damage":0.0,"enemies":"Snake Plant","floor":28.0,"turns":4.0},{"damage":0.0,"enemies":"Automaton","floor":33.0,"turns":9.0},{"damage":0.0,"enemies":"3 Darklings","floor":35.0,"turns":5.0},{"damage":0.0,"enemies":"3 Shapes","floor":37.0,"turns":3.0},{"damage":0.0,"enemies":"3 Darklings","floor":39.0,"turns":2.0},{"damage":0.0,"enemies":"Maw","floor":44.0,"turns":5.0},{"damage":0.0,"enemies":"Spire Growth","floor":45.0,"turns":4.0},{"damage":0.0,"enemies":"Mind Bloom Boss Battle","floor":46.0,"turns":5.0},{"damage":0.0,"enemies":"Sphere and 2 Shapes","floor":47.0,"turns":2.0},{"damage":0.0,"enemies":"R_Hoarder","floor":48.0,"turns":6.0},{"damage":0,"enemies":"Awakened One","floor":50,"turns":12},{"damage":7,"enemies":"Shield and Spear","floor":54,"turns":5},{"damage":0,"enemies":"The Heart","floor":55,"turns":8}],"seed_played":"1814625442759212887","potions_obtained":[{"floor":1.0,"key":"FearPotion"},{"floor":2.0,"key":"Ancient Potion"},{"floor":2.0,"key":"SneckoOil"},{"floor":3.0,"key":"AttackPotion"},{"floor":7.0,"key":"Swift Potion"},{"floor":14.0,"key":"SmokeBomb"},{"floor":16.0,"key":"BlessingOfTheForge"},{"floor":20.0,"key":"PowerPotion"},{"floor":23.0,"key":"SmokeBomb"},{"floor":35.0,"key":"GamblersBrew"},{"floor":47.0,"key":"Doom Potion"},{"floor":48.0,"key":"Energy Potion"}],"is_trial":false,"path_per_floor":["M","?","M","M","M","R","E","R","T","M","E","?","T","E","R","B",null,"M","$","M","?","?","E","R","?","T","R","M","R","?","$","R","B",null,"M","?","M","$","M","R","?","$","T","M","M","?","M","E","R","B",null,"R","$","E","B",null],"character_chosen":"DEFECT","items_purchased":["MerchantsRug","PreservedInsect","Mind Blast","FIFO Queue","Chrysalis","Replay:Baseball","Ice Cream","FossilizedHelix","Shovel","Fission","ReplayTheSpireMod:CursedCoin","ReplayTheSpireMod:Shallot","Forethought","Lantern","ClockworkSouvenir","Anchor","Runic Capacitor","Buffer+1","Magnetism+1","BlessingOfTheForge","Weak Potion"],"campfire_rested":2,"item_purchase_floors":[0,0,0,0,0,0,0,0,19,19,19,19,19,31,38,38,53,53,53,53,53],"current_hp_per_floor":[28,28,28,26,26,48,48,70,70,59,49,49,49,51,51,53,75,75,75,75,75,75,70,70,70,70,70,74,74,74,74,74,75,87,87,77,81,81,86,86,86,86,86,87,87,87,87,87,87,87,87,87,87,82,87],"gold":39,"neow_bonus":"","is_daily":false,"chose_seed":false,"campfire_upgraded":2,"win_rate":0.0,"timestamp":1612123896,"path_taken":["M","?","?","M","M","R","E","R","T","M","E","?","?","E","R","BOSS","M","$","?","?","?","E","R","?","T","R","M","R","?","$","R","BOSS","M","?","M","$","M","R","?","?","T","M","?","?","M","E","R","BOSS","R","$","E","BOSS"],"items_purchased_type":["Relic","Relic","Card","Card","Card","Relic","Relic","Relic","Relic","Card","Relic","Relic","Card","Relic","Relic","Relic","Relic","Card","Card","Potion","Potion"],"build_version":"2020-12-22","purchased_purges":1,"victory":true,"max_hp_per_floor":[75,75,75,75,75,75,75,75,75,75,75,75,75,75,75,75,75,75,75,75,75,75,75,75,75,75,75,75,75,75,75,75,75,87,87,87,87,87,87,87,87,87,87,87,87,87,87,87,87,87,87,87,87,87,87],"card_choices":[{"not_picked":["Gash","Leap"],"picked":"Aggregate","floor":1.0},{"not_picked":["Redo","Barrage"],"picked":"Turbo","floor":3.0},{"not_picked":["Barrage","Recycle"],"picked":"Doom and Gloom","floor":4.0},{"not_picked":["Ball Lightning","Crystallizer"],"picked":"Streamline","floor":5.0},{"not_picked":["Storm","Barrage"],"picked":"Auto Shields","floor":7.0},{"not_picked":["BasicCrystalCard","Cold Snap"],"picked":"Glacier","floor":10.0},{"not_picked":["Sweeping Beam","Cold Snap"],"picked":"Beam Cell","floor":11.0},{"not_picked":["Compile Driver","Loop"],"picked":"ReplayTheSpireMod:Omega Cannon","floor":14.0},{"not_picked":["Creative AI","Machine Learning"],"picked":"Fission","floor":16.0},{"not_picked":["Barrage","Defragment"],"picked":"Lockon+1","floor":18.0},{"not_picked":["Stack","Leap+1"],"picked":"Conserve Battery","floor":20.0},{"not_picked":["Loop+1","Self Repair"],"picked":"Seek","floor":21.0},{"not_picked":["Thunder Strike","Redo"],"picked":"Meteor Strike","floor":23.0},{"not_picked":["Hello World+1","Compile Driver"],"picked":"Sweeping Beam","floor":28.0},{"not_picked":["ReplayRNGCard","All For One"],"picked":"Echo Form","floor":33.0},{"not_picked":["Delirium","ReplayTheSpireMod:Splinters"],"picked":"Hallucinations","floor":34.0},{"not_picked":["AbeCurse","Pain"],"picked":"Sickly","floor":34.0},{"not_picked":["Delirium","Injury"],"picked":"stsjorbsmod:PollutedStrike","floor":34.0},{"not_picked":["Compile Driver","BasicCrystalCard+1"],"picked":"Echo Form","floor":35.0},{"not_picked":["Flash of Steel","Replay:BasicMightCard"],"picked":"Finesse","floor":36.0},{"not_picked":["Replay:BasicMightCard","Replay:Bootleg Shield Generator"],"picked":"Swift Strike","floor":36.0},{"not_picked":["Trip","ReplayTheSpireMod:Uncanny Aura"],"picked":"Panacea","floor":36.0},{"not_picked":["Defragment","Barrage"],"picked":"Steam+1","floor":37.0},{"not_picked":["ReplayTheSpireMod:Repulse","Ball Lightning+1"],"picked":"Stack","floor":39.0},{"not_picked":["Compile Driver","Go for the Eyes"],"picked":"Undo","floor":44.0},{"not_picked":["Doom and Gloom+1","Panic Button+1"],"picked":"Time Bomb","floor":45.0},{"not_picked":["Go for the Eyes+1","Defragment+1"],"picked":"Ball Lightning+1","floor":46.0},{"not_picked":["Leap","Hologram+1"],"picked":"Echo Form+1","floor":47.0},{"not_picked":["BasicCrystalCard+1","Ball Lightning"],"picked":"Barrage+1","floor":48.0},{"not_picked":["Sunder","Sweeping Beam+1"],"picked":"Leap+1","floor":54}],"player_experience":1184141,"relics_obtained":[{"floor":7.0,"key":"ReplayFunnel"},{"floor":11.0,"key":"DataDisk"},{"floor":13.0,"key":"Blood Vial"},{"floor":14.0,"key":"Toy Ornithopter"},{"floor":21.0,"key":"Red Mask"},{"floor":23.0,"key":"Simple Rune"},{"floor":26.0,"key":"Calipers"},{"floor":29.0,"key":"Centennial Puzzle"},{"floor":32.0,"key":"Darkstone Periapt"},{"floor":40.0,"key":"Frozen Egg 2"},{"floor":43.0,"key":"Boot"},{"floor":46.0,"key":"Old Coin"},{"floor":48.0,"key":"Happy Flower"},{"floor":49.0,"key":"Pet Ghost"},{"floor":52,"key":"Replay:WaspNest"},{"floor":54,"key":"CaptainsWheel"}],"event_choices":[{"damage_healed":0.0,"max_hp_gain":0.0,"max_hp_loss":0.0,"gold_gain":0.0,"event_name":"Lab","player_choice":"Got Potions","floor":2.0,"gold_loss":0.0,"damage_taken":0.0},{"damage_healed":0.0,"max_hp_gain":0.0,"max_hp_loss":0.0,"gold_gain":0.0,"event_name":"Masked Bandits","player_choice":"Fought Bandits","floor":21.0,"gold_loss":0.0,"damage_taken":0.0},{"damage_healed":0.0,"max_hp_gain":0.0,"max_hp_loss":0.0,"gold_gain":0.0,"event_name":"Vampires","player_choice":"Became a vampire (Vial)","floor":22.0,"relics_lost":["Blood Vial"],"gold_loss":0.0,"damage_taken":0.0,"cards_obtained":["Bite","Bite","Bite","Bite","Bite"]},{"damage_healed":0.0,"max_hp_gain":0.0,"max_hp_loss":0.0,"gold_gain":0.0,"event_name":"Drug Dealer","player_choice":"Inject Mutagens","floor":25.0,"gold_loss":0.0,"damage_taken":0.0,"relics_obtained":["MutagenicStrength"]},{"damage_healed":0.0,"max_hp_gain":0.0,"max_hp_loss":0.0,"gold_gain":0.0,"event_name":"Accursed Blacksmith","player_choice":"Forge","floor":30.0,"gold_loss":0.0,"damage_taken":0.0,"cards_upgraded":["Seek"]},{"damage_healed":0.0,"max_hp_gain":0.0,"max_hp_loss":0.0,"gold_gain":0.0,"event_name":"SensoryStone","player_choice":"Memory 3","floor":36.0,"gold_loss":0.0,"damage_taken":10.0},{"cards_removed":["Doom and Gloom"],"damage_healed":0.0,"max_hp_gain":0.0,"max_hp_loss":0.0,"gold_gain":0.0,"event_name":"Falling","player_choice":"Removed Attack","floor":41.0,"gold_loss":0.0,"damage_taken":0.0},{"damage_healed":0.0,"max_hp_gain":0.0,"max_hp_loss":0.0,"gold_gain":0.0,"event_name":"MindBloom","player_choice":"Fight","floor":46.0,"gold_loss":0.0,"damage_taken":0.0}],"is_beta":false,"boss_relics":[{"not_picked":["Tiny House","Empty Cage"],"picked":"Cursed Key"},{"not_picked":["Honey Jar","SacredBark"],"picked":"Replay:Ancient Bell"},{"not_picked":["Replay:Antivirus Software","Gremlin Food"],"picked":"Pen Nib"},{"not_picked":["Mercury Hourglass","Singing Bowl"],"picked":"Iron Hammer"},{"not_picked":["Emotion Chip","Pondfish Scales"],"picked":"Incense Burner"}],"items_purged_floors":[53],"is_endless":false,"potions_floor_spawned":[1,3,7,14,16,20,23,35,47,48],"ascension_level":4}}