{"host":"xc18ixkpjvqrt8st","time":1612120743,"event":{"mods":["Act Like it!","BaseMod","Better Match","Better Third Choice","Conspire","Downfall","Hallownest","Hermit","Hubris","Infinite Spire","JesterMod","Minty Spire (QoL Compilation)","Reliquary","Replay The Spire","Robot Space Explorer","Shop Mod","Spicy Shops","Spire Arcade","StSLib","The Animator","The Edgeheg","The Jungle","The Marked","The Sage"],"gold_per_floor":[113,23,23,23,23,69,88,88,112,3,53,66,51,70,70,169,169,185,135,74,88,88,122,232,232,232],"floor_reached":25,"language":"ENG","playtime":1410,"items_purged":[],"score":282,"play_id":"46884247-bd9c-4000-9cae-5b7f8c808905","local_time":"20210131131903","is_ascension_mode":true,"campfire_choices":[{"floor":8,"key":"RECALL"},{"floor":15,"key":"REST"}],"circlet_count":0,"master_deck":["animator:Strike_HitsugiNoChaika","animator:Defend_HitsugiNoChaika","animator:AcuraAkari","animator:Gillette","animator:Shuna","animator:Strike_AccelWorld","animator:Strike_FullmetalAlchemist","animator:Strike_Kancolle","animator:Defend_GoblinSlayer","animator:Defend_HitsugiNoChaika","animator:Defend_Konosuba","animator:Viivi","animator:Konayuki","animator:LizardPriest","animator:RoyMustang","animator:Cocytus","animator:HighElfArcher","animator:TukaLunaMarceau","animator:PinaCoLada","animator:Layla","animator:Lelouch","animator:Hibiki","animator:Kuroyukihime+1","animator:Bozes+1","animator:ItamiYouji","animator:Benimaru"],"relics":["animator:LivingPicture","animator:TheMissingPiece","NeowsBlessing","hubris:Icosahedron","Replay:Towering Pillar of Hats","MealTicket","hubris:EmptyBottle","Snack Pack","SacredBark","ReplayTheSpireMod:ShopPack","hubris:BundleOfHerbs"],"acts_visited":["Exordium","TheCity"],"potions_floor_usage":[16,18,21,21,23,24],"damage_taken":[{"damage":0,"enemies":"Jaw Worm","floor":1,"turns":1},{"damage":0,"enemies":"3 Sentries","floor":6,"turns":2},{"damage":0,"enemies":"2 Louse","floor":7,"turns":1},{"damage":11,"enemies":"Gremlin Nob","floor":11,"turns":4},{"damage":0,"enemies":"Small Slimes","floor":12,"turns":2},{"damage":6,"enemies":"Blue Slaver","floor":13,"turns":4},{"damage":7,"enemies":"2 Fungi Beasts","floor":14,"turns":3},{"damage":22,"enemies":"The Guardian","floor":16,"turns":10},{"damage":1,"enemies":"3 Byrds","floor":18,"turns":4},{"damage":17,"enemies":"Shell Parasite","floor":21,"turns":3},{"damage":24,"enemies":"animator:HornedBat","floor":23,"turns":7},{"damage":5,"enemies":"Chosen and Byrds","floor":24,"turns":6},{"damage":51,"enemies":"Centurion and Healer","floor":25,"turns":6}],"seed_played":"-2678490055857824945","potions_obtained":[{"floor":11,"key":"Venom Potion"},{"floor":12,"key":"AttackPotion"},{"floor":18,"key":"AttackPotion"}],"is_trial":false,"path_per_floor":["M","?","$","?","?","E","M","R","T","$","E","M","M","M","R","B",null,"M","?","$","M","?","E","M","M"],"character_chosen":"THE_ANIMATOR","items_purchased":["hubris:EmptyBottle","animator:LizardPriest","ReplayTheSpireMod:ShopPack"],"campfire_rested":1,"item_purchase_floors":[10,10,20],"current_hp_per_floor":[66,66,66,66,66,66,66,66,66,66,55,55,51,48,66,50,66,67,67,67,52,52,34,31,0,0],"gold":232,"neow_bonus":"THREE_ENEMY_KILL","is_daily":false,"chose_seed":false,"campfire_upgraded":0,"win_rate":0.0,"timestamp":1612120743,"path_taken":["M","?","$","?","?","E","M","R","T","?","E","M","M","M","R","BOSS","M","?","?","?","?","E","?","M"],"items_purchased_type":["Relic","Card","Relic"],"build_version":"2020-12-22","purchased_purges":0,"victory":false,"max_hp_per_floor":[66,66,66,66,66,66,66,66,66,66,66,66,66,66,66,66,66,67,67,67,67,67,67,67,67,67],"card_choices":[{"not_picked":["animator:NarberalGamma","animator:Hitei"],"picked":"animator:Shuna","floor":1},{"not_picked":["animator:Shuna","animator:ElricAlphonse"],"picked":"animator:Viivi","floor":6},{"not_picked":["animator:Kuribayashi","animator:YaoHaDucy"],"picked":"animator:Konayuki","floor":7},{"not_picked":["animator:WinryRockbell","animator:MaesHughes"],"picked":"animator:RoyMustang","floor":11},{"not_picked":["animator:Hakurou","animator:Azekura"],"picked":"animator:Cocytus","floor":12},{"not_picked":["animator:Hitei","animator:MaesHughes"],"picked":"animator:HighElfArcher","floor":13},{"not_picked":["animator:Hakurou","animator:Millim"],"picked":"animator:TukaLunaMarceau","floor":14},{"not_picked":["animator:ItamiYouji","animator:HigakiRinne"],"picked":"animator:PinaCoLada","floor":16},{"not_picked":["animator:Gillette","animator:Guy"],"picked":"animator:Layla","floor":18},{"not_picked":["animator:HououinKyouma","animator:KotoriKanbe"],"picked":"animator:Lelouch","floor":20},{"not_picked":["animator:MamizouFutatsuiwa","animator:Patchouli"],"picked":"animator:Hibiki","floor":20},{"not_picked":["animator:MisakiNakahara","animator:Kagari"],"picked":"animator:Kuroyukihime","floor":20},{"not_picked":["animator:Fredrika+1","animator:Arpeggio"],"picked":"animator:Bozes+1","floor":21},{"not_picked":["animator:GuildGirl","animator:HigakiRinne"],"picked":"animator:ItamiYouji","floor":23},{"not_picked":["animator:Kaijin","animator:Bozes"],"picked":"animator:Benimaru","floor":24}],"player_experience":685703,"relics_obtained":[{"floor":6,"key":"Replay:Towering Pillar of Hats"},{"floor":9,"key":"MealTicket"},{"floor":11,"key":"Snack Pack"},{"floor":23,"key":"hubris:BundleOfHerbs"}],"event_choices":[{"damage_healed":0,"gold_gain":0,"player_choice":"Leave","damage_taken":0,"max_hp_gain":0,"max_hp_loss":0,"event_name":"conspire:Investor","floor":5,"gold_loss":0},{"damage_healed":0,"gold_gain":0,"player_choice":"Bet on Owner","damage_taken":0,"max_hp_gain":0,"max_hp_loss":0,"event_name":"The Joust","floor":19,"gold_loss":50},{"damage_healed":0,"gold_gain":0,"player_choice":"Upgraded","damage_taken":0,"max_hp_gain":0,"max_hp_loss":0,"event_name":"Upgrade Shrine","floor":22,"gold_loss":0,"cards_upgraded":["animator:Kuroyukihime"]}],"is_beta":false,"boss_relics":[{"not_picked":["Sozu","Black Star"],"picked":"SacredBark"}],"items_purged_floors":[],"is_endless":false,"potions_floor_spawned":[11,12,18,21],"killed_by":"Centurion and Healer","ascension_level":2}}