{"host":"640uue19m79c7wbt","time":1612125819,"event":{"mods":["BaseMod","Colored Map","Googly Eyes","Highlight Path","Minty Spire (QoL Compilation)","Quick Restart","StSLib"],"gold_per_floor":[115,127,138,21,36,36,36,36],"floor_reached":7,"language":"ENG","playtime":282,"items_purged":["Strike_G"],"score":82,"play_id":"ab111a89-75f2-4e45-98c5-f433e7e89df0","local_time":"20210131154339","is_ascension_mode":true,"campfire_choices":[{"floor":6,"key":"REST"}],"circlet_count":0,"master_deck":["AscendersBane","Strike_G","Strike_G","Strike_G","Strike_G","Defend_G","Defend_G","Defend_G","Defend_G","Defend_G","Survivor","Neutralize","Bouncing Flask","Footwork","Accuracy","Cloak And Dagger","Noxious Fumes","Caltrops","Acrobatics","Eviscerate"],"relics":["Ring of the Snake","Prayer Wheel"],"acts_visited":["Exordium"],"potions_floor_usage":[3,5,7],"damage_taken":[{"damage":7,"enemies":"Jaw Worm","floor":1,"turns":5},{"damage":7,"enemies":"2 Louse","floor":2,"turns":3},{"damage":1,"enemies":"Cultist","floor":3,"turns":3},{"damage":2,"enemies":"Blue Slaver","floor":5,"turns":4},{"damage":37,"enemies":"3 Sentries","floor":7,"turns":4}],"seed_played":"-2384217496049406669","potions_obtained":[{"floor":1,"key":"Fire Potion"},{"floor":2,"key":"ColorlessPotion"},{"floor":3,"key":"Regen Potion"}],"is_trial":false,"path_per_floor":["M","M","M","$","M","R","E"],"character_chosen":"THE_SILENT","items_purchased":["Caltrops"],"campfire_rested":1,"item_purchase_floors":[4],"current_hp_per_floor":[37,30,29,29,27,46,21,21],"gold":36,"neow_bonus":"ONE_RARE_RELIC","is_daily":false,"chose_seed":false,"campfire_upgraded":0,"win_rate":0.0,"timestamp":1612125819,"path_taken":["M","M","M","$","M","R","E"],"items_purchased_type":["Card"],"build_version":"2020-12-22","purchased_purges":1,"victory":false,"max_hp_per_floor":[66,66,66,66,66,66,66,66],"card_choices":[{"not_picked":["Masterful Stab","Poisoned Stab"],"picked":"Bouncing Flask","floor":1},{"not_picked":["Distraction","Footwork","PiercingWail"],"picked":"SKIP","floor":1},{"not_picked":["Distraction","PiercingWail"],"picked":"Footwork","floor":1},{"not_picked":["Deadly Poison","Flying Knee"],"picked":"Accuracy","floor":2},{"not_picked":["Expertise","Flying Knee","Dodge and Roll"],"picked":"SKIP","floor":2},{"not_picked":["Escape Plan","Noxious Fumes"],"picked":"Cloak And Dagger","floor":3},{"not_picked":["Choke","Distraction"],"picked":"Noxious Fumes","floor":3},{"not_picked":["Bane","Expertise"],"picked":"Acrobatics","floor":5},{"not_picked":["Expertise","Flying Knee"],"picked":"Eviscerate","floor":5}],"player_experience":650531,"relics_obtained":[],"event_choices":[],"is_beta":false,"boss_relics":[],"items_purged_floors":[4],"is_endless":false,"potions_floor_spawned":[1,2,3],"killed_by":"3 Sentries","ascension_level":18}}