{"host":"8b2tzytxrazqquwe","time":1612129680,"event":{"mods":["BaseMod","Bestiary","Card Forge","Colored Map","Downfall","Highlight Path","Minty Spire (QoL Compilation)","StSLib","The Marked"],"gold_per_floor":[114,0,0,20,20,20,35,45,120,139,159,159,177,177,177,276,276,291,390,390,141,96,96,96],"floor_reached":22,"language":"ENG","playtime":1292,"items_purged":["sneckomod:Strike"],"score":176,"play_id":"980ac190-b0c0-402d-911b-46f7cb2b7b4b","local_time":"20210131214800","is_ascension_mode":false,"campfire_choices":[{"data":"sneckomod:UnknownUncommonPower","floor":6,"key":"SMITH"},{"data":"sneckomod:Unknown1Cost","floor":12,"key":"SMITH"},{"floor":15,"key":"REST"}],"circlet_count":0,"master_deck":["sneckomod:Strike","sneckomod:Defend","sneckomod:Defend","sneckomod:Defend","sneckomod:TailWhip","sneckomod:SnekBite","sneckomod:Unknown","sneckomod:Unknown","sneckomod:UnknownCommonSkill","sneckomod:UnknownUncommonPower+1","sneckomod:UnendingSupply","sneckomod:RainOfDice","sneckomod:SlitherStrike","sneckomod:RainOfDice","sneckomod:Unknown1Cost+1","sneckomod:UnknownClassTHE_BRONZE_AUTOMATON","downfall:Bewildered","sneckomod:Unknown3Cost","CurseOfTheBell","hexamod:FirstSeal","sneckomod:DiceCrush"],"relics":["sneckomod:SneckoSoul","Hammer of Thor","Seething Fire","Anvil of the Gods","The Courier","Bronze Scales","Calling Bell","Bag of Preparation","Gremlin Horn","Ice Cream","Unceasing Top"],"acts_visited":["Exordium","TheCity"],"potions_floor_usage":[16,16],"damage_taken":[{"damage":0,"enemies":"Small Slimes","floor":1,"turns":3},{"damage":3,"enemies":"Cultist","floor":4,"turns":5},{"damage":16,"enemies":"2 Louse","floor":7,"turns":4},{"damage":7,"enemies":"Looter","floor":8,"turns":2},{"damage":10,"enemies":"3 Louse","floor":10,"turns":3},{"damage":13,"enemies":"Exordium Thugs","floor":11,"turns":4},{"damage":12,"enemies":"Looter","floor":13,"turns":3},{"damage":28,"enemies":"Slime Boss","floor":16,"turns":8},{"damage":46,"enemies":"Shell Parasite","floor":18,"turns":7},{"damage":30,"enemies":"2 Thieves","floor":22,"turns":2}],"seed_played":"8126456166367576724","potions_obtained":[{"floor":4,"key":"hexamod:SoulburnPotion"},{"floor":7,"key":"sneckomod:MuddlingPotion"},{"floor":11,"key":"SteroidPotion"},{"floor":16,"key":"BlessingOfTheForge"}],"is_trial":true,"path_per_floor":["M","$","?","M","$","R","M","M","T","M","M","R","M","?","R","B",null,"M","?","?","$","M"],"character_chosen":"THE_SNECKO","items_purchased":["sneckomod:UnknownUncommonPower","Unceasing Top"],"campfire_rested":1,"item_purchase_floors":[2,21],"current_hp_per_floor":[90,90,90,87,87,87,71,64,64,64,51,51,39,39,66,38,90,44,44,28,28,0,0,0],"gold":96,"neow_bonus":"","is_daily":false,"chose_seed":false,"campfire_upgraded":2,"win_rate":0.0,"timestamp":1612129680,"path_taken":["M","$","?","M","$","R","M","?","T","M","M","R","M","?","R","BOSS","M","?","?","$","?"],"items_purchased_type":["Card","Relic"],"build_version":"2020-12-22","purchased_purges":1,"victory":false,"max_hp_per_floor":[90,90,90,90,90,90,90,90,90,90,90,90,90,90,90,90,90,90,90,90,90,90,90,90],"card_choices":[{"not_picked":["sneckomod:UnendingSupply","sneckomod:SoulDraw"],"picked":"sneckomod:UnknownCommonSkill","floor":1},{"not_picked":["sneckomod:UnknownClassMARKED_PURPLE_COLOR","sneckomod:UnknownClassRED"],"picked":"sneckomod:RainOfDice","floor":4},{"not_picked":["sneckomod:UnknownClassBLUE","sneckomod:UnknownClassGUARDIAN"],"picked":"sneckomod:SlitherStrike","floor":7},{"not_picked":["sneckomod:UnlimitedRolls","sneckomod:UnknownClassGREEN"],"picked":"sneckomod:RainOfDice","floor":8},{"not_picked":["sneckomod:MasterEye","sneckomod:SoulDraw","sneckomod:UnknownUncommonAttack"],"picked":"SKIP","floor":10},{"not_picked":["sneckomod:PureSnecko","sneckomod:UnknownWeak"],"picked":"sneckomod:Unknown1Cost","floor":11},{"not_picked":["sneckomod:RainOfDice","sneckomod:Unknown1Cost"],"picked":"sneckomod:UnknownClassTHE_BRONZE_AUTOMATON","floor":13},{"not_picked":["sneckomod:Cheat","sneckomod:SerpentMind"],"picked":"sneckomod:Unknown3Cost","floor":16},{"not_picked":["hexamod:FourthSeal","hexamod:SixthSeal"],"picked":"hexamod:FirstSeal","floor":18},{"not_picked":["sneckomod:UnknownVulnerable","sneckomod:Unknown1Cost+1"],"picked":"sneckomod:DiceCrush","floor":18}],"player_experience":122032,"relics_obtained":[{"floor":9,"key":"The Courier"},{"floor":17,"key":"Bag of Preparation"},{"floor":17,"key":"Gremlin Horn"},{"floor":17,"key":"Ice Cream"}],"event_choices":[{"damage_healed":0,"gold_gain":0,"cards_transformed":["sneckomod:Strike"],"player_choice":"Transformed","damage_taken":0,"max_hp_gain":0,"max_hp_loss":0,"event_name":"Transmorgrifier","floor":3,"gold_loss":0,"cards_obtained":["sneckomod:UnendingSupply"]},{"damage_healed":0,"gold_gain":99,"player_choice":"Stole From Cult","damage_taken":0,"max_hp_gain":0,"max_hp_loss":0,"event_name":"Nest","floor":19,"gold_loss":0},{"damage_healed":0,"gold_gain":0,"player_choice":"Obtained Book","damage_taken":16,"max_hp_gain":0,"max_hp_loss":0,"event_name":"Cursed Tome","floor":20,"gold_loss":0}],"is_beta":false,"boss_relics":[{"not_picked":["Philosopher\u0027s Stone","Empty Cage"],"picked":"Calling Bell"}],"items_purged_floors":[2],"is_endless":false,"potions_floor_spawned":[7,11,16],"killed_by":"2 Thieves","ascension_level":0}}