{"host":"c97twqu0op5dg8i4","time":1612062026,"event":{"mods":["AchievementEnabler","BaseMod","Colored Map","Minty Spire (QoL Compilation)","Permanent Neow"],"gold_per_floor":[112,130,22,37,37,37,71,83,106,35,45,78,165,195,207,318,330,353,21,41,41,41,64,77,97,97,97,110,123,123,0,10,10,107,107,121,121,134,154,29,29,45,57,57,87,105,125,125,145,145,145],"floor_reached":52,"language":"ENG","playtime":2356,"items_purged":["Strike_R","Strike_R","Fiend Fire"],"score":1045,"play_id":"25ffa372-a836-426f-8f62-d8dd259e0a44","local_time":"20210130220026","is_ascension_mode":true,"campfire_choices":[{"data":"Cleave","floor":6.0,"key":"SMITH"},{"data":"Feed","floor":15.0,"key":"SMITH"},{"data":"Reaper","floor":30.0,"key":"SMITH"},{"data":"Inflame","floor":33.0,"key":"SMITH"},{"data":"Clothesline","floor":41,"key":"SMITH"},{"floor":48,"key":"DIG"},{"floor":50,"key":"REST"}],"circlet_count":0,"master_deck":["Strike_R","Defend_R","Defend_R","Defend_R","Defend_R","Bash+1","Iron Wave","Cleave+1","Shockwave","Dropkick","Shrug It Off","Disarm","Battle Trance","Thunderclap","Feed+1","Reaper+1","Sword Boomerang","Feed+1","Flash of Steel","Necronomicurse","Flame Barrier","Clothesline+1","Inflame+1","Ghostly Armor+1","Offering","Anger+1","Shrug It Off","Armaments+1","Clothesline+1"],"relics":["Burning Blood","Toy Ornithopter","Tiny Chest","MawBank","Busted Crown","DollysMirror","Necronomicon","Omamori","Kunai","Juzu Bracelet","SacredBark","Shovel","Bag of Preparation","MealTicket"],"acts_visited":["Exordium","TheCity","TheBeyond"],"potions_floor_usage":[42,46,47,49,51],"damage_taken":[{"damage":1.0,"enemies":"Cultist","floor":1.0,"turns":3.0},{"damage":4.0,"enemies":"2 Louse","floor":2.0,"turns":3.0},{"damage":2.0,"enemies":"Jaw Worm","floor":4.0,"turns":4.0},{"damage":30.0,"enemies":"Lagavulin","floor":7.0,"turns":5.0},{"damage":8.0,"enemies":"Looter","floor":8.0,"turns":4.0},{"damage":0.0,"enemies":"Large Slime","floor":11.0,"turns":4.0},{"damage":18.0,"enemies":"Gremlin Nob","floor":12.0,"turns":4.0},{"damage":10.0,"enemies":"3 Louse","floor":14.0,"turns":2.0},{"damage":32.0,"enemies":"The Guardian","floor":16.0,"turns":18.0},{"damage":13.0,"enemies":"2 Thieves","floor":18.0,"turns":4.0},{"damage":21.0,"enemies":"3 Byrds","floor":20.0,"turns":6.0},{"damage":7.0,"enemies":"Snake Plant","floor":24.0,"turns":2.0},{"damage":16.0,"enemies":"Snecko","floor":25.0,"turns":5.0},{"damage":3.0,"enemies":"3 Cultists","floor":28.0,"turns":4.0},{"damage":16.0,"enemies":"Cultist and Chosen","floor":29.0,"turns":6.0},{"damage":13.0,"enemies":"Snake Plant","floor":32.0,"turns":3.0},{"damage":51.0,"enemies":"Champ","floor":34.0,"turns":12.0},{"damage":14,"enemies":"Orb Walker","floor":36,"turns":4},{"damage":12,"enemies":"3 Darklings","floor":38,"turns":7},{"damage":40,"enemies":"Spire Growth","floor":39,"turns":6},{"damage":32,"enemies":"Jaw Worm Horde","floor":42,"turns":5},{"damage":16,"enemies":"3 Darklings","floor":43,"turns":4},{"damage":96,"enemies":"Giant Head","floor":45,"turns":11},{"damage":30,"enemies":"Maw","floor":46,"turns":8},{"damage":28,"enemies":"Writhing Mass","floor":47,"turns":7},{"damage":6,"enemies":"3 Darklings","floor":49,"turns":2},{"damage":62,"enemies":"Time Eater","floor":51,"turns":12}],"seed_played":"-8662584393036540867","potions_obtained":[{"floor":2.0,"key":"SkillPotion"},{"floor":4.0,"key":"SpeedPotion"},{"floor":5.0,"key":"Block Potion"},{"floor":5.0,"key":"PowerPotion"},{"floor":18.0,"key":"FairyPotion"},{"floor":24.0,"key":"FairyPotion"},{"floor":34.0,"key":"SteroidPotion"},{"floor":42,"key":"Dexterity Potion"},{"floor":46,"key":"ColorlessPotion"},{"floor":47,"key":"Energy Potion"},{"floor":49,"key":"LiquidMemories"}],"is_trial":false,"path_per_floor":["M","M","$","M","?","R","E","M","T","$","M","E","?","M","R","B",null,"M","$","M","?","?","T","M","M","T","T","M","M","R","$","M","R","B",null,"M","?","M","M","$","R","M","M","T","E","M","M","R","M","R","B",null],"character_chosen":"IRONCLAD","items_purchased":["Shockwave","Battle Trance","DollysMirror","Flash of Steel","Clothesline","Inflame"],"campfire_rested":1,"item_purchase_floors":[3,10,19,19,31,31],"current_hp_per_floor":[77,79,79,80,80,80,56,54,54,54,60,48,37,33,33,16,67,64,64,63,47,47,47,46,48,48,48,75,81,81,81,83,83,66,107,112,112,109,99,99,99,106,112,112,41,50,44,44,81,118,91],"gold":145,"neow_bonus":"UPGRADE_CARD","is_daily":false,"chose_seed":false,"campfire_upgraded":5,"win_rate":0.0,"timestamp":1612062026,"path_taken":["M","M","$","?","?","R","E","?","T","$","M","E","?","M","R","BOSS","M","$","M","?","?","?","M","M","T","T","M","M","R","$","M","R","BOSS","M","?","M","M","$","R","M","M","T","E","M","M","R","M","R","BOSS"],"items_purchased_type":["Card","Card","Relic","Card","Card","Card"],"build_version":"2020-12-22","purchased_purges":3,"victory":true,"max_hp_per_floor":[80,80,80,80,80,80,80,80,80,80,80,80,80,80,80,84,84,88,88,92,92,92,92,92,96,96,96,104,112,112,112,116,116,120,120,120,114,114,114,114,114,122,122,122,122,126,126,126,126,126,126],"card_choices":[{"not_picked":["Headbutt","True Grit"],"picked":"Iron Wave","floor":1.0},{"not_picked":["Feel No Pain","Headbutt"],"picked":"Cleave","floor":2.0},{"not_picked":["Havoc","Anger"],"picked":"Dropkick","floor":4.0},{"not_picked":["Infernal Blade","Body Slam"],"picked":"Shrug It Off","floor":7.0},{"not_picked":["Warcry","Rupture"],"picked":"Disarm","floor":8.0},{"not_picked":["Warcry","Iron Wave"],"picked":"Thunderclap","floor":11.0},{"not_picked":["Pommel Strike","Power Through"],"picked":"Feed","floor":12.0},{"not_picked":["Body Slam","Perfected Strike","Iron Wave"],"picked":"SKIP","floor":14.0},{"not_picked":["Fiend Fire","Juggernaut"],"picked":"Reaper","floor":16.0},{"not_picked":[],"picked":"Sword Boomerang","floor":18.0},{"not_picked":["Wild Strike+1"],"picked":"SKIP","floor":20.0},{"not_picked":["Perfected Strike"],"picked":"SKIP","floor":24.0},{"not_picked":["Body Slam+1"],"picked":"SKIP","floor":25.0},{"not_picked":["Thunderclap"],"picked":"SKIP","floor":28.0},{"not_picked":["Cleave"],"picked":"SKIP","floor":29.0},{"not_picked":[],"picked":"Ghostly Armor+1","floor":32.0},{"not_picked":[],"picked":"Offering","floor":34.0},{"not_picked":[],"picked":"Anger+1","floor":36},{"not_picked":["Havoc+1"],"picked":"SKIP","floor":38},{"not_picked":[],"picked":"Shrug It Off","floor":39},{"not_picked":[],"picked":"Armaments+1","floor":42},{"not_picked":["Armaments+1"],"picked":"SKIP","floor":43},{"not_picked":["Fire Breathing"],"picked":"SKIP","floor":45},{"not_picked":["True Grit"],"picked":"SKIP","floor":46},{"not_picked":[],"picked":"Clothesline+1","floor":47},{"not_picked":["Power Through"],"picked":"SKIP","floor":49}],"player_experience":328536,"relics_obtained":[{"floor":7.0,"key":"Toy Ornithopter"},{"floor":9.0,"key":"Tiny Chest"},{"floor":12.0,"key":"MawBank"},{"floor":21.0,"key":"Necronomicon"},{"floor":23.0,"key":"Omamori"},{"floor":26.0,"key":"Kunai"},{"floor":27.0,"key":"Juzu Bracelet"},{"floor":44,"key":"Shovel"},{"floor":45,"key":"Bag of Preparation"},{"floor":48,"key":"MealTicket"}],"event_choices":[{"damage_healed":0.0,"max_hp_gain":0.0,"max_hp_loss":0.0,"gold_gain":0.0,"event_name":"Lab","player_choice":"Got Potions","floor":5.0,"gold_loss":0.0,"damage_taken":0.0},{"damage_healed":0.0,"max_hp_gain":0.0,"max_hp_loss":0.0,"gold_gain":75.0,"event_name":"World of Goop","player_choice":"Gather Gold","floor":13.0,"gold_loss":0.0,"damage_taken":11.0},{"damage_healed":0.0,"max_hp_gain":0.0,"max_hp_loss":0.0,"gold_gain":0.0,"event_name":"Cursed Tome","player_choice":"Obtained Book","floor":21.0,"gold_loss":0.0,"damage_taken":16.0},{"damage_healed":0.0,"max_hp_gain":0.0,"max_hp_loss":0.0,"gold_gain":0.0,"cards_transformed":["Strike_R","Strike_R"],"event_name":"Drug Dealer","player_choice":"Became Test Subject","floor":22.0,"gold_loss":0.0,"damage_taken":0.0,"cards_obtained":["Flame Barrier","Fiend Fire"]},{"damage_healed":0,"gold_gain":0,"player_choice":"Max HP","damage_taken":0,"max_hp_gain":0,"max_hp_loss":6,"event_name":"Winding Halls","floor":37,"gold_loss":0}],"is_beta":false,"boss_relics":[{"not_picked":["Philosopher\u0027s Stone","Tiny House"],"picked":"Busted Crown"},{"not_picked":["Empty Cage","Cursed Key"],"picked":"SacredBark"}],"items_purged_floors":[3,19,40],"is_endless":false,"potions_floor_spawned":[2,4,7,18,24,28,29,34,36,42,46,47,49],"ascension_level":9}}