{"host":"ixpjvd0r4p7lnmut","time":1612101310,"event":{"mods":["BaseMod","Block Reminder","Colored Map","Colored Powertips","Minty Spire (QoL Compilation)","Rare Cards Sparkle","Relic Stats","StSLib","The Bug Knight"],"gold_per_floor":[110,110,124,141,73,98,111,130,130,130,34,34,44,44,44,149,149,162,180,199,199,199],"floor_reached":21,"language":"ENG","playtime":1781,"items_purged":[],"score":183,"play_id":"630caf3f-df8f-417f-a74e-b13a504d6dda","local_time":"20210131055510","is_ascension_mode":false,"campfire_choices":[{"data":"HollowMod:SlysStrikes","floor":10,"key":"SMITH"},{"data":"HollowMod:FocusHealStart","floor":12,"key":"SMITH"},{"floor":15,"key":"REST"}],"circlet_count":0,"master_deck":["HollowMod:NailStrikeStart","HollowMod:NailStrikeStart","HollowMod:NailStrikeStart","HollowMod:NailStrikeStart","HollowMod:QuickDashStart","HollowMod:QuickDashStart","HollowMod:QuickDashStart","HollowMod:QuickDashStart","HollowMod:FocusHealStart+1","HollowMod:PogoStrike","HollowMod:DesolateDive","HollowMod:HowlingWraiths","HollowMod:SharpenedShadows","HollowMod:PerfectDash","HollowMod:MawleksShell","HollowMod:SlysStrikes+1","HollowMod:TaintedHusks","HollowMod:InfectionAssault","HollowMod:ChannelNail","HollowMod:Hiveblood","HollowMod:DoubleDash","HollowMod:SharpenedNail+1","HollowMod:HeavyBlow+1"],"relics":["HollowMod:VesselMask","NeowsBlessing","Mercury Hourglass","Bottled Tornado","Ornamental Fan","Black Star"],"acts_visited":["Exordium","TheCity"],"potions_floor_usage":[6,7,16,19,20],"damage_taken":[{"damage":0,"enemies":"Small Slimes","floor":1,"turns":1},{"damage":0,"enemies":"Jaw Worm","floor":3,"turns":1},{"damage":0,"enemies":"Cultist","floor":4,"turns":1},{"damage":24,"enemies":"Lagavulin","floor":6,"turns":9},{"damage":3,"enemies":"Large Slime","floor":7,"turns":6},{"damage":17,"enemies":"Exordium Thugs","floor":8,"turns":5},{"damage":26,"enemies":"Blue Slaver","floor":13,"turns":4},{"damage":61,"enemies":"Hexaghost","floor":16,"turns":10},{"damage":53,"enemies":"HollowMod:HuskSentry","floor":18,"turns":6},{"damage":36,"enemies":"Shell Parasite","floor":19,"turns":8},{"damage":38,"enemies":"Snecko","floor":20,"turns":7},{"damage":35,"enemies":"Centurion and Healer","floor":21,"turns":7}],"seed_played":"4604409565829363231","potions_obtained":[{"floor":3,"key":"PowerPotion"},{"floor":6,"key":"Weak Potion"},{"floor":13,"key":"LiquidBronze"},{"floor":16,"key":"Ancient Potion"},{"floor":18,"key":"Energy Potion"}],"is_trial":false,"path_per_floor":["M","?","M","M","$","E","M","M","T","R","$","R","M","?","R","B",null,"M","M","M","M"],"character_chosen":"THE_BUGKNIGHT","items_purchased":["HollowMod:PerfectDash","HollowMod:TaintedHusks","HollowMod:InfectionAssault"],"campfire_rested":1,"item_purchase_floors":[5,11,11],"current_hp_per_floor":[75,68,68,68,68,54,57,40,40,40,40,40,20,45,67,18,75,46,35,23,0,0],"gold":199,"neow_bonus":"THREE_ENEMY_KILL","is_daily":false,"chose_seed":false,"campfire_upgraded":2,"win_rate":0.0,"timestamp":1612101310,"path_taken":["M","?","M","M","$","E","M","M","T","R","$","R","M","?","R","BOSS","M","M","M","M"],"items_purchased_type":["Card","Card","Card"],"build_version":"2020-12-22","purchased_purges":0,"victory":false,"max_hp_per_floor":[75,75,75,75,75,75,75,75,75,75,75,75,75,75,75,75,75,75,75,75,75,75],"relic_stats":{"counters":[12,63],"Ornamental Fan":[28],"Black Star":0,"obtain_stats":[{"NeowsBlessing":0,"Ornamental Fan":9,"HollowMod:VesselMask":0,"Black Star":17,"Bottled Tornado":6,"Mercury Hourglass":2},{"NeowsBlessing":0,"Ornamental Fan":6,"HollowMod:VesselMask":0,"Black Star":8,"Bottled Tornado":4,"Mercury Hourglass":1},{"NeowsBlessing":0,"Ornamental Fan":22,"HollowMod:VesselMask":0,"Black Star":35,"Bottled Tornado":12,"Mercury Hourglass":1}],"Mercury Hourglass":[186]},"card_choices":[{"not_picked":["HollowMod:SoulSplash","HollowMod:MothsMistake"],"picked":"HollowMod:DesolateDive","floor":1},{"not_picked":["HollowMod:GoodIntentions","HollowMod:SiblingsSouls"],"picked":"HollowMod:HowlingWraiths","floor":3},{"not_picked":["HollowMod:NewJinnsSoul","HollowMod:SharpenedNail"],"picked":"HollowMod:SharpenedShadows","floor":4},{"not_picked":["HollowMod:SharpenedNail","HollowMod:LifebloodCocoon","HollowMod:FastStrike"],"picked":"SKIP","floor":6},{"not_picked":["HollowMod:NewJinnsSoul","HollowMod:LifebloodCocoon"],"picked":"HollowMod:MawleksShell","floor":7},{"not_picked":["HollowMod:InfectedAttack","HollowMod:LifebloodCocoon"],"picked":"HollowMod:SlysStrikes","floor":8},{"not_picked":["HollowMod:HeavyBlow","HollowMod:ShapeofUnn"],"picked":"HollowMod:ChannelNail","floor":13},{"not_picked":["HollowMod:HornetsHelp","HollowMod:ZotesMagnificence"],"picked":"HollowMod:Hiveblood","floor":16},{"not_picked":["HollowMod:DashSlash","HollowMod:MawleksShell"],"picked":"HollowMod:DoubleDash","floor":18},{"not_picked":["HollowMod:LifebloodCocoon+1","HollowMod:NewLittleFool"],"picked":"HollowMod:SharpenedNail+1","floor":19},{"not_picked":["HollowMod:MantisMark","HollowMod:CloakDash+1"],"picked":"HollowMod:HeavyBlow+1","floor":20}],"player_experience":132074,"relics_obtained":[{"floor":6,"key":"Bottled Tornado"},{"floor":9,"key":"Ornamental Fan"}],"event_choices":[{"damage_healed":0,"gold_gain":0,"player_choice":"Success","damage_taken":7,"relics_obtained":["Mercury Hourglass"],"max_hp_gain":0,"max_hp_loss":0,"event_name":"Scrap Ooze","floor":2,"gold_loss":0},{"damage_healed":25,"gold_gain":0,"player_choice":"Banana","damage_taken":0,"max_hp_gain":0,"max_hp_loss":0,"event_name":"Big Fish","floor":14,"gold_loss":0}],"is_beta":false,"boss_relics":[{"not_picked":["Astrolabe","Empty Cage"],"picked":"Black Star"}],"items_purged_floors":[],"is_endless":false,"potions_floor_spawned":[3,6,13,16,18],"killed_by":"Centurion and Healer","ascension_level":0}}