{"host":"x5w9zppki4gdwvc7","time":1612115292,"event":{"mods":["AchievementEnabler","BaseMod","Colored Powertips","DeckTracker","Minty Spire (QoL Compilation)","Relic Sorter","SuperFastMode"],"gold_per_floor":[114,114,39,39,39,79,109,109,184,214,214,229,244,144,144,244,244,259,14,14,29,128,128,158,158,158,158,173,203,203,503,503,503,503],"floor_reached":33,"language":"ENG","playtime":3597,"items_purged":["Strike_R","Strike_R","Defend_R"],"score":289,"play_id":"bab87394-7ec5-4c22-8370-cf3b3d645c0e","local_time":"20210131184812","daily_mods":["Allstar","Diverse","Elite Swarm"],"is_ascension_mode":false,"campfire_choices":[{"data":"Burst","floor":8,"key":"SMITH"},{"floor":11,"key":"REST"},{"data":"Wish","floor":15,"key":"SMITH"},{"data":"Barricade","floor":23,"key":"SMITH"},{"data":"Machine Learning","floor":25,"key":"SMITH"},{"data":"Reprogram","floor":27,"key":"SMITH"},{"data":"Entrench","floor":32,"key":"SMITH"}],"circlet_count":0,"master_deck":["Strike_R","Defend_R","Defend_R","Defend_R","Bash","Discovery","Blind+1","Transmutation","Impatience+1","Panacea","Conserve Battery","Wish+1","Impatience","Shrug It Off","Burst+1","DeusExMachina","Reprogram+1","Barricade+1","Footwork","Anger","ClearTheMind","Masterful Stab","SandsOfTime","Machine Learning+1","Entrench+1","Writhe"],"relics":["Burning Blood","Incense Burner","Self Forming Clay","Paper Frog","Bronze Scales","Mark of Pain","Blood Vial","Potion Belt","Toxic Egg 2","Old Coin"],"acts_visited":["Exordium","TheCity"],"potions_floor_usage":[29,29,29,33],"damage_taken":[{"damage":0,"enemies":"Small Slimes","floor":1,"turns":3},{"damage":10,"enemies":"Jaw Worm","floor":6,"turns":6},{"damage":30,"enemies":"Lagavulin","floor":7,"turns":9},{"damage":14,"enemies":"3 Sentries","floor":10,"turns":23},{"damage":0,"enemies":"Cultist","floor":12,"turns":3},{"damage":0,"enemies":"Lots of Slimes","floor":13,"turns":5},{"damage":41,"enemies":"Slime Boss","floor":16,"turns":24},{"damage":14,"enemies":"2 Thieves","floor":18,"turns":5},{"damage":13,"enemies":"Shell Parasite","floor":21,"turns":8},{"damage":26,"enemies":"Gremlin Leader","floor":24,"turns":9},{"damage":7,"enemies":"Shelled Parasite and Fungi","floor":28,"turns":6},{"damage":34,"enemies":"Slavers","floor":29,"turns":7},{"damage":23,"enemies":"Collector","floor":33,"turns":2}],"seed_played":"7510361231737359051","potions_obtained":[{"floor":12,"key":"Ancient Potion"},{"floor":13,"key":"Weak Potion"},{"floor":18,"key":"FearPotion"},{"floor":28,"key":"Strength Potion"}],"is_trial":false,"path_per_floor":["M","?","$","?","?","M","E","R","T","E","R","M","M","$","R","B",null,"M","$","?","M","?","R","E","R","T","R","M","E","?","?","R","B"],"character_chosen":"IRONCLAD","items_purchased":["Footwork","Anger"],"campfire_rested":1,"item_purchase_floors":[19,19],"current_hp_per_floor":[80,62,62,46,46,42,18,18,18,10,34,40,46,46,46,11,80,72,72,72,65,65,65,45,45,45,45,46,20,20,20,20,0,0],"gold":503,"neow_bonus":"","is_daily":true,"chose_seed":false,"campfire_upgraded":6,"win_rate":0.0,"timestamp":1612115292,"path_taken":["M","?","$","?","?","?","E","R","T","E","R","M","?","$","R","BOSS","M","$","?","M","?","R","E","R","T","R","M","E","?","?","R","BOSS"],"items_purchased_type":["Card","Card"],"build_version":"2020-12-22","purchased_purges":3,"victory":false,"max_hp_per_floor":[80,80,80,80,80,80,80,80,80,80,80,80,80,80,80,80,80,80,80,80,80,80,80,80,80,80,80,80,80,80,80,80,80,80],"card_choices":[{"not_picked":["Prostrate","Prepared"],"picked":"Conserve Battery","floor":1},{"not_picked":["Conserve Battery","Protect"],"picked":"Shrug It Off","floor":6},{"not_picked":["Glass Knife","Die Die Die"],"picked":"Burst","floor":7},{"not_picked":["Vault","Fiend Fire"],"picked":"DeusExMachina","floor":10},{"not_picked":["ClearTheMind","Flex"],"picked":"Reprogram","floor":12},{"not_picked":["Genetic Algorithm","Cloak And Dagger","Flying Knee"],"picked":"SKIP","floor":13},{"not_picked":["Machine Learning","Blasphemy"],"picked":"Barricade","floor":16},{"not_picked":["Outmaneuver","BowlingBash","EmptyFist"],"picked":"SKIP","floor":18},{"not_picked":["Uppercut+1","Cleave"],"picked":"SandsOfTime","floor":21},{"not_picked":["Core Surge","Adrenaline"],"picked":"Machine Learning","floor":24},{"not_picked":["Crippling Poison","Flying Knee"],"picked":"Entrench","floor":28},{"not_picked":["Judgement+1","All For One","Bludgeon"],"picked":"SKIP","floor":29}],"player_experience":328019,"relics_obtained":[{"floor":7,"key":"Self Forming Clay"},{"floor":9,"key":"Paper Frog"},{"floor":10,"key":"Bronze Scales"},{"floor":24,"key":"Blood Vial"},{"floor":26,"key":"Potion Belt"},{"floor":29,"key":"Toxic Egg 2"}],"event_choices":[{"damage_healed":0,"gold_gain":0,"player_choice":"Success","damage_taken":18,"relics_obtained":["Incense Burner"],"max_hp_gain":0,"max_hp_loss":0,"event_name":"Scrap Ooze","floor":2,"gold_loss":0},{"damage_healed":0,"gold_gain":0,"player_choice":"Entered Light","damage_taken":16,"max_hp_gain":0,"max_hp_loss":0,"event_name":"Shining Light","floor":4,"gold_loss":0,"cards_upgraded":["Blind","Impatience"]},{"damage_healed":0,"gold_gain":0,"player_choice":"2 cards matched","damage_taken":0,"max_hp_gain":0,"max_hp_loss":0,"event_name":"Match and Keep!","floor":5,"gold_loss":0,"cards_obtained":["Wish","Impatience"]},{"damage_healed":0,"gold_gain":0,"cards_transformed":["Strike_R","Strike_R"],"player_choice":"Became Test Subject","damage_taken":0,"max_hp_gain":0,"max_hp_loss":0,"event_name":"Drug Dealer","floor":20,"gold_loss":0,"cards_obtained":["ClearTheMind","Masterful Stab"]},{"damage_healed":0,"gold_gain":99,"player_choice":"Stole From Cult","damage_taken":0,"max_hp_gain":0,"max_hp_loss":0,"event_name":"Nest","floor":22,"gold_loss":0},{"damage_healed":0,"gold_gain":0,"player_choice":"Ignored","damage_taken":0,"max_hp_gain":0,"max_hp_loss":0,"event_name":"Vampires","floor":30,"gold_loss":0},{"damage_healed":0,"gold_gain":0,"player_choice":"Opened","damage_taken":0,"relics_obtained":["Old Coin"],"max_hp_gain":0,"max_hp_loss":0,"event_name":"The Mausoleum","floor":31,"gold_loss":0,"cards_obtained":["Writhe"]}],"is_beta":false,"boss_relics":[{"not_picked":["SlaversCollar","Sozu"],"picked":"Mark of Pain"}],"items_purged_floors":[3,14,19],"is_endless":false,"potions_floor_spawned":[12,13,18,21,28],"killed_by":"Collector","ascension_level":0}}