{"host":"kpyf5rnb72uwap8k","time":1612069041,"event":{"mods":["AchievementEnabler","BaseMod","Colored Map","Colored Powertips","DeckTracker","Minty Spire (QoL Compilation)","Permanent Neow","Quick Restart","StSLib","SuperFastMode"],"gold_per_floor":[118,138,38,49,49,84,100,133,133,36,55,68,68,84,84,180,180,190,90,110,110],"floor_reached":20,"language":"KOR","playtime":1016,"items_purged":["Strike_G","Strike_G"],"score":207,"play_id":"7c2cb283-bdcc-4f97-8986-298702e18118","local_time":"20210131135721","is_ascension_mode":true,"campfire_choices":[{"floor":15.0,"key":"REST"}],"circlet_count":0,"master_deck":["Strike_G","Strike_G","Defend_G","Defend_G","Defend_G","Defend_G","Defend_G","Survivor","Neutralize","Eviscerate","PiercingWail","Underhanded Strike","Prepared","Acrobatics","Dodge and Roll+1","Flash of Steel","PiercingWail+1","Well Laid Plans","Phantasmal Killer+1","Distraction+1"],"relics":["Ring of the Snake","Pantograph","Toxic Egg 2","Mummified Hand","Busted Crown"],"acts_visited":["Exordium","TheCity"],"potions_floor_usage":[],"damage_taken":[{"damage":0.0,"enemies":"Cultist","floor":1.0,"turns":5.0},{"damage":0.0,"enemies":"2 Louse","floor":2.0,"turns":3.0},{"damage":5.0,"enemies":"Jaw Worm","floor":4.0,"turns":8.0},{"damage":8.0,"enemies":"3 Sentries","floor":6.0,"turns":9.0},{"damage":5.0,"enemies":"2 Fungi Beasts","floor":7.0,"turns":3.0},{"damage":38.0,"enemies":"Lagavulin","floor":8.0,"turns":9.0},{"damage":0.0,"enemies":"3 Louse","floor":11.0,"turns":4.0},{"damage":0.0,"enemies":"Large Slime","floor":12.0,"turns":7.0},{"damage":0.0,"enemies":"Blue Slaver","floor":14.0,"turns":5.0},{"damage":27.0,"enemies":"The Guardian","floor":16.0,"turns":20.0},{"damage":31.0,"enemies":"Chosen","floor":18.0,"turns":8.0},{"damage":28,"enemies":"Spheric Guardian","floor":20,"turns":8}],"seed_played":"-1107712451497175697","potions_obtained":[{"floor":2.0,"key":"SpeedPotion"},{"floor":6.0,"key":"Fruit Juice"},{"floor":7.0,"key":"DuplicationPotion"},{"floor":18.0,"key":"PowerPotion"}],"is_trial":false,"path_per_floor":["M","M","$","M","?","E","M","E","T","$","M","M","?","M","R","B",null,"M","$","M"],"character_chosen":"THE_SILENT","items_purchased":["Underhanded Strike","Flash of Steel"],"campfire_rested":1,"item_purchase_floors":[3,10],"current_hp_per_floor":[70,70,70,65,70,62,57,24,24,24,24,24,24,24,48,46,80,49,49,21,21],"gold":110,"neow_bonus":"REMOVE_CARD","is_daily":false,"chose_seed":false,"campfire_upgraded":0,"win_rate":0.0,"timestamp":1612069041,"path_taken":["M","M","$","?","?","E","M","E","T","$","M","M","?","M","R","BOSS","M","$","M"],"items_purchased_type":["Card","Card"],"build_version":"2020-12-22","purchased_purges":2,"victory":false,"max_hp_per_floor":[70,70,70,70,75,75,75,80,80,80,80,80,80,80,80,80,80,80,80,80,80],"card_choices":[{"not_picked":["Backflip","Distraction"],"picked":"Eviscerate","floor":1.0},{"not_picked":["Sucker Punch","Cloak And Dagger"],"picked":"PiercingWail","floor":2.0},{"not_picked":["Predator","Poisoned Stab"],"picked":"Prepared","floor":4.0},{"not_picked":["Quick Slash","Malaise","Poisoned Stab"],"picked":"SKIP","floor":6.0},{"not_picked":["Caltrops","Bane"],"picked":"Acrobatics","floor":7.0},{"not_picked":["Cloak And Dagger+1","Bane"],"picked":"Dodge and Roll+1","floor":8.0},{"not_picked":["Slice","Terror+1"],"picked":"PiercingWail+1","floor":11.0},{"not_picked":["Dagger Throw","Setup+1","Finisher"],"picked":"SKIP","floor":12.0},{"not_picked":["Sucker Punch","Bane"],"picked":"Well Laid Plans","floor":14.0},{"not_picked":["Adrenaline+1","Die Die Die"],"picked":"Phantasmal Killer+1","floor":16.0},{"not_picked":[],"picked":"Distraction+1","floor":18.0}],"player_experience":246421,"relics_obtained":[{"floor":6.0,"key":"Pantograph"},{"floor":8.0,"key":"Toxic Egg 2"},{"floor":9.0,"key":"Mummified Hand"}],"event_choices":[{"damage_healed":0.0,"max_hp_gain":5.0,"max_hp_loss":0.0,"gold_gain":0.0,"event_name":"Big Fish","player_choice":"Donut","floor":5.0,"gold_loss":0.0,"damage_taken":0.0},{"damage_healed":0.0,"max_hp_gain":0.0,"max_hp_loss":0.0,"gold_gain":0.0,"event_name":"Scrap Ooze","player_choice":"Fled","floor":13.0,"gold_loss":0.0,"damage_taken":0.0}],"is_beta":false,"boss_relics":[{"not_picked":["Runic Dome","Empty Cage"],"picked":"Busted Crown"}],"items_purged_floors":[3,19],"is_endless":false,"potions_floor_spawned":[2,6,7,18],"killed_by":"Spheric Guardian","ascension_level":2}}