{"host":"iejw1f7ltal95128","time":1612133903,"event":{"mods":["2.2 Compatiblity","AchievementEnabler","Act Like it!","BaseMod","Bestiary","Better Note","Better Sensory Stone","Better Third Choice","BetterRewards","Booster Modes","Card Forge","Colored Powertips","Energized Spire","Gremlin Skip","Minty Spire (QoL Compilation)","Pale of the Ancients","Permanent Neow","Relic Sorter","Replay The Spire","Shop Mod","StSLib","Unknown Chances","UnlockEverythingMod"],"gold_per_floor":[110,128,146,221,31,56,56,75,75,100,100,100,119,154,154,257,257,274,254,254,273,633,633,659,659,659,694,707,82,100,119,119,224,224,237,237,253,163,95,123,123,150,174,191,207,234,234,251,251,251,269,288,288,360,360,378,378,0,0,0],"floor_reached":61,"language":"ENG","playtime":6700,"items_purged":["Defend_G","Sickly","Spreading Infection"],"score":2284,"play_id":"1f0f673e-1df1-4573-9d80-a540f25e78a4","local_time":"20210131185823","is_ascension_mode":true,"campfire_choices":[{"data":"Cloak And Dagger","floor":7,"key":"SMITH"},{"floor":11,"key":"REST"},{"data":"After Image","floor":15,"key":"SMITH"},{"floor":23,"key":"REST"},{"data":"Choke","floor":25,"key":"SMITH"},{"data":"Apotheosis","floor":32,"key":"SMITH"},{"floor":41,"key":"RECALL"},{"data":"Accuracy","floor":47,"key":"SMITH"},{"data":"ReplayTheSpireMod:Scrap Shanks","floor":49,"key":"SMITH"},{"data":"Well Laid Plans","floor":55,"key":"SMITH"},{"data":"ReplayTheSpireMod:Faulty Equipment","floor":57,"key":"SMITH"}],"circlet_count":0,"master_deck":["Strike_G+1","Strike_G+1","Strike_G+1","Strike_G+1","Strike_G+1","Defend_G","Defend_G","Defend_G","Survivor","Neutralize","Toxin Wave","After Image+1","Cloak And Dagger+1","Master of Strategy+1","Backflip","Choke+1","Prepared","After Image","Escape Plan+1","ReplayTheSpireMod:Speed Training+1","Hidden Blade+1","Distraction+1","Hidden Blade","A Thousand Cuts+1","Apotheosis+1","Magnetism","Blur+1","Envenom","Cloak And Dagger+1","Accuracy+1","Blade Dance","ReplayTheSpireMod:Scrap Shanks+1","Dagger Throw+1","Well Laid Plans+1","Sadistic Nature","ReplayTheSpireMod:Scrap Shanks"],"relics":["Hammer of Thor","Anvil of the Gods","Seething Fire","ReplayTheSpireMod:Ninjato","energizedSpire:CursedPentagram","Runic Dome","Replay:Ringing Soul","ReplayTheSpireMod:Shallot","Ninja Scroll","Ancient Tea Set","Bottled Tornado","Replay:Bottled Eggs","Kunai","MerchantsRug","Sozu","Meat on the Bone","Gremlin Horn","Smiling Mask","paleoftheancients:Timepiece","paleoftheancients:KeyRelic","Letter Opener","CultistMask","paleoftheancients:SoulOfTheWokeBloke","Onion Ring","ReplayTheSpireMod:CursedCoin","StrikeDummy"],"acts_visited":["Exordium","TheCity","TheBeyond","paleoftheancients:PaleOfTheAncients"],"potions_floor_usage":[24,24],"damage_taken":[{"damage":2,"enemies":"2 Louse","floor":1,"turns":2},{"damage":0,"enemies":"Cultist","floor":2,"turns":3},{"damage":0,"enemies":"Small Slimes","floor":3,"turns":3},{"damage":8,"enemies":"3 Sentries","floor":6,"turns":12},{"damage":0,"enemies":"Red Slaver","floor":8,"turns":3},{"damage":13,"enemies":"Gremlin Nob","floor":10,"turns":4},{"damage":0,"enemies":"Exordium Thugs","floor":13,"turns":3},{"damage":11,"enemies":"Replay:BlueRogue","floor":14,"turns":5},{"damage":29,"enemies":"Slime Boss","floor":16,"turns":13},{"damage":0,"enemies":"2 Thieves","floor":18,"turns":3},{"damage":0,"enemies":"Spheric Guardian","floor":21,"turns":4},{"damage":8,"enemies":"Gremlin Leader","floor":24,"turns":9},{"damage":6,"enemies":"Book of Stabbing","floor":27,"turns":4},{"damage":0,"enemies":"Cultist and Chosen","floor":28,"turns":4},{"damage":0,"enemies":"3 Cultists","floor":30,"turns":4},{"damage":15,"enemies":"Snake Plant","floor":31,"turns":4},{"damage":0,"enemies":"Pondfish","floor":33,"turns":6},{"damage":29,"enemies":"3 Darklings","floor":35,"turns":3},{"damage":0,"enemies":"3 Shapes","floor":37,"turns":4},{"damage":12,"enemies":"Reptomancer","floor":40,"turns":4},{"damage":0,"enemies":"Nemesis","floor":42,"turns":4},{"damage":0,"enemies":"Jaw Worm Horde","floor":44,"turns":2},{"damage":0,"enemies":"4 Shapes","floor":45,"turns":4},{"damage":0,"enemies":"R_Hoarder","floor":46,"turns":6},{"damage":0,"enemies":"Maw","floor":48,"turns":6},{"damage":12,"enemies":"Awakened One","floor":50,"turns":8},{"damage":81,"enemies":"Awakened One","floor":51,"turns":6},{"damage":46,"enemies":"Awakened One","floor":52,"turns":7},{"damage":0,"enemies":"Awakened One","floor":56,"turns":4},{"damage":44,"enemies":"paleoftheancients:N","floor":60,"turns":7}],"seed_played":"1415102253971922525","potions_obtained":[{"floor":2,"key":"FairyPotion"},{"floor":8,"key":"SpeedPotion"},{"floor":10,"key":"SpeedPotion"},{"floor":13,"key":"Poison Potion"},{"floor":18,"key":"Adrenaline Potion"},{"floor":24,"key":"EssenceOfSteel"},{"floor":28,"key":"Weak Potion"}],"is_trial":false,"path_per_floor":["M","M","M","?","$","E","R","M","T","E","R","?","M","E","R","B",null,"M","?","?","M","?","R","E","R","T","E","M","$","M","M","R","B",null,"M","?","M","?","$","E","R","E","T","M","M","E","R","M","R","B","M","M","?","T","R","M","R","$","?","B",null],"character_chosen":"THE_SILENT","items_purchased":["Master of Strategy","A Thousand Cuts","Apotheosis","ReplayTheSpireMod:ShopPack","MerchantsRug","Sadistic Nature","ReplayTheSpireMod:Scrap Shanks","ReplayTheSpireMod:CursedCoin","StrikeDummy"],"campfire_rested":2,"item_purchase_floors":[5,29,29,29,29,58,58,58,58],"current_hp_per_floor":[68,68,68,57,57,49,49,49,49,36,57,54,57,49,49,23,65,68,68,68,71,35,60,55,55,55,52,55,58,61,46,46,49,90,64,67,70,70,70,58,58,58,58,58,61,61,61,64,64,105,81,85,85,85,85,104,104,107,107,95],"gold":0,"neow_bonus":"BOSS_RELIC","is_daily":false,"chose_seed":false,"campfire_upgraded":8,"win_rate":0.0,"timestamp":1612133903,"path_taken":["M","M","M","?","$","E","R","M","T","E","R","?","M","E","R","BOSS","M","?","?","M","?","R","E","R","T","E","M","$","M","M","R","BOSS","M","?","?","?","$","E","R","E","T","M","M","E","R","M","R","BOSS","M","M","?","T","R","M","R","$","?","BOSS"],"items_purchased_type":["Card","Card","Card","Relic","Relic","Card","Card","Relic","Relic"],"build_version":"2020-12-22","purchased_purges":3,"victory":true,"max_hp_per_floor":[70,70,70,70,70,70,70,70,70,70,70,70,73,76,76,79,79,82,82,82,85,85,85,88,88,88,91,94,97,100,100,100,103,103,106,109,112,112,112,112,112,112,112,112,115,115,115,118,118,118,121,121,121,121,121,121,121,124,124,124],"card_choices":[{"not_picked":["Deflect","Poisoned Stab"],"picked":"Toxin Wave","floor":1},{"not_picked":["Dodge and Roll","Acrobatics"],"picked":"After Image","floor":2},{"not_picked":["Quick Slash","Underhanded Strike"],"picked":"Cloak And Dagger","floor":3},{"not_picked":["Caltrops","Poisoned Stab"],"picked":"Backflip","floor":6},{"not_picked":["Deadly Poison","Skewer","Expertise"],"picked":"SKIP","floor":8},{"not_picked":["Acrobatics","Toxin Wave","Underhanded Strike"],"picked":"SKIP","floor":10},{"not_picked":["Quick Slash","Terror"],"picked":"Choke","floor":13},{"not_picked":["Cloak And Dagger","Dash"],"picked":"Prepared","floor":14},{"not_picked":["Grand Finale","Venomology"],"picked":"After Image","floor":16},{"not_picked":["Underhanded Strike","ReplayTheSpireMod:Tripwire+1"],"picked":"Escape Plan+1","floor":18},{"not_picked":["Terror","Slice"],"picked":"ReplayTheSpireMod:Speed Training+1","floor":21},{"not_picked":["Outmaneuver+1","Cloak And Dagger"],"picked":"Hidden Blade+1","floor":24},{"not_picked":["Endless Agony","Bouncing Flask"],"picked":"Distraction+1","floor":27},{"not_picked":["Acrobatics","Dash"],"picked":"Hidden Blade","floor":28},{"not_picked":["Chrysalis","Crow Ritual"],"picked":"Magnetism","floor":29},{"not_picked":["Cloak And Dagger+1","Outmaneuver"],"picked":"Blur+1","floor":30},{"not_picked":["Dagger Throw+1","Slice","Dodge and Roll"],"picked":"SKIP","floor":31},{"not_picked":["After Image","Grand Finale"],"picked":"Envenom","floor":33},{"not_picked":["Deadly Poison+1","Deflect+1"],"picked":"Cloak And Dagger+1","floor":35},{"not_picked":["Dagger Spray","Choke+1"],"picked":"Blade Dance","floor":37},{"not_picked":["Flying Knee+1","Acrobatics+1","Bane+1"],"picked":"SKIP","floor":40},{"not_picked":["Cloak And Dagger+1","Noxious Fumes+1","Choke+1"],"picked":"SKIP","floor":42},{"not_picked":["After Image","Sucker Punch","Quick Slash"],"picked":"SKIP","floor":44},{"not_picked":["Underhanded Strike","Bane+1"],"picked":"ReplayTheSpireMod:Scrap Shanks","floor":45},{"not_picked":["ReplayTheSpireMod:From All Sides","Acrobatics","Sucker Punch"],"picked":"SKIP","floor":46},{"not_picked":["Acrobatics+1","Deadly Poison"],"picked":"Dagger Throw+1","floor":48},{"not_picked":["Terror","Skewer"],"picked":"Well Laid Plans","floor":51},{"not_picked":["Dodge and Roll","Deadly Poison","Distraction+1"],"picked":"SKIP","floor":52},{"not_picked":["Caltrops+1","Slice+1","Blade Dance"],"picked":"SKIP","floor":56}],"player_experience":422726,"relics_obtained":[{"floor":6,"key":"ReplayTheSpireMod:Ninjato"},{"floor":9,"key":"Replay:Ringing Soul"},{"floor":10,"key":"ReplayTheSpireMod:Shallot"},{"floor":14,"key":"Ancient Tea Set"},{"floor":24,"key":"Bottled Tornado"},{"floor":26,"key":"Replay:Bottled Eggs"},{"floor":27,"key":"Kunai"},{"floor":40,"key":"Meat on the Bone"},{"floor":42,"key":"Gremlin Horn"},{"floor":46,"key":"Smiling Mask"},{"floor":51,"key":"paleoftheancients:SoulOfTheWokeBloke"},{"floor":54,"key":"Onion Ring"}],"event_choices":[{"damage_healed":0,"gold_gain":75,"player_choice":"Gold","damage_taken":11,"max_hp_gain":0,"max_hp_loss":0,"event_name":"betterThird:BetterGoop","floor":4,"gold_loss":0},{"damage_healed":0,"gold_gain":0,"player_choice":"Relic ","damage_taken":3,"max_hp_gain":0,"max_hp_loss":0,"event_name":"betterThird:BetterScrap","floor":12,"gold_loss":0,"cards_obtained":["Time Bomb"]},{"damage_healed":0,"gold_gain":0,"player_choice":"Bought 1 Potion","damage_taken":0,"max_hp_gain":0,"max_hp_loss":0,"event_name":"The Woman in Blue","floor":19,"gold_loss":0},{"cards_removed":["Cloak And Dagger"],"damage_healed":0,"gold_gain":0,"player_choice":"Give","damage_taken":0,"max_hp_gain":0,"max_hp_loss":0,"event_name":"betterNote:BetterNote","floor":20,"gold_loss":0,"cards_obtained":["None"]},{"damage_healed":0,"gold_gain":360,"player_choice":"GOLD GOLD GOLD GOLD ","damage_taken":36,"max_hp_gain":0,"max_hp_loss":0,"event_name":"Knowing Skull","floor":22,"potions_obtained":[],"gold_loss":0,"cards_obtained":[]},{"damage_healed":0,"gold_gain":0,"cards_transformed":["Defend_G"],"player_choice":"Transformed","damage_taken":0,"max_hp_gain":0,"max_hp_loss":0,"event_name":"Transmorgrifier","floor":36,"gold_loss":0,"cards_obtained":["Accuracy"]},{"cards_removed":["Looming Evil"],"damage_healed":0,"gold_gain":0,"player_choice":"Upgrade and Remove","damage_taken":0,"max_hp_gain":0,"max_hp_loss":0,"event_name":"Designer","floor":38,"gold_loss":90,"cards_upgraded":["Master of Strategy"]},{"damage_healed":0,"gold_gain":0,"player_choice":"Upgraded","damage_taken":0,"max_hp_gain":0,"max_hp_loss":0,"event_name":"Upgrade Shrine","floor":53,"gold_loss":0,"cards_upgraded":["A Thousand Cuts"]}],"is_beta":false,"boss_relics":[{"not_picked":["energizedSpire:DeadBattery","Pandora\u0027s Box"],"picked":"energizedSpire:CursedPentagram"},{"not_picked":["HoveringKite","Velvet Choker"],"picked":"Sozu"}],"items_purged_floors":[29,39,58],"is_endless":false,"potions_floor_spawned":[2,8,10,13,18,24,28,40,42,51],"ascension_level":5}}