{"host":"d54lcqy5t45er8jx","time":1612104212,"event":{"mods":["2.2 Compatiblity","BaseMod","CapriCore","Defuse TimeMaze Blight","Hermit","Hubris","Infinite Spire","Marisa£¨Ùöéë¡¡Øª×âÞÞ£©","Minty Spire (QoL Compilation)","Rare Cards Sparkle","Relic Stats","StSLib","The Animator","The Cursed","The Immortal","The Servant 0.9.4","WarShipGirlsR/??á´Ò³R mod"],"gold_per_floor":[109,129,129,148,148,177,177,203,226,226,246,277,46,46,46,46,46],"floor_reached":16,"language":"ENG","playtime":580,"items_purged":["FlyingSleeves"],"score":343,"play_id":"de0a680c-b668-4508-8614-71abfa554060","local_time":"20210131234332","daily_mods":["Draft","Insanity","Heirloom","DeadlyEvents","Elite Swarm","Lethality","Uncertain Future"],"is_ascension_mode":false,"campfire_choices":[{"data":"MentalFortress","floor":7,"key":"SMITH"},{"data":"Indignation","floor":10,"key":"SMITH"},{"floor":15,"key":"REST"}],"circlet_count":0,"master_deck":["Indignation+1","Consecrate","Nirvana","SashWhip","CrushJoints","Weave","Crescendo","Vengeance","Weave","Collect","SignatureMove","ClearTheMind","WreathOfFlame","Tantrum","CrushJoints","CrushJoints","Nirvana","Indignation+1","FlyingSleeves","SandsOfTime","Halt","WreathOfFlame","PathToVictory","FlurryOfBlows","Protect","Wireheading","SandsOfTime","EmptyBody","FollowUp","Tantrum","EmptyBody","Consecrate","ForeignInfluence","Halt","EmptyBody","Pray","Wallop","Meditate+1","CrushJoints+1","Halt","CrushJoints","EmptyMind","EmptyMind","BattleHymn","Prostrate+1","BowlingBash","JustLucky","Wallop","Nirvana","FlurryOfBlows","Crescendo","JustLucky","FollowUp","Consecrate","EmptyFist","EmptyBody","InnerPeace","Crescendo","MentalFortress+1","Consecrate","FlurryOfBlows","Prostrate","Crescendo","Evaluate","TalkToTheHand","LessonLearned","Scrawl","EmptyFist","Omniscience","ClearTheMind"],"relics":["PureWater","hubris:GlazedTorus","Dream Catcher","War Paint","Bag of Marbles","infinitespire:Lucky Rock","Mercury Hourglass","Orrery","Golden Idol"],"acts_visited":["Exordium"],"potions_floor_usage":[12,16],"damage_taken":[{"damage":2,"enemies":"2 Louse","floor":1,"turns":2},{"damage":1,"enemies":"Jaw Worm","floor":2,"turns":2},{"damage":12,"enemies":"Small Slimes","floor":4,"turns":2},{"damage":0,"enemies":"Lagavulin","floor":6,"turns":4},{"damage":11,"enemies":"3 Sentries","floor":8,"turns":3},{"damage":5,"enemies":"3 Louse","floor":11,"turns":3},{"damage":12,"enemies":"Lagavulin","floor":12,"turns":6}],"seed_played":"5320140722861293556","potions_obtained":[{"floor":1,"key":"Ancient Potion"},{"floor":4,"key":"Weak Potion"},{"floor":6,"key":"Block Potion"}],"is_trial":true,"path_per_floor":["M","M","?","M","T","E","R","E","T","R","M","E","$","?","R","B"],"character_chosen":"WATCHER","items_purchased":["Orrery"],"campfire_rested":1,"item_purchase_floors":[13],"current_hp_per_floor":[70,69,69,57,57,57,57,46,46,46,41,29,29,11,32,0,0],"gold":46,"neow_bonus":"","is_daily":false,"chose_seed":false,"campfire_upgraded":2,"win_rate":0.0,"timestamp":1612104212,"path_taken":["M","M","?","M","?","E","R","E","T","R","M","E","$","?","R","BOSS"],"items_purchased_type":["Relic"],"build_version":"2020-12-22","purchased_purges":1,"victory":false,"max_hp_per_floor":[72,72,72,72,72,72,72,72,72,72,72,72,72,72,72,72,72],"relic_stats":{"Dream Catcher":1,"counters":[8,29],"Golden Idol":0,"War Paint":["Prostrate","Meditate"],"obtain_stats":[{"Dream Catcher":5,"Golden Idol":14,"Orrery":13,"Bag of Marbles":8,"infinitespire:Lucky Rock":9,"PureWater":0,"War Paint":6,"hubris:GlazedTorus":0,"Mercury Hourglass":12},{"Dream Catcher":3,"Golden Idol":7,"Orrery":7,"Bag of Marbles":5,"infinitespire:Lucky Rock":5,"PureWater":0,"War Paint":4,"hubris:GlazedTorus":0,"Mercury Hourglass":7},{"Dream Catcher":6,"Golden Idol":22,"Orrery":22,"Bag of Marbles":13,"infinitespire:Lucky Rock":13,"PureWater":0,"War Paint":10,"hubris:GlazedTorus":0,"Mercury Hourglass":22}],"Mercury Hourglass":[18]},"card_choices":[{"not_picked":["WindmillStrike","BowlingBash"],"picked":"FlurryOfBlows","floor":0},{"not_picked":["SashWhip","FollowUp"],"picked":"Crescendo","floor":0},{"not_picked":["Swivel","Worship"],"picked":"JustLucky","floor":0},{"not_picked":["Sanctity","WaveOfTheHand"],"picked":"FollowUp","floor":0},{"not_picked":["FlyingSleeves","Halt"],"picked":"Consecrate","floor":0},{"not_picked":["LikeWater","PathToVictory"],"picked":"EmptyFist","floor":0},{"not_picked":["Evaluate","CarveReality"],"picked":"EmptyBody","floor":0},{"not_picked":["BowlingBash","Vengeance"],"picked":"InnerPeace","floor":0},{"not_picked":["FollowUp","WheelKick"],"picked":"Crescendo","floor":0},{"not_picked":["Fasting2","Evaluate"],"picked":"MentalFortress","floor":0},{"not_picked":["Perseverance","Sanctity"],"picked":"Consecrate","floor":0},{"not_picked":["Vengeance","SashWhip"],"picked":"FlurryOfBlows","floor":0},{"not_picked":["Protect","SandsOfTime"],"picked":"Prostrate","floor":0},{"not_picked":["Consecrate","CrushJoints"],"picked":"Crescendo","floor":0},{"not_picked":["BowlingBash","SandsOfTime"],"picked":"Evaluate","floor":0},{"not_picked":["Halt","Prostrate"],"picked":"TalkToTheHand","floor":1},{"not_picked":["Protect","WheelKick","WaveOfTheHand"],"picked":"SKIP","floor":2},{"not_picked":["Prostrate","EmptyBody","ThirdEye"],"picked":"SKIP","floor":4},{"not_picked":["Wish","Judgement","Devotion"],"picked":"SKIP","floor":6},{"not_picked":["Blasphemy","Establishment"],"picked":"LessonLearned","floor":8},{"not_picked":["BowlingBash","WreathOfFlame","FlyingSleeves"],"picked":"SKIP","floor":11},{"not_picked":["SpiritShield","Establishment"],"picked":"Scrawl","floor":12},{"not_picked":["Evaluate","FlyingSleeves"],"picked":"EmptyFist","floor":13},{"not_picked":["EmptyBody","Prostrate"],"picked":"Omniscience","floor":13},{"not_picked":["Crescendo","FlyingSleeves"],"picked":"ClearTheMind","floor":13}],"player_experience":983650,"relics_obtained":[{"floor":5,"key":"Dream Catcher"},{"floor":6,"key":"War Paint"},{"floor":8,"key":"Bag of Marbles"},{"floor":9,"key":"infinitespire:Lucky Rock"},{"floor":12,"key":"Mercury Hourglass"}],"event_choices":[{"damage_healed":0,"gold_gain":0,"player_choice":"Grow","damage_taken":0,"max_hp_gain":0,"max_hp_loss":0,"event_name":"Living Wall","floor":3,"gold_loss":0,"cards_upgraded":["Indignation"]},{"damage_healed":0,"gold_gain":0,"player_choice":"Take Damage","damage_taken":18,"relics_obtained":["Golden Idol"],"max_hp_gain":0,"max_hp_loss":0,"event_name":"Golden Idol","floor":14,"gold_loss":0}],"is_beta":false,"boss_relics":[],"items_purged_floors":[13],"is_endless":false,"potions_floor_spawned":[1,4,6,11],"killed_by":"The Guardian","ascension_level":0}}