{"host":"8i4doyxqctgl5qb0","time":1612110940,"event":{"mods":["AchievementEnabler","BaseMod","Block Reminder","Colored Powertips","Downfall","Minty Spire (QoL Compilation)","Permanent Neow","Potion Indicator Mod","Rare Cards Sparkle","StSLib","SuperFastMode","The Jungle"],"gold_per_floor":[110,34,51,51,69,69,87,87,87,87,97,97,97,113,113,212,212,222,68,68,68,87,115,115,115,115,115,40,54,65,78,78,180,180,190,33,33,43,43,43,43,55,82,82,82,108,123,139,139,139,139],"floor_reached":50,"language":"ZHS","playtime":1091,"items_purged":["Strike_B"],"score":701,"play_id":"f81a2daf-11ba-4722-b9f6-f22183773ce4","local_time":"20210201003540","is_ascension_mode":true,"campfire_choices":[{"data":"White Noise","floor":6.0,"key":"SMITH"},{"data":"Zap","floor":8.0,"key":"SMITH"},{"data":"Dualcast","floor":10.0,"key":"SMITH"},{"data":"Rip and Tear","floor":12.0,"key":"SMITH"},{"data":"Melter","floor":15.0,"key":"SMITH"},{"floor":24.0,"key":"REST"},{"data":"Electrodynamics","floor":27.0,"key":"SMITH"},{"floor":32.0,"key":"REST"},{"floor":40.0,"key":"REST"},{"data":"Defragment","floor":41.0,"key":"SMITH"},{"data":"Loop","floor":44.0,"key":"SMITH"},{"data":"J.A.X.","floor":45.0,"key":"SMITH"},{"floor":49.0,"key":"REST"}],"circlet_count":0,"master_deck":["AscendersBane","Strike_B","Strike_B","Defend_B","Defend_B","Zap+1","Dualcast+1","Melter+1","Self Repair","White Noise+1","Rip and Tear+1","BootSequence","Leap","Cold Snap","Electrodynamics+1","Static Discharge+1","Loop+1","Conserve Battery","Barrage+1","J.A.X.+1","Defragment+1","Core Surge","Leap+1","Sunder+1","Rip and Tear","Force Field+1","Chill+1","Parasite","Consume"],"relics":["Cracked Core","WingedGreaves","Calipers","Inserter","Lizard Tail","Vajra","Unceasing Top","Philosopher\u0027s Stone","OrangePellets","Bronze Scales","Toy Ornithopter"],"acts_visited":["Exordium","TheCity","TheBeyond"],"potions_floor_usage":[50],"damage_taken":[{"damage":3.0,"enemies":"Jaw Worm","floor":1.0,"turns":4.0},{"damage":6.0,"enemies":"2 Louse","floor":3.0,"turns":3.0},{"damage":1.0,"enemies":"Cultist","floor":5.0,"turns":3.0},{"damage":0.0,"enemies":"2 Fungi Beasts","floor":7.0,"turns":2.0},{"damage":1.0,"enemies":"Looter","floor":11.0,"turns":3.0},{"damage":0.0,"enemies":"Blue Slaver","floor":14.0,"turns":3.0},{"damage":49.0,"enemies":"Hexaghost","floor":16.0,"turns":12.0},{"damage":0.0,"enemies":"Chosen","floor":18.0,"turns":4.0},{"damage":11.0,"enemies":"Shell Parasite","floor":22.0,"turns":3.0},{"damage":32.0,"enemies":"Slavers","floor":23.0,"turns":4.0},{"damage":18.0,"enemies":"Shelled Parasite and Fungi","floor":29.0,"turns":3.0},{"damage":14.0,"enemies":"Centurion and Healer","floor":30.0,"turns":4.0},{"damage":20.0,"enemies":"Snake Plant","floor":31.0,"turns":4.0},{"damage":59.0,"enemies":"Champ","floor":33.0,"turns":10.0},{"damage":8.0,"enemies":"Orb Walker","floor":35.0,"turns":3.0},{"damage":10.0,"enemies":"3 Shapes","floor":38.0,"turns":4.0},{"damage":20.0,"enemies":"Spire Growth","floor":42.0,"turns":5.0},{"damage":40.0,"enemies":"4 Shapes","floor":47.0,"turns":4.0},{"damage":8.0,"enemies":"Writhing Mass","floor":48.0,"turns":5.0},{"damage":87,"enemies":"Donu and Deca","floor":50,"turns":5}],"seed_played":"3716971449310635208","potions_obtained":[{"floor":1.0,"key":"Swift Potion"},{"floor":5.0,"key":"EssenceOfSteel"},{"floor":13.0,"key":"LiquidMemories"},{"floor":13.0,"key":"LiquidMemories"},{"floor":16.0,"key":"PowerPotion"},{"floor":18.0,"key":"Dexterity Potion"},{"floor":22.0,"key":"Regen Potion"},{"floor":33.0,"key":"Block Potion"},{"floor":35.0,"key":"PotionOfCapacity"},{"floor":47.0,"key":"DistilledChaos"}],"is_trial":false,"path_per_floor":["M","$","M","?","M","R","M","R","T","R","M","R","?","M","R","B",null,"M","$","?","?","M","E","R","?","T","R","?","M","M","M","R","B",null,"M","$","?","M","?","R","R","M","T","R","R","T","M","M","R","B"],"character_chosen":"DEFECT","items_purchased":["Self Repair","Loop","OrangePellets"],"campfire_rested":4,"item_purchase_floors":[2,19,36],"current_hp_per_floor":[47,47,48,48,54,54,54,54,54,54,60,60,60,67,67,25,63,70,70,70,70,66,41,63,63,63,63,63,45,38,25,47,10,59,51,51,51,48,48,70,70,57,57,57,57,57,24,21,43,0,0],"gold":139,"neow_bonus":"ONE_RARE_RELIC","is_daily":false,"chose_seed":false,"campfire_upgraded":9,"win_rate":0.0,"timestamp":1612110940,"path_taken":["M","$","M","?","M","R","M","R","T","R","M","R","?","?","R","BOSS","M","$","?","?","M","E","R","?","T","R","?","M","M","M","R","BOSS","M","$","?","M","?","R","R","?","T","R","R","?","M","M","R","BOSS"],"items_purchased_type":["Card","Card","Relic"],"build_version":"2020-12-22","purchased_purges":1,"victory":false,"max_hp_per_floor":[75,75,75,75,75,75,75,75,75,75,75,75,75,75,75,75,75,75,75,75,75,75,75,75,75,75,75,75,75,75,75,75,75,75,75,75,75,75,75,75,75,75,75,75,75,75,75,75,75,75,75],"card_choices":[{"not_picked":["Genetic Algorithm","Turbo"],"picked":"Melter","floor":1.0},{"not_picked":["Genetic Algorithm","Hello World"],"picked":"White Noise","floor":3.0},{"not_picked":["Ball Lightning","Aggregate","Rebound"],"picked":"SKIP","floor":5.0},{"not_picked":["Doom and Gloom","Reinforced Body"],"picked":"BootSequence","floor":7.0},{"not_picked":["Streamline","Darkness"],"picked":"Leap","floor":11.0},{"not_picked":["Melter","Stack"],"picked":"Cold Snap","floor":14.0},{"not_picked":["Core Surge","Reboot"],"picked":"Electrodynamics","floor":16.0},{"not_picked":["Hologram+1","Streamline"],"picked":"Static Discharge+1","floor":18.0},{"not_picked":["Coolheaded+1","Tempest"],"picked":"Conserve Battery","floor":22.0},{"not_picked":["Conserve Battery","Gash+1"],"picked":"Barrage+1","floor":23.0},{"not_picked":["Scrape","Rebound"],"picked":"Go for the Eyes","floor":29.0},{"not_picked":["Stack+1","Coolheaded"],"picked":"Defragment","floor":30.0},{"not_picked":["Compile Driver","Coolheaded+1","Sweeping Beam+1"],"picked":"SKIP","floor":31.0},{"not_picked":["Multi-Cast","Fission"],"picked":"Core Surge","floor":33.0},{"not_picked":["Streamline+1","Gash+1"],"picked":"Leap+1","floor":35.0},{"not_picked":["Rebound","Melter+1"],"picked":"Sunder+1","floor":38.0},{"not_picked":["Double Energy+1","Storm+1"],"picked":"Force Field+1","floor":42.0},{"not_picked":["Sweeping Beam+1","Double Energy"],"picked":"Chill+1","floor":47.0},{"not_picked":["Cold Snap","Hologram"],"picked":"Consume","floor":48.0}],"player_experience":262103,"relics_obtained":[{"floor":9.0,"key":"Calipers"},{"floor":23.0,"key":"Vajra"},{"floor":26.0,"key":"Unceasing Top"},{"floor":43.0,"key":"Bronze Scales"},{"floor":46.0,"key":"Toy Ornithopter"}],"event_choices":[{"damage_healed":0.0,"max_hp_gain":0.0,"max_hp_loss":0.0,"gold_gain":0.0,"cards_transformed":["Strike_B"],"event_name":"Living Wall","player_choice":"Change","floor":4.0,"gold_loss":0.0,"damage_taken":0.0,"cards_obtained":["Rip and Tear"]},{"damage_healed":0.0,"max_hp_gain":0.0,"max_hp_loss":0.0,"gold_gain":0.0,"event_name":"Lab","player_choice":"Got Potions","floor":13.0,"gold_loss":0.0,"damage_taken":0.0},{"damage_healed":0.0,"max_hp_gain":0.0,"max_hp_loss":0.0,"gold_gain":0.0,"event_name":"Addict","player_choice":"Stole Relic","floor":20.0,"gold_loss":0.0,"damage_taken":0.0,"relics_obtained":["Lizard Tail"],"cards_obtained":["Shame"]},{"cards_removed":["Shame"],"damage_healed":0.0,"max_hp_gain":0.0,"max_hp_loss":0.0,"gold_gain":0.0,"event_name":"Back to Basics","player_choice":"Elegance","floor":21.0,"gold_loss":0.0,"damage_taken":0.0},{"damage_healed":0.0,"max_hp_gain":0.0,"max_hp_loss":0.0,"gold_gain":0.0,"event_name":"Drug Dealer","player_choice":"Obtain J.A.X.","floor":25.0,"gold_loss":0.0,"damage_taken":0.0,"cards_obtained":["J.A.X."]},{"cards_removed":["Defend_B"],"damage_healed":0.0,"max_hp_gain":0.0,"max_hp_loss":0.0,"gold_gain":0.0,"event_name":"Beggar","player_choice":"Gave Gold","floor":28.0,"gold_loss":75.0,"damage_taken":0.0},{"cards_removed":["Go for the Eyes"],"damage_healed":0.0,"max_hp_gain":0.0,"max_hp_loss":0.0,"gold_gain":0.0,"event_name":"Falling","player_choice":"Removed Attack","floor":37.0,"gold_loss":0.0,"damage_taken":0.0},{"damage_healed":0.0,"max_hp_gain":0.0,"max_hp_loss":0.0,"gold_gain":0.0,"cards_transformed":["Defend_B"],"event_name":"Transmorgrifier","player_choice":"Transformed","floor":39.0,"gold_loss":0.0,"damage_taken":0.0,"cards_obtained":["Rip and Tear"]}],"is_beta":false,"boss_relics":[{"not_picked":["Velvet Choker","Pandora\u0027s Box"],"picked":"Inserter"},{"not_picked":["Sozu","Cursed Key"],"picked":"Philosopher\u0027s Stone"}],"items_purged_floors":[19],"is_endless":false,"potions_floor_spawned":[1,5,14,16,18,22,33,35,47],"killed_by":"Donu and Deca","ascension_level":11}}