{"host":"z94nnvkgi5lm5f4m","time":1612081711,"event":{"mods":["AchievementEnabler","BaseMod","Colored Map","Colored Powertips","Minty Spire (QoL Compilation)"],"gold_per_floor":[111,131,56,72,247,61,136,161,188,148,160,16,26,39,39,142,192,210,59,69,69,0,0,28,28,28,28,41,41,41,41,41,144,144,162,181,231,241,241,241,273,273,273,286,134,134,134,146,146,146,146],"floor_reached":50,"language":"ENG","playtime":3700,"items_purged":["Strike_B","Doubt"],"score":488,"play_id":"778df510-21f4-4887-b8c4-f400e762f0d1","local_time":"20210131002831","is_ascension_mode":false,"campfire_choices":[{"floor":15.0,"key":"REST"},{"floor":23.0,"key":"REST"},{"floor":25.0,"key":"REST"},{"data":"Conserve Battery","floor":27.0,"key":"SMITH"},{"floor":32.0,"key":"REST"},{"floor":40.0,"key":"REST"},{"floor":42.0,"key":"REST"},{"data":"Scrape","floor":46.0,"key":"SMITH"},{"floor":49.0,"key":"REST"}],"circlet_count":0,"master_deck":["Strike_B","Defend_B","Defend_B","Defend_B","Zap","Dualcast","Gash","Sweeping Beam+1","Blind","Steam Power","Beam Cell","Go for the Eyes","Self Repair","Conserve Battery+1","Gash","Undo+1","Capacitor+1","Buffer+1","FTL+1","Scrape+1","All For One","Steam Power+1","Panacea","White Noise+1"],"relics":["Cracked Core","NeowsBlessing","Omamori","Bronze Scales","Lantern","Tiny House","PreservedInsect","Nilry\u0027s Codex","Bottled Lightning","Singing Bowl","Happy Flower","Astrolabe","StoneCalendar","InkBottle","Bag of Marbles","Sling"],"acts_visited":["Exordium","TheCity","TheBeyond"],"potions_floor_usage":[50],"damage_taken":[{"damage":0.0,"enemies":"Cultist","floor":1.0,"turns":1.0},{"damage":0.0,"enemies":"Jaw Worm","floor":2.0,"turns":1.0},{"damage":0.0,"enemies":"2 Louse","floor":4.0,"turns":1.0},{"damage":51.0,"enemies":"3 Sentries","floor":8.0,"turns":9.0},{"damage":2.0,"enemies":"Looter","floor":11.0,"turns":3.0},{"damage":0.0,"enemies":"Exordium Thugs","floor":13.0,"turns":3.0},{"damage":0.0,"enemies":"2 Fungi Beasts","floor":14.0,"turns":3.0},{"damage":66.0,"enemies":"Slime Boss","floor":16.0,"turns":13.0},{"damage":14.0,"enemies":"2 Thieves","floor":18.0,"turns":4.0},{"damage":7.0,"enemies":"3 Byrds","floor":20.0,"turns":3.0},{"damage":31.0,"enemies":"Gremlin Leader","floor":24.0,"turns":6.0},{"damage":15.0,"enemies":"Snake Plant","floor":28.0,"turns":4.0},{"damage":109.0,"enemies":"Collector","floor":33.0,"turns":13.0},{"damage":9.0,"enemies":"Orb Walker","floor":35.0,"turns":5.0},{"damage":30.0,"enemies":"3 Shapes","floor":36.0,"turns":4.0},{"damage":4.0,"enemies":"Mind Bloom Boss Battle","floor":37.0,"turns":8.0},{"damage":7.0,"enemies":"Spire Growth","floor":38.0,"turns":6.0},{"damage":54.0,"enemies":"Nemesis","floor":41.0,"turns":7.0},{"damage":0.0,"enemies":"Jaw Worm Horde","floor":44.0,"turns":3.0},{"damage":41.0,"enemies":"4 Shapes","floor":48.0,"turns":5.0},{"damage":70,"enemies":"Donu and Deca","floor":50,"turns":10}],"seed_played":"-4968405455950494675","potions_obtained":[{"floor":10.0,"key":"FairyPotion"},{"floor":10.0,"key":"Swift Potion"},{"floor":10.0,"key":"Block Potion"},{"floor":11.0,"key":"FairyPotion"},{"floor":13.0,"key":"Regen Potion"},{"floor":16.0,"key":"EntropicBrew"},{"floor":17.0,"key":"Dexterity Potion"},{"floor":30.0,"key":"EntropicBrew"},{"floor":30.0,"key":"EssenceOfDarkness"},{"floor":33.0,"key":"SkillPotion"},{"floor":35.0,"key":"Swift Potion"},{"floor":37.0,"key":"SkillPotion"},{"floor":38.0,"key":"Regen Potion"},{"floor":41.0,"key":"BlessingOfTheForge"}],"is_trial":false,"path_per_floor":["M","M","$","M","?","$","?","E","T","?","M","$","M","M","R","B",null,"M","$","M","?","$","R","E","R","T","R","M","?","?","$","R","B",null,"M","M","?","M","?","R","E","R","T","M","$","R","?","M","R","B"],"character_chosen":"DEFECT","items_purchased":["Blind","Lantern","PreservedInsect","Self Repair","Sling"],"campfire_rested":7,"item_purchase_floors":[6,12,19,22,45],"current_hp_per_floor":[75,75,75,75,75,75,64,13,13,13,11,11,11,20,42,2,80,66,66,59,43,43,67,43,67,67,67,59,59,59,59,80,10,82,80,57,62,55,55,80,40,65,65,74,74,74,74,40,65,0,0],"gold":146,"neow_bonus":"THREE_ENEMY_KILL","is_daily":false,"chose_seed":false,"campfire_upgraded":2,"win_rate":0.0,"timestamp":1612081711,"path_taken":["M","M","$","?","?","$","?","E","T","?","?","$","M","M","R","BOSS","M","$","M","?","$","R","E","R","T","R","M","?","?","$","R","BOSS","M","?","?","M","?","R","E","R","T","M","$","R","?","M","R","BOSS"],"items_purchased_type":["Card","Relic","Relic","Card","Relic"],"build_version":"2020-12-22","purchased_purges":2,"victory":false,"max_hp_per_floor":[75,75,75,75,75,75,75,75,75,75,75,75,75,75,75,75,80,80,80,80,80,80,80,80,80,80,80,80,80,80,80,80,82,82,82,82,84,84,84,84,84,84,84,86,86,86,86,86,86,86,86],"card_choices":[{"not_picked":["Heatsinks","Hologram"],"picked":"Gash","floor":1.0},{"not_picked":["Cold Snap","Defragment","Redo"],"picked":"SKIP","floor":2.0},{"not_picked":["Gash","Streamline"],"picked":"Sweeping Beam","floor":4.0},{"not_picked":["Skim","Streamline"],"picked":"Steam Power","floor":8.0},{"not_picked":["Undo","Go for the Eyes","Skim"],"picked":"SKIP","floor":11.0},{"not_picked":["Chill","Compile Driver","Chaos"],"picked":"SKIP","floor":13.0},{"not_picked":["Stack","Hologram"],"picked":"Beam Cell","floor":14.0},{"not_picked":["Cold Snap","Rebound","Skim+1"],"picked":"SKIP","floor":18.0},{"not_picked":["Storm","Rebound"],"picked":"Go for the Eyes","floor":20.0},{"not_picked":["Doom and Gloom+1","Coolheaded"],"picked":"Conserve Battery","floor":24.0},{"not_picked":["Coolheaded","Rip and Tear"],"picked":"Gash","floor":28.0},{"not_picked":["Amplify","Buffer","Electrodynamics"],"picked":"Singing Bowl","floor":33.0},{"not_picked":["Stack","Coolheaded"],"picked":"FTL+1","floor":35.0},{"not_picked":["Reinforced Body","Coolheaded"],"picked":"Scrape","floor":36.0},{"not_picked":["Lockon","Go for the Eyes","Compile Driver+1"],"picked":"Singing Bowl","floor":37.0},{"not_picked":["Gash+1","Conserve Battery"],"picked":"All For One","floor":38.0},{"not_picked":["Ball Lightning+1","Compile Driver"],"picked":"Steam Power+1","floor":41.0},{"not_picked":["Lockon+1","Go for the Eyes+1","Conserve Battery"],"picked":"Singing Bowl","floor":44.0},{"not_picked":["Mind Blast","The Bomb"],"picked":"Panacea","floor":47.0},{"not_picked":["Streamline","Barrage"],"picked":"White Noise+1","floor":48.0}],"player_experience":75811,"relics_obtained":[{"floor":8.0,"key":"Omamori"},{"floor":9.0,"key":"Bronze Scales"},{"floor":21.0,"key":"Nilry\u0027s Codex"},{"floor":24.0,"key":"Bottled Lightning"},{"floor":26.0,"key":"Singing Bowl"},{"floor":37.0,"key":"StoneCalendar"},{"floor":41.0,"key":"InkBottle"},{"floor":43.0,"key":"Bag of Marbles"}],"event_choices":[{"damage_healed":0.0,"max_hp_gain":0.0,"max_hp_loss":0.0,"gold_gain":175.0,"event_name":"Liars Game","player_choice":"AGREE","floor":5.0,"gold_loss":0.0,"damage_taken":0.0,"cards_obtained":["Doubt"]},{"damage_healed":0.0,"max_hp_gain":0.0,"max_hp_loss":0.0,"gold_gain":75.0,"event_name":"World of Goop","player_choice":"Gather Gold","floor":7.0,"gold_loss":0.0,"damage_taken":11.0},{"damage_healed":0.0,"max_hp_gain":0.0,"max_hp_loss":0.0,"gold_gain":0.0,"event_name":"The Woman in Blue","player_choice":"Bought 3 Potions","floor":10.0,"gold_loss":0.0,"damage_taken":0.0},{"damage_healed":0.0,"max_hp_gain":0.0,"max_hp_loss":0.0,"gold_gain":0.0,"event_name":"Cursed Tome","player_choice":"Obtained Book","floor":21.0,"gold_loss":0.0,"damage_taken":16.0},{"damage_healed":0.0,"max_hp_gain":0.0,"max_hp_loss":0.0,"gold_gain":0.0,"event_name":"Addict","player_choice":"Stole Relic","floor":29.0,"gold_loss":0.0,"damage_taken":0.0,"relics_obtained":["Happy Flower"],"cards_obtained":["Shame"]},{"damage_healed":0.0,"max_hp_gain":0.0,"max_hp_loss":0.0,"gold_gain":0.0,"event_name":"Lab","player_choice":"Got Potions","floor":30.0,"gold_loss":0.0,"damage_taken":0.0},{"damage_healed":0.0,"max_hp_gain":0.0,"max_hp_loss":0.0,"gold_gain":0.0,"event_name":"MindBloom","player_choice":"Fight","floor":37.0,"gold_loss":0.0,"damage_taken":0.0},{"damage_healed":0.0,"max_hp_gain":0.0,"max_hp_loss":0.0,"gold_gain":0.0,"event_name":"Tomb of Lord Red Mask","player_choice":"Ignored","floor":39.0,"gold_loss":0.0,"damage_taken":0.0},{"damage_healed":0.0,"max_hp_gain":0.0,"max_hp_loss":0.0,"gold_gain":0.0,"event_name":"SensoryStone","player_choice":"Memory 1","floor":47.0,"gold_loss":0.0,"damage_taken":0.0}],"is_beta":false,"boss_relics":[{"not_picked":["Busted Crown","Ectoplasm"],"picked":"Tiny House"},{"not_picked":["Black Star","Empty Cage"],"picked":"Astrolabe"}],"items_purged_floors":[3,6],"is_endless":false,"potions_floor_spawned":[11,13,16,33,35,37,38,41],"killed_by":"Donu and Deca","ascension_level":0}}