{"host":"mb4cisebr17g8vuz","time":1612128326,"event":{"mods":["AchievementEnabler","BaseMod","Colored Map","Colored Powertips","Minty Spire (QoL Compilation)","SuperFastMode","everything is the same but u backflip on backflip"],"gold_per_floor":[112,125,125,125,50,75,75,89,89,103,103,119,153,172,172,247,247,261,18,32,44,244,277,277,289,289,307,338,356,385,385,385,458,458,469,33,84,64,74,103,103,122,122,157,176,192,192,27,27,27,27],"floor_reached":50,"language":"KOR","playtime":1263,"items_purged":["Strike_R","Strike_R"],"score":1306,"play_id":"1f954c64-0269-4419-8a3a-d2fde26e248f","local_time":"20210131162526","is_ascension_mode":true,"campfire_choices":[{"data":"Inflame","floor":7.0,"key":"SMITH"},{"data":"Heavy Blade","floor":11.0,"key":"SMITH"},{"data":"Bash","floor":15.0,"key":"SMITH"},{"floor":24.0,"key":"REST"},{"floor":32.0,"key":"REST"},{"data":"Demon Form","floor":41.0,"key":"SMITH"},{"data":"Immolate","floor":47.0,"key":"SMITH"},{"data":"Shrug It Off","floor":49.0,"key":"SMITH"}],"circlet_count":0,"master_deck":["AscendersBane","Strike_R+1","Strike_R+1","Defend_R","Defend_R","Defend_R","Defend_R","Bash+1","Clothesline","Heavy Blade+1","Inflame+1","Immolate+1","Heavy Blade+1","Headbutt+1","Thunderclap+1","Demon Form+1","Headbutt+1","Heavy Blade+1","Shrug It Off+1","Flex+1","Uppercut+1","Carnage+1","Heavy Blade+1","True Grit+1"],"relics":["Burning Blood","Regal Pillow","InkBottle","Molten Egg 2","Red Skull","Busted Crown","Brimstone","Pantograph","Toxic Egg 2","Whetstone","Eternal Feather","Snecko Eye","Vajra","PreservedInsect","Thread and Needle","Mummified Hand","Shuriken","Happy Flower","Bag of Preparation"],"acts_visited":["Exordium","TheCity","TheBeyond"],"potions_floor_usage":[50,50],"damage_taken":[{"damage":7.0,"enemies":"Small Slimes","floor":1.0,"turns":5.0},{"damage":10.0,"enemies":"2 Louse","floor":2.0,"turns":2.0},{"damage":32.0,"enemies":"Gremlin Nob","floor":6.0,"turns":4.0},{"damage":0.0,"enemies":"Cultist","floor":8.0,"turns":2.0},{"damage":15.0,"enemies":"Red Slaver","floor":10.0,"turns":3.0},{"damage":13.0,"enemies":"Lots of Slimes","floor":12.0,"turns":2.0},{"damage":30.0,"enemies":"3 Sentries","floor":13.0,"turns":5.0},{"damage":0.0,"enemies":"3 Louse","floor":14.0,"turns":1.0},{"damage":18.0,"enemies":"Hexaghost","floor":16.0,"turns":6.0},{"damage":9.0,"enemies":"Chosen","floor":18.0,"turns":4.0},{"damage":12.0,"enemies":"2 Thieves","floor":20.0,"turns":2.0},{"damage":45.0,"enemies":"Chosen and Byrds","floor":21.0,"turns":4.0},{"damage":0.0,"enemies":"Gremlin Leader","floor":23.0,"turns":3.0},{"damage":0.0,"enemies":"Snecko","floor":25.0,"turns":2.0},{"damage":8.0,"enemies":"Cultist and Chosen","floor":27.0,"turns":3.0},{"damage":32.0,"enemies":"Slavers","floor":28.0,"turns":2.0},{"damage":13.0,"enemies":"Snake Plant","floor":29.0,"turns":2.0},{"damage":20.0,"enemies":"Book of Stabbing","floor":30.0,"turns":2.0},{"damage":4.0,"enemies":"Colosseum Slavers","floor":31.0,"turns":2.0},{"damage":56.0,"enemies":"Automaton","floor":33.0,"turns":5.0},{"damage":0.0,"enemies":"Orb Walker","floor":35.0,"turns":1.0},{"damage":26.0,"enemies":"2 Orb Walkers","floor":37.0,"turns":2.0},{"damage":10.0,"enemies":"3 Shapes","floor":39.0,"turns":2.0},{"damage":0.0,"enemies":"Giant Head","floor":40.0,"turns":2.0},{"damage":5.0,"enemies":"Sphere and 2 Shapes","floor":42.0,"turns":3.0},{"damage":0.0,"enemies":"Reptomancer","floor":44.0,"turns":2.0},{"damage":8.0,"enemies":"3 Darklings","floor":45.0,"turns":3.0},{"damage":0.0,"enemies":"Jaw Worm Horde","floor":46.0,"turns":2.0},{"damage":85,"enemies":"Awakened One","floor":50,"turns":4}],"seed_played":"-7720868515576768989","potions_obtained":[{"floor":2.0,"key":"Dexterity Potion"},{"floor":12.0,"key":"Regen Potion"},{"floor":13.0,"key":"Swift Potion"},{"floor":14.0,"key":"GamblersBrew"},{"floor":20.0,"key":"EssenceOfSteel"},{"floor":37.0,"key":"Swift Potion"},{"floor":42.0,"key":"Strength Potion"}],"is_trial":false,"path_per_floor":["M","M","?","?","$","E","R","M","T","M","R","M","E","M","R","B",null,"M","$","M","M","?","E","R","M","T","M","E","M","E","?","R","B",null,"M","$","?","?","M","E","R","M","T","E","M","M","R","$","R","B"],"character_chosen":"IRONCLAD","items_purchased":["Inflame","Brimstone","Vajra","PreservedInsect","Bag of Preparation"],"campfire_rested":2,"item_purchase_floors":[5,19,36,36,48],"current_hp_per_floor":[67,63,63,63,63,37,37,43,43,34,34,27,15,21,21,9,59,56,56,50,11,11,17,54,60,60,58,32,25,11,13,62,25,63,69,69,49,49,45,51,63,64,64,70,68,74,75,75,75,0,0],"gold":27,"neow_bonus":"RANDOM_COMMON_RELIC","is_daily":false,"chose_seed":false,"campfire_upgraded":6,"win_rate":0.0,"timestamp":1612128326,"path_taken":["M","M","?","?","$","E","R","M","T","M","R","?","E","M","R","BOSS","M","$","M","M","?","E","R","M","T","M","E","?","E","?","R","BOSS","M","$","?","?","M","E","R","M","T","E","M","?","R","$","R","BOSS"],"items_purchased_type":["Card","Relic","Relic","Relic","Relic"],"build_version":"2020-12-22","purchased_purges":2,"victory":false,"max_hp_per_floor":[75,75,75,75,75,75,75,75,75,75,75,75,75,75,75,75,75,75,75,75,75,75,75,75,75,75,75,75,75,75,75,75,75,75,75,75,75,75,75,75,75,75,75,75,75,75,75,75,75,75,75],"card_choices":[{"not_picked":["True Grit","Iron Wave"],"picked":"Clothesline","floor":1.0},{"not_picked":["Warcry","Heavy Blade","Clash"],"picked":"SKIP","floor":2.0},{"not_picked":["Thunderclap","Perfected Strike"],"picked":"Immolate","floor":6.0},{"not_picked":["Infernal Blade","Perfected Strike"],"picked":"Heavy Blade","floor":8.0},{"not_picked":["Twin Strike+1","Sentinel"],"picked":"Headbutt+1","floor":10.0},{"not_picked":["Sword Boomerang+1","Fiend Fire+1","True Grit"],"picked":"SKIP","floor":12.0},{"not_picked":["Flex","True Grit"],"picked":"Thunderclap+1","floor":13.0},{"not_picked":["True Grit","Thunderclap+1","Warcry"],"picked":"SKIP","floor":14.0},{"not_picked":["Fiend Fire+1","Bludgeon+1"],"picked":"Demon Form","floor":16.0},{"not_picked":[],"picked":"Headbutt+1","floor":18.0},{"not_picked":["Body Slam+1"],"picked":"SKIP","floor":20.0},{"not_picked":[],"picked":"Heavy Blade+1","floor":21.0},{"not_picked":[],"picked":"Shrug It Off","floor":23.0},{"not_picked":[],"picked":"Flex+1","floor":25.0},{"not_picked":["Armaments+1"],"picked":"SKIP","floor":27.0},{"not_picked":["Rage+1"],"picked":"SKIP","floor":28.0},{"not_picked":["Rupture"],"picked":"SKIP","floor":29.0},{"not_picked":[],"picked":"Uppercut+1","floor":30.0},{"not_picked":[],"picked":"Carnage+1","floor":35.0},{"not_picked":["Evolve"],"picked":"SKIP","floor":39.0},{"not_picked":["Sentinel+1"],"picked":"SKIP","floor":40.0},{"not_picked":[],"picked":"Heavy Blade+1","floor":42.0},{"not_picked":["Anger+1"],"picked":"SKIP","floor":44.0},{"not_picked":["Combust"],"picked":"SKIP","floor":45.0},{"not_picked":[],"picked":"True Grit+1","floor":46.0}],"player_experience":244139,"relics_obtained":[{"floor":6.0,"key":"InkBottle"},{"floor":9.0,"key":"Molten Egg 2"},{"floor":13.0,"key":"Red Skull"},{"floor":23.0,"key":"Pantograph"},{"floor":26.0,"key":"Toxic Egg 2"},{"floor":28.0,"key":"Whetstone"},{"floor":30.0,"key":"Eternal Feather"},{"floor":37.0,"key":"Thread and Needle"},{"floor":40.0,"key":"Mummified Hand"},{"floor":43.0,"key":"Shuriken"},{"floor":44.0,"key":"Happy Flower"}],"event_choices":[{"damage_healed":0.0,"max_hp_gain":0.0,"max_hp_loss":0.0,"gold_gain":0.0,"cards_transformed":["Strike_R"],"event_name":"Living Wall","player_choice":"Change","floor":3.0,"gold_loss":0.0,"damage_taken":0.0,"cards_obtained":["Heavy Blade"]},{"damage_healed":0.0,"max_hp_gain":0.0,"max_hp_loss":0.0,"gold_gain":0.0,"event_name":"Upgrade Shrine","player_choice":"Upgraded","floor":4.0,"gold_loss":0.0,"damage_taken":0.0,"cards_upgraded":["Heavy Blade"]},{"damage_healed":0.0,"max_hp_gain":0.0,"max_hp_loss":0.0,"gold_gain":200.0,"event_name":"Wheel of Change","player_choice":"Gold","floor":22.0,"gold_loss":0.0,"damage_taken":0.0},{"damage_healed":0.0,"max_hp_gain":0.0,"max_hp_loss":0.0,"gold_gain":0.0,"event_name":"Colosseum","player_choice":"Fight","floor":31.0,"gold_loss":0.0,"damage_taken":0.0},{"damage_healed":0.0,"max_hp_gain":0.0,"max_hp_loss":0.0,"gold_gain":0.0,"event_name":"Colosseum","player_choice":"Fled From Nobs","floor":31.0,"gold_loss":0.0,"damage_taken":0.0},{"damage_healed":0.0,"max_hp_gain":0.0,"max_hp_loss":0.0,"gold_gain":0.0,"event_name":"Mysterious Sphere","player_choice":"Fight","floor":37.0,"gold_loss":0.0,"damage_taken":0.0},{"damage_healed":0.0,"max_hp_gain":0.0,"max_hp_loss":0.0,"gold_gain":0.0,"event_name":"The Woman in Blue","player_choice":"Bought 1 Potion","floor":38.0,"gold_loss":0.0,"damage_taken":0.0}],"is_beta":false,"boss_relics":[{"not_picked":["Tiny House","Runic Cube"],"picked":"Busted Crown"},{"not_picked":["SacredBark","Black Blood"],"picked":"Snecko Eye"}],"items_purged_floors":[19,36],"is_endless":false,"potions_floor_spawned":[2,12,13,14,20,23,25,27,31,37,39,42],"killed_by":"Awakened One","ascension_level":18}}