{"host":"xb8s6f94jxtwitgf","time":1612128914,"event":{"mods":["Act Like it!","BaseMod","Better Third Choice","BetterRewards","Ekko","GifTheSpireLib","Hubris","Minty Spire (QoL Compilation)","Reliquary","Remove Card Discount Mod","Spicy Shops","Spikes Relics","StSLib"],"gold_per_floor":[119,119,119,133,133,133,166,166,166,185,196,225,225,80,80,175,175,186,186,186,205,220,254,254,254,254],"floor_reached":25,"language":"ENG","playtime":8724,"items_purged":["ekkoTheBoyWhoShatteredTime:Strike","ekkoTheBoyWhoShatteredTime:Defend","ekkoTheBoyWhoShatteredTime:Strike","ekkoTheBoyWhoShatteredTime:Defend"],"score":362,"play_id":"9f825590-d857-4696-8323-facc7fc010b4","local_time":"20210131213514","is_ascension_mode":true,"campfire_choices":[{"floor":6.0,"key":"REST"},{"data":"ekkoTheBoyWhoShatteredTime:IcebornGauntlet","floor":8.0,"key":"SMITH"},{"data":"ekkoTheBoyWhoShatteredTime:Knowledge","floor":13.0,"key":"SMITH"},{"data":"ekkoTheBoyWhoShatteredTime:TimeMaster","floor":15.0,"key":"SMITH"},{"floor":24,"key":"REST"}],"circlet_count":0,"master_deck":["ekkoTheBoyWhoShatteredTime:Strike","ekkoTheBoyWhoShatteredTime:Strike+1","ekkoTheBoyWhoShatteredTime:Strike","ekkoTheBoyWhoShatteredTime:Defend","ekkoTheBoyWhoShatteredTime:Defend","ekkoTheBoyWhoShatteredTime:TimeMaster+1","ekkoTheBoyWhoShatteredTime:Powered+1","ekkoTheBoyWhoShatteredTime:NaggingBlow","ekkoTheBoyWhoShatteredTime:Greed","ekkoTheBoyWhoShatteredTime:QuickBreak","ekkoTheBoyWhoShatteredTime:AfterimageDualStroke","ekkoTheBoyWhoShatteredTime:AfterimageDualStroke","ekkoTheBoyWhoShatteredTime:IcebornGauntlet+1","ekkoTheBoyWhoShatteredTime:Knowledge+1","ekkoTheBoyWhoShatteredTime:Unleashed","ekkoTheBoyWhoShatteredTime:Greed+1","ekkoTheBoyWhoShatteredTime:PulsefirePooling"],"relics":["ekkoTheBoyWhoShatteredTime:zDriveResonance","RollingBoulder","reliquary:Boomerang","Gremlin Horn","hubris:Teleporter","Membership Card","Sozu","reliquary:RoseTintedGlasses"],"acts_visited":["Exordium","TheCity"],"potions_floor_usage":[16,17,25,25],"damage_taken":[{"damage":2.0,"enemies":"Jaw Worm","floor":1.0,"turns":2.0},{"damage":0.0,"enemies":"Small Slimes","floor":4.0,"turns":2.0},{"damage":2.0,"enemies":"Lagavulin","floor":7.0,"turns":5.0},{"damage":2.0,"enemies":"Cultist","floor":10.0,"turns":3.0},{"damage":8.0,"enemies":"Red Slaver","floor":11.0,"turns":3.0},{"damage":10.0,"enemies":"3 Sentries","floor":12.0,"turns":6.0},{"damage":13,"enemies":"The Guardian","floor":16,"turns":8},{"damage":12,"enemies":"Spheric Guardian","floor":18,"turns":4},{"damage":7,"enemies":"Chosen","floor":21,"turns":4},{"damage":16,"enemies":"3 Cultists","floor":22,"turns":4},{"damage":25,"enemies":"Slavers","floor":23,"turns":3},{"damage":28,"enemies":"Book of Stabbing","floor":25,"turns":3}],"seed_played":"7413043887617033388","potions_obtained":[{"floor":7.0,"key":"Weak Potion"},{"floor":10.0,"key":"DistilledChaos"},{"floor":12.0,"key":"EntropicBrew"}],"is_trial":false,"path_per_floor":["M","?","?","M","?","R","E","R","T","M","M","E","R","$","R","B",null,"M","?","?","M","M","E","R","E"],"character_chosen":"EKKO_THE_BOY_WHO_SHATTERED_TIME","items_purchased":["ekkoTheBoyWhoShatteredTime:NaggingBlow","ekkoTheBoyWhoShatteredTime:Greed","RollingBoulder","ekkoTheBoyWhoShatteredTime:QuickBreak","ekkoTheBoyWhoShatteredTime:AfterimageDualStroke","Membership Card"],"campfire_rested":2,"item_purchase_floors":[0,0,0,0,0,14],"current_hp_per_floor":[46,46,30,30,30,53,51,51,51,49,41,31,31,31,31,18,78,66,51,51,44,28,3,27,0,0],"gold":254,"neow_bonus":"","is_daily":false,"chose_seed":false,"campfire_upgraded":3,"win_rate":0.0,"timestamp":1612128914,"path_taken":["M","?","?","M","?","R","E","R","T","?","M","E","R","$","R","BOSS","M","?","?","M","?","E","R","E"],"items_purchased_type":["Card","Card","Relic","Card","Card","Relic"],"build_version":"2020-12-22","purchased_purges":4,"victory":false,"max_hp_per_floor":[78,78,78,78,78,78,78,78,78,78,78,78,78,78,78,78,78,78,83,83,83,83,83,83,83,83],"card_choices":[{"not_picked":["ekkoTheBoyWhoShatteredTime:AfterimageBait","ekkoTheBoyWhoShatteredTime:HauntedAfterimage"],"picked":"ekkoTheBoyWhoShatteredTime:AfterimageDualStroke","floor":1.0},{"not_picked":["ekkoTheBoyWhoShatteredTime:Backtrack","ekkoTheBoyWhoShatteredTime:LoadUp","ekkoTheBoyWhoShatteredTime:WideSlice"],"picked":"SKIP","floor":4.0},{"not_picked":["ekkoTheBoyWhoShatteredTime:SandstormSympathy","ekkoTheBoyWhoShatteredTime:SpHit"],"picked":"ekkoTheBoyWhoShatteredTime:Knowledge","floor":7.0},{"not_picked":["ekkoTheBoyWhoShatteredTime:FeelIt","ekkoTheBoyWhoShatteredTime:PhaseDive","ekkoTheBoyWhoShatteredTime:Disturblast"],"picked":"SKIP","floor":10.0},{"not_picked":["ekkoTheBoyWhoShatteredTime:HauntingGuise","ekkoTheBoyWhoShatteredTime:AfterimageTimeWrap","ekkoTheBoyWhoShatteredTime:PhaseDive"],"picked":"SKIP","floor":11.0},{"not_picked":["ekkoTheBoyWhoShatteredTime:KeepingMomentum","ekkoTheBoyWhoShatteredTime:HextechProtobelt","ekkoTheBoyWhoShatteredTime:AfterimageHit"],"picked":"SKIP","floor":12.0},{"not_picked":["ekkoTheBoyWhoShatteredTime:GuinsoosRageblade","ekkoTheBoyWhoShatteredTime:TrickOrTreatTrend"],"picked":"ekkoTheBoyWhoShatteredTime:Unleashed","floor":16},{"not_picked":["ekkoTheBoyWhoShatteredTime:AfterimageTease+1","ekkoTheBoyWhoShatteredTime:Process","ekkoTheBoyWhoShatteredTime:KeepingMomentum+1"],"picked":"SKIP","floor":18},{"not_picked":["ekkoTheBoyWhoShatteredTime:Greed","ekkoTheBoyWhoShatteredTime:CalmingWaves","ekkoTheBoyWhoShatteredTime:AfterimageTimeWrap"],"picked":"SKIP","floor":21},{"not_picked":["ekkoTheBoyWhoShatteredTime:TimeRecall","ekkoTheBoyWhoShatteredTime:AfterimageTease"],"picked":"ekkoTheBoyWhoShatteredTime:Greed+1","floor":22},{"not_picked":["ekkoTheBoyWhoShatteredTime:NaggingBlow","ekkoTheBoyWhoShatteredTime:HauntedAfterimage"],"picked":"ekkoTheBoyWhoShatteredTime:PulsefirePooling","floor":23}],"player_experience":979600,"relics_obtained":[{"floor":7.0,"key":"reliquary:Boomerang"},{"floor":9.0,"key":"Gremlin Horn"},{"floor":12.0,"key":"hubris:Teleporter"},{"floor":23,"key":"reliquary:RoseTintedGlasses"}],"event_choices":[{"damage_healed":46.0,"max_hp_gain":0.0,"max_hp_loss":78.0,"gold_gain":0.0,"event_name":"betterThird:BetterShining","player_choice":"Upgrade","floor":3.0,"gold_loss":0.0,"damage_taken":16.0,"cards_upgraded":["ekkoTheBoyWhoShatteredTime:Strike","ekkoTheBoyWhoShatteredTime:Powered"]},{"damage_healed":0.0,"max_hp_gain":0.0,"max_hp_loss":0.0,"gold_gain":0.0,"event_name":"The Woman in Blue","player_choice":"Bought 0 Potions","floor":5.0,"gold_loss":0.0,"damage_taken":0.0},{"damage_healed":0,"gold_gain":0,"player_choice":"Shed Blood","damage_taken":20,"max_hp_gain":5,"max_hp_loss":0,"event_name":"Forgotten Altar","floor":19,"gold_loss":0},{"damage_healed":0,"gold_gain":0,"player_choice":"Got Potions","damage_taken":0,"max_hp_gain":0,"max_hp_loss":0,"event_name":"Lab","floor":20,"gold_loss":0}],"is_beta":false,"boss_relics":[{"not_picked":["CosmicIsotope","Empty Cage"],"picked":"Sozu"}],"items_purged_floors":[0,0,0,0],"is_endless":false,"potions_floor_spawned":[7,10,12,22,23],"killed_by":"Book of Stabbing","ascension_level":2}}