{"host":"15mf4mgkldnt1tds","time":1612080380,"event":{"mods":["AchievementEnabler","Act Like it!","Arknights","BaseMod","Gensokyo","Highlight Path","Lobotomy","LobotomyExtend","Marisa¡]Ãú«B¡@Å]²z¨F¡^","Minty Spire (QoL Compilation)","Quick Restart","Remilia¡]Á¢¦Ì²ú?¡^","RumiaBox-ÅS¦Ì?ªº¯«¯µ²°¤l","Shop Mod","StSLib","SuperFastMode","The Animator","The Cursed","The Jungle","The Servant 0.9.4"],"gold_per_floor":[113,38,52,67,242,242,242,242,317,317,342,358,358,369,369,385,385,385,385,385,408,429,429,507,70,70,70,70],"floor_reached":16,"language":"ZHS","playtime":1410,"items_purged":["ats:Defend"],"score":131,"play_id":"2a76768d-1a46-4af7-8eed-cc28d8432fc0","local_time":"20210131160620","is_ascension_mode":false,"campfire_choices":[{"data":"ats:Demon Strength","floor":6.0,"key":"SMITH"},{"data":"ats:Soul Absorption","floor":8.0,"key":"SMITH"},{"data":"ats:Spore Proliferation","floor":10.0,"key":"SMITH"},{"data":"ats:Red Shift","floor":6.0,"key":"SMITH"},{"data":"ats:Explosion Area Strengthen","floor":8.0,"key":"SMITH"},{"data":"ats:Shadow Assault","floor":15.0,"key":"SMITH"}],"circlet_count":4,"master_deck":["ats:Strike C","ats:Strike G","ats:Strike S","ats:Strike V","ats:Armor Crushing Shot","ats:Defend","ats:Defend","ats:Defend","ats:Emotion Absorption+1","ats:Spore Proliferation+1","ats:Soul Absorption+1","ats:Demon Strength+1","Dazed","ats:Defend Order","ats:Explosion Area Strengthen+1","ats:Red Shift+1","ats:Red Shift+1","ats:Healing Drone","ats:Shadow Assault+1","Madness","Madness","Madness","Madness","Madness"],"relics":["ats:Sanity","Circlet","Kunai","ats:Originium","SSSystem","LetterFromLob","Golden Idol","GodSword6","Boot","Orichalcum","Juzu Bracelet"],"acts_visited":["Exordium"],"potions_floor_usage":[],"damage_taken":[{"damage":2.0,"enemies":"Small Slimes","floor":1.0,"turns":9.0},{"damage":11.0,"enemies":"Jaw Worm","floor":3.0,"turns":3.0},{"damage":0.0,"enemies":"2 Louse","floor":4.0,"turns":6.0},{"damage":34.0,"enemies":"3 Sentries","floor":11.0,"turns":11.0},{"damage":2.0,"enemies":"2 Louse","floor":1.0,"turns":3.0},{"damage":0.0,"enemies":"Small Slimes","floor":3.0,"turns":5.0},{"damage":6.0,"enemies":"Jaw Worm","floor":5.0,"turns":3.0},{"damage":0.0,"enemies":"Lots of Slimes","floor":10.0,"turns":1.0},{"damage":7.0,"enemies":"Exordium Wildlife","floor":11.0,"turns":3.0},{"damage":10.0,"enemies":"3 Sentries","floor":13.0,"turns":3.0},{"damage":0,"enemies":"Hexaghost","floor":16,"turns":1}],"seed_played":"1525934684954601601","potions_obtained":[{"floor":1.0,"key":"ats:Emergency Sanity Potion"},{"floor":4.0,"key":"Dexterity Potion"},{"floor":11.0,"key":"GamblersBrew"},{"floor":3.0,"key":"Fruit Juice"},{"floor":5.0,"key":"SpeedPotion"},{"floor":13.0,"key":"Weak Potion"}],"is_trial":false,"path_per_floor":["M","$","M","M","?","R","?","R","T","R","E","?","M","?","M","?","M","R","?","R","T","M","M","?","?","$","R","B"],"character_chosen":"DOCTOR_CLASS","items_purchased":["ChiLing","ats:Shadow Assault","Juzu Bracelet"],"campfire_rested":0,"item_purchase_floors":[14,14,14],"current_hp_per_floor":[70,70,59,59,59,59,52,52,52,52,18,70,70,75,71,65,65,53,53,53,53,46,46,36,36,36,36,36],"gold":70,"neow_bonus":"UPGRADE_CARD","is_daily":false,"chose_seed":false,"campfire_upgraded":6,"win_rate":0.0,"timestamp":1612080380,"path_taken":["M","$","M","M","?","R","?","R","T","R","E","?","M","?","M","?","M","R","?","R","T","?","M","?","?","?","R","BOSS"],"items_purchased_type":["Undefined","Card","Relic"],"build_version":"2020-12-22","purchased_purges":1,"victory":false,"max_hp_per_floor":[72,72,72,72,72,72,72,72,72,72,72,72,72,77,71,71,71,71,71,71,71,71,71,71,71,71,71,71],"card_choices":[{"not_picked":["ats:Encircling Forest","ats:Ignite"],"picked":"ats:Spore Proliferation","floor":1.0},{"not_picked":["ats:Ignite","ats:Automatic Cover","ats:Hook Shot","ats:Shell Defense"],"picked":"ats:Soul Absorption","floor":3.0},{"not_picked":["ats:Leaping Hammer","ats:Hammer On","ats:Poison Spread","ats:Mental Burst"],"picked":"ats:Demon Strength","floor":4.0},{"not_picked":["ats:Automatic Cover","ats:Absolute Focus","ats:Encircling Forest","ats:Shell Defense"],"picked":"ats:Roar Of Ursus","floor":11.0},{"not_picked":["ats:Flexible Camouflage","ats:Curse Doll","ats:Very Hot Blade","ats:Chain Hook"],"picked":"ats:Defend Order","floor":1.0},{"not_picked":["ats:Serious Mode","ats:Rapid Magazine","ats:Shell Defense","ats:Wolf Pack","ats:Overload","ats:Consecutive Shot Auto"],"picked":"ats:Explosion Area Strengthen","floor":3.0},{"not_picked":["ats:Guard Mode","ats:Consecutive Shot Auto","ats:Assault Order","ats:Collapsing Strike","ats:Directed Diagnosis","ats:Revitalization"],"picked":"ats:Red Shift","floor":5.0},{"not_picked":["ats:Very Hot Blade","ats:Closed Bolt Burst Fire","ats:Steam Pump","ats:Shell Defense","ats:Curse Doll","ats:Poison Spread","ats:Flexible Camouflage"],"picked":"SKIP","floor":10.0},{"not_picked":["ats:Shell Defense","ats:Charging Defense","ats:Hook Shot","ats:Overload","ats:Apocalypse","ats:Spore Proliferation"],"picked":"ats:Red Shift","floor":11.0},{"not_picked":["ats:Consecutive Shot Auto","ats:Literary Storm","ats:Overload","ats:Serious Mode","ats:Neurotoxin","ats:Guard Mode"],"picked":"ats:Healing Drone","floor":13.0}],"player_experience":690366,"relics_obtained":[{"floor":1.0,"key":"SynthV:TestCard"},{"floor":1.0,"key":"LetterFromLob"},{"floor":9.0,"key":"Kunai"},{"floor":11.0,"key":"ats:Originium"},{"floor":11.0,"key":"SSSystem"},{"floor":1.0,"key":"SynthV:TestCard"},{"floor":1.0,"key":"LetterFromLob"},{"floor":9.0,"key":"Boot"},{"floor":13.0,"key":"Orichalcum"}],"event_choices":[{"damage_healed":0.0,"max_hp_gain":0.0,"max_hp_loss":0.0,"gold_gain":175.0,"event_name":"Liars Game","player_choice":"AGREE","floor":5.0,"gold_loss":0.0,"damage_taken":0.0,"cards_obtained":["Doubt"]},{"cards_removed":["Doubt"],"damage_healed":0.0,"max_hp_gain":0.0,"max_hp_loss":0.0,"gold_gain":0.0,"event_name":"Golden Wing","player_choice":"Card Removal","floor":7.0,"gold_loss":0.0,"damage_taken":7.0},{"damage_healed":0.0,"max_hp_gain":0.0,"max_hp_loss":6.0,"gold_gain":0.0,"event_name":"Golden Idol","player_choice":"Lose Max HP","floor":4.0,"gold_loss":0.0,"damage_taken":0.0,"relics_obtained":["Golden Idol"]},{"damage_healed":0.0,"max_hp_gain":0.0,"max_hp_loss":0.0,"gold_gain":0.0,"event_name":"Scrap Ooze","player_choice":"Success","floor":7.0,"gold_loss":0.0,"damage_taken":12.0,"relics_obtained":["GodSword6"]},{"damage_healed":0.0,"max_hp_gain":0.0,"max_hp_loss":0.0,"gold_gain":0.0,"event_name":"Living Wall","player_choice":"Grow","floor":12.0,"gold_loss":0.0,"damage_taken":0.0,"cards_upgraded":["ats:Red Shift"]},{"damage_healed":0.0,"max_hp_gain":0.0,"max_hp_loss":0.0,"gold_gain":0.0,"event_name":"Dead Adventurer","player_choice":"Searched \u00271\u0027 times","floor":13.0,"gold_loss":0.0,"damage_taken":0.0}],"is_beta":false,"boss_relics":[],"items_purged_floors":[2],"is_endless":false,"potions_floor_spawned":[1,4,11,3,5,13],"killed_by":"Hexaghost","ascension_level":0}}