{"host":"mb4cisebr17g8vuz","time":1612120996,"event":{"mods":["AchievementEnabler","BaseMod","Colored Map","Colored Powertips","Minty Spire (QoL Compilation)","SuperFastMode","everything is the same but u backflip on backflip"],"gold_per_floor":[118,137,137,161,161,161,176,101,169,188,188,188,232,251,251,347,347,360,384,384,397,421,439,439,474,474,90,109,122,145,165,165,165,165],"floor_reached":33,"language":"KOR","playtime":1677,"items_purged":["Strike_R","Strike_R"],"score":626,"play_id":"61e9a0a3-ea9b-420d-8fed-925404c3163f","local_time":"20210131142316","is_ascension_mode":true,"campfire_choices":[{"floor":6.0,"key":"REST"},{"floor":12.0,"key":"REST"},{"data":"Dark Embrace","floor":15.0,"key":"SMITH"},{"floor":24,"key":"REST"},{"floor":32,"key":"REST"}],"circlet_count":0,"master_deck":["AscendersBane","Strike_R","Defend_R","Defend_R","Defend_R","Bash","Dual Wield","Rage+1","Hemokinesis","Shockwave","Feed","Flame Barrier","Dark Embrace+1","Fiend Fire","Double Tap","Pommel Strike+1","Warcry","Pommel Strike+1"],"relics":["Burning Blood","Golden Idol","Lantern","Mercury Hourglass","Paper Frog","Fusion Hammer","Mummified Hand","TungstenRod","Kunai"],"acts_visited":["Exordium","TheCity"],"potions_floor_usage":[22,30,33],"damage_taken":[{"damage":7.0,"enemies":"Small Slimes","floor":1.0,"turns":5.0},{"damage":4.0,"enemies":"Jaw Worm","floor":2.0,"turns":4.0},{"damage":2.0,"enemies":"Cultist","floor":4.0,"turns":4.0},{"damage":16.0,"enemies":"Lots of Slimes","floor":7.0,"turns":5.0},{"damage":0.0,"enemies":"2 Fungi Beasts","floor":10.0,"turns":2.0},{"damage":29.0,"enemies":"Lagavulin","floor":13.0,"turns":6.0},{"damage":6.0,"enemies":"Exordium Thugs","floor":14.0,"turns":4.0},{"damage":8.0,"enemies":"Hexaghost","floor":16.0,"turns":4.0},{"damage":26.0,"enemies":"Spheric Guardian","floor":18.0,"turns":4.0},{"damage":18.0,"enemies":"2 Thieves","floor":19.0,"turns":4.0},{"damage":26,"enemies":"Sentry and Sphere","floor":21,"turns":5},{"damage":10,"enemies":"Shelled Parasite and Fungi","floor":22,"turns":4},{"damage":2,"enemies":"Centurion and Healer","floor":23,"turns":9},{"damage":34,"enemies":"Slavers","floor":25,"turns":6},{"damage":22,"enemies":"Chosen and Byrds","floor":28,"turns":7},{"damage":6,"enemies":"Snecko","floor":29,"turns":4},{"damage":19,"enemies":"Snake Plant","floor":30,"turns":4},{"damage":5,"enemies":"Cultist and Chosen","floor":31,"turns":5},{"damage":66,"enemies":"Champ","floor":33,"turns":9}],"seed_played":"9189475734600095430","potions_obtained":[{"floor":1.0,"key":"SpeedPotion"},{"floor":13.0,"key":"EssenceOfSteel"},{"floor":14.0,"key":"SneckoOil"},{"floor":18.0,"key":"LiquidMemories"},{"floor":19.0,"key":"FairyPotion"},{"floor":25,"key":"ElixirPotion"},{"floor":31,"key":"LiquidBronze"}],"is_trial":false,"path_per_floor":["M","M","?","M","?","R","M","$","T","M","?","R","E","M","R","B",null,"M","M","?","M","M","M","R","E","T","$","M","M","M","M","R","B"],"character_chosen":"IRONCLAD","items_purchased":["Kunai"],"campfire_rested":4,"item_purchase_floors":[27],"current_hp_per_floor":[49,51,25,29,3,25,15,15,15,24,24,47,24,27,27,28,70,50,41,41,24,20,27,54,29,29,29,13,13,29,33,62,0,0],"gold":165,"neow_bonus":"TRANSFORM_TWO_CARDS","is_daily":false,"chose_seed":false,"campfire_upgraded":1,"win_rate":0.0,"timestamp":1612120996,"path_taken":["M","M","?","M","?","R","M","?","T","?","?","R","E","M","R","BOSS","M","M","?","M","M","M","R","E","T","$","?","M","M","M","R","BOSS"],"items_purchased_type":["Relic"],"build_version":"2020-12-22","purchased_purges":2,"victory":false,"max_hp_per_floor":[75,75,75,75,75,75,75,75,75,78,78,78,78,81,81,84,84,84,87,87,90,90,93,93,96,96,96,96,96,96,99,99,99,99],"card_choices":[{"not_picked":["Sword Boomerang","Clash"],"picked":"Hemokinesis","floor":1.0},{"not_picked":["Perfected Strike","Iron Wave"],"picked":"Shockwave","floor":2.0},{"not_picked":["Heavy Blade","Wild Strike","Thunderclap"],"picked":"SKIP","floor":4.0},{"not_picked":["Iron Wave","Disarm"],"picked":"Feed","floor":7.0},{"not_picked":["True Grit","Headbutt"],"picked":"Flame Barrier","floor":10.0},{"not_picked":["Armaments","Sever Soul","Ghostly Armor"],"picked":"SKIP","floor":13.0},{"not_picked":["Thunderclap","Heavy Blade"],"picked":"Fiend Fire","floor":14.0},{"not_picked":["Barricade","Feed"],"picked":"Double Tap","floor":16.0},{"not_picked":["Warcry","Armaments","Flame Barrier"],"picked":"SKIP","floor":18.0},{"not_picked":["Anger","Ghostly Armor"],"picked":"Pommel Strike+1","floor":19.0},{"not_picked":["Anger+1","Fire Breathing","Infernal Blade"],"picked":"SKIP","floor":21},{"not_picked":["Body Slam+1","Wild Strike","Fire Breathing"],"picked":"SKIP","floor":22},{"not_picked":["Twin Strike","Perfected Strike+1","Headbutt+1"],"picked":"SKIP","floor":23},{"not_picked":["Hemokinesis","Feed","Iron Wave"],"picked":"SKIP","floor":25},{"not_picked":["Inflame+1","Ghostly Armor"],"picked":"Warcry","floor":28},{"not_picked":["Cleave","True Grit","Metallicize"],"picked":"SKIP","floor":29},{"not_picked":["Warcry","Seeing Red"],"picked":"Pommel Strike+1","floor":30},{"not_picked":["Twin Strike","Fiend Fire","Infernal Blade"],"picked":"SKIP","floor":31}],"player_experience":237399,"relics_obtained":[{"floor":9.0,"key":"Mercury Hourglass"},{"floor":13.0,"key":"Paper Frog"},{"floor":25,"key":"Mummified Hand"},{"floor":26,"key":"TungstenRod"}],"event_choices":[{"damage_healed":0.0,"max_hp_gain":0.0,"max_hp_loss":0.0,"gold_gain":0.0,"event_name":"Golden Idol","player_choice":"Take Damage","floor":3.0,"gold_loss":0.0,"damage_taken":26.0,"relics_obtained":["Golden Idol"]},{"damage_healed":0.0,"max_hp_gain":0.0,"max_hp_loss":0.0,"gold_gain":0.0,"event_name":"Scrap Ooze","player_choice":"Success","floor":5.0,"gold_loss":0.0,"damage_taken":26.0,"relics_obtained":["Lantern"]},{"damage_healed":0.0,"max_hp_gain":0.0,"max_hp_loss":0.0,"gold_gain":0.0,"cards_transformed":["Strike_R"],"event_name":"Living Wall","player_choice":"Change","floor":11.0,"gold_loss":0.0,"damage_taken":0.0,"cards_obtained":["Dark Embrace"]},{"damage_healed":0.0,"max_hp_gain":0.0,"max_hp_loss":0.0,"gold_gain":0.0,"event_name":"Upgrade Shrine","player_choice":"Upgraded","floor":20.0,"gold_loss":0.0,"damage_taken":0.0,"cards_upgraded":["Rage"]}],"is_beta":false,"boss_relics":[{"not_picked":["Mark of Pain","Runic Pyramid"],"picked":"Fusion Hammer"}],"items_purged_floors":[8,27],"is_endless":false,"potions_floor_spawned":[1,13,14,18,19,21,25,29,31],"killed_by":"Champ","ascension_level":17}}