{"host":"rq7gz685gkaokql0","time":1612058678,"event":{"mods":["BaseMod","Hubris","Infinite Spire","Minty Spire (QoL Compilation)","Replay The Spire","StSLib"],"gold_per_floor":[119,134,134,147,167,167,194,194,194,194,194],"floor_reached":10,"language":"ENG","playtime":581,"items_purged":[],"score":136,"play_id":"7cbbd3c5-8f86-43d7-add9-c1ea984a4466","local_time":"20210130160438","is_ascension_mode":true,"campfire_choices":[{"data":"Armaments","floor":6,"key":"SMITH"},{"floor":8,"key":"REST"}],"circlet_count":0,"master_deck":["AscendersBane","Strike_R","Strike_R","Strike_R","Strike_R","Strike_R","Defend_R","Defend_R","Defend_R","Defend_R","Bash","Armaments+1","ReplayReversal","Havoc","ReplayTheSpireMod:Strike From Hell","Shockwave"],"relics":["Burning Blood","NeowsBlessing","Garlic","Oddly Smooth Stone","Molten Egg 2"],"acts_visited":["Exordium"],"potions_floor_usage":[5,7,10],"damage_taken":[{"damage":1,"enemies":"Small Slimes","floor":1,"turns":2},{"damage":0,"enemies":"infinitespire:Voidling","floor":2,"turns":1},{"damage":0,"enemies":"2 Louse","floor":4,"turns":1},{"damage":12,"enemies":"Exordium Thugs","floor":5,"turns":7},{"damage":36,"enemies":"Replay:BlueRogue","floor":7,"turns":8},{"damage":59,"enemies":"Gremlin Nob","floor":10,"turns":6}],"seed_played":"-2221701149467453341","potions_obtained":[{"floor":1,"key":"DuplicationPotion"},{"floor":2,"key":"Block Potion"},{"floor":4,"key":"BloodPotion"},{"floor":5,"key":"Dexterity Potion"}],"is_trial":false,"path_per_floor":["M","M","?","M","M","R","E","R","T","E"],"character_chosen":"IRONCLAD","items_purchased":[],"campfire_rested":1,"item_purchase_floors":[],"current_hp_per_floor":[73,75,75,75,69,69,39,61,61,17,17],"gold":194,"neow_bonus":"THREE_ENEMY_KILL","is_daily":false,"chose_seed":false,"campfire_upgraded":1,"win_rate":0.0,"timestamp":1612058678,"path_taken":["M","M","?","M","?","R","E","R","T","E"],"items_purchased_type":[],"build_version":"2020-12-22","purchased_purges":0,"victory":false,"max_hp_per_floor":[75,75,75,75,75,75,75,75,75,75,75],"card_choices":[{"not_picked":["Clash","Pommel Strike"],"picked":"Armaments","floor":1},{"not_picked":["hubris:CleavingFinish","Defy Death"],"picked":"ReplayReversal","floor":2},{"not_picked":["Heavy Blade","Rupture"],"picked":"Havoc","floor":4},{"not_picked":["hubris:ReadiedAction","Evolve"],"picked":"ReplayTheSpireMod:Strike From Hell","floor":5},{"not_picked":["Shrug It Off","Body Slam"],"picked":"Shockwave","floor":7}],"player_experience":1221829,"relics_obtained":[{"floor":7,"key":"Oddly Smooth Stone"},{"floor":9,"key":"Molten Egg 2"}],"event_choices":[{"damage_healed":0,"gold_gain":0,"player_choice":"Gave Potion","damage_taken":0,"relics_obtained":["Garlic"],"max_hp_gain":0,"max_hp_loss":0,"event_name":"WeMeetAgain","floor":3,"gold_loss":0}],"is_beta":false,"boss_relics":[],"items_purged_floors":[],"is_endless":false,"potions_floor_spawned":[1,2,4,5],"killed_by":"Gremlin Nob","ascension_level":20}}