{"host":"qwv9nni2x0umspiu","time":1612071423,"event":{"mods":["BaseMod","Downfall","Minty Spire (QoL Compilation)","Replay The Spire","StSLib","The Hierophant","Wandering Minibosses"],"gold_per_floor":[119,134,134,152,152,152,182,182,253,253,310,402,495,495,495,485,485],"floor_reached":16,"language":"ENG","playtime":587,"items_purged":[],"score":204,"play_id":"dd474af0-0af4-485f-aa8a-9fda890f5704","local_time":"20210130213703","is_ascension_mode":true,"campfire_choices":[{"data":"hierophant:ChurchCoffers","floor":6,"key":"SMITH"},{"data":"hierophant:Punish","floor":8,"key":"SMITH"},{"data":"hierophant:BulkyChest","floor":10,"key":"SMITH"},{"data":"hierophant:Zeal","floor":15,"key":"SMITH"}],"circlet_count":0,"master_deck":["AscendersBane","hierophant:Strike_Hierophant","hierophant:Strike_Hierophant","hierophant:Strike_Hierophant","hierophant:Strike_Hierophant","hierophant:Punish+1","hierophant:Defend_Hierophant","hierophant:Defend_Hierophant","hierophant:Defend_Hierophant","hierophant:ChurchCoffers+1","hierophant:Community+1","hierophant:ThreeLashes","hierophant:BulkyChest+1","hierophant:Shelter","hierophant:Zeal+1"],"relics":["hierophant:PropheticMaskRelic","NeowsBlessing","Blood Vial","Frozen Egg 2"],"acts_visited":["Exordium"],"potions_floor_usage":[7,16,16],"damage_taken":[{"damage":0,"enemies":"Jaw Worm","floor":1,"turns":1},{"damage":0,"enemies":"Cultist","floor":2,"turns":1},{"damage":0,"enemies":"2 Louse","floor":4,"turns":1},{"damage":32,"enemies":"Gremlin Nob","floor":7,"turns":4},{"damage":1,"enemies":"Looter","floor":11,"turns":2},{"damage":0,"enemies":"3 Louse","floor":12,"turns":2},{"damage":1,"enemies":"Exordium Thugs","floor":13,"turns":4},{"damage":51,"enemies":"Fading Forest","floor":16,"turns":7}],"seed_played":"-1211103613474635210","potions_obtained":[{"floor":1,"key":"champ:CounterPotion"},{"floor":7,"key":"AttackPotion"},{"floor":11,"key":"bronze:BurnAndBuffPotion"}],"is_trial":false,"path_per_floor":["M","M","?","M","?","R","E","R","T","R","M","M","M","?","R","B"],"character_chosen":"HIEROPHANT","items_purchased":[],"campfire_rested":0,"item_purchase_floors":[],"current_hp_per_floor":[68,68,68,68,68,68,36,36,36,36,37,39,40,40,40,0,0],"gold":485,"neow_bonus":"THREE_ENEMY_KILL","is_daily":false,"chose_seed":false,"campfire_upgraded":4,"win_rate":0.0,"timestamp":1612071423,"path_taken":["M","M","?","?","?","R","E","R","T","R","M","M","M","?","R","BOSS"],"items_purchased_type":[],"build_version":"2020-12-22","purchased_purges":0,"victory":false,"max_hp_per_floor":[75,75,75,75,75,75,75,75,75,75,75,75,75,75,75,75,75],"card_choices":[{"not_picked":["hierophant:FlamingChariot","hierophant:Zeal"],"picked":"hierophant:Community","floor":1},{"not_picked":["hierophant:OrnateBuckler","hierophant:Remorse","hierophant:HolyVerse"],"picked":"SKIP","floor":2},{"not_picked":["hierophant:Endure","hierophant:Encroach","hierophant:SecretStash"],"picked":"SKIP","floor":4},{"not_picked":["hierophant:Anathema","hierophant:Remorse"],"picked":"hierophant:BulkyChest","floor":7},{"not_picked":["hierophant:Encroach","hierophant:TollTheBells"],"picked":"hierophant:Shelter","floor":11},{"not_picked":["hierophant:Chorus","hierophant:DisplayOfPower","hierophant:Embezzle"],"picked":"SKIP","floor":12},{"not_picked":["hierophant:RepressedViolence","hierophant:Doubloon"],"picked":"hierophant:Zeal","floor":13}],"player_experience":1362497,"relics_obtained":[{"floor":7,"key":"Blood Vial"},{"floor":9,"key":"Frozen Egg 2"}],"event_choices":[{"damage_healed":0,"gold_gain":0,"cards_transformed":["hierophant:Defend_Hierophant"],"player_choice":"Transformed","damage_taken":0,"max_hp_gain":0,"max_hp_loss":0,"event_name":"Transmorgrifier","floor":3,"gold_loss":0,"cards_obtained":["hierophant:ThreeLashes"]}],"is_beta":false,"boss_relics":[],"items_purged_floors":[],"is_endless":false,"potions_floor_spawned":[1,7,11],"killed_by":"Fading Forest","ascension_level":20}}