{"host":"d6gsnuetzz7j8con","time":1612079263,"event":{"mods":["AchievementEnabler","BaseMod","BetterRewards","Evolution","Minty Spire (QoL Compilation)","Permanent Neow","Remove Card Discount Mod","Shop Mod","StSLib"],"gold_per_floor":[110,128,128,93,93,93,52,83,95,120,307,346,376,408,420,535,547,574,32,32,43,55,86,104,131,131,156,173,173,187,187,187,291,291,301,353,403,403,416,441,476,507,554,554,21,21,21,31,31,31,31,31,31,60,60],"floor_reached":56,"language":"ENG","playtime":10582,"items_purged":["Strike_R","Strike_R","Defend_R","Regret","Doubt","Defend_R","Defend_R"],"score":1376,"play_id":"b80b616f-ec9f-40e2-b661-af5b7d191fc3","local_time":"20210131024743","is_ascension_mode":false,"campfire_choices":[{"data":"Seeing Red","floor":6,"key":"SMITH"},{"floor":15,"key":"RECALL"},{"data":"1","floor":29,"key":"LIFT"},{"data":"2","floor":32,"key":"LIFT"},{"data":"3","floor":47,"key":"LIFT"},{"data":"Limit Break","floor":49,"key":"SMITH"},{"data":"Demon Form","floor":52,"key":"SMITH"}],"circlet_count":0,"master_deck":["Pommel Strike","Pommel Strike","Pommel Strike","Defend_R+1","Inflame","Seeing Red+1","Bandage Up","Inflame+1","Heavy Blade+1","Body Slam","Armaments","Entrench","Dropkick","Thunderclap+1","Warcry","Headbutt","Pommel Strike","Headbutt","Reaper","Spot Weakness","Chrysalis","Armaments+1","Rampage+1","Thunderclap+1","Twin Strike","Twin Strike+1","Metallicize","Warcry","Pommel Strike+1","Reaper","Pummel+1","Shockwave","Anger+1","Anger+1","Limit Break+1","Pommel Strike","Demon Form+1","Good Instincts+1","Armaments+1","Fire Breathing+1","Blood for Blood+1"],"relics":["Burning Blood","EVO:Axolotl","Mummified Hand","MealTicket","Pocketwatch","Calipers","Oddly Smooth Stone","MawBank","Nunchaku","Odd Mushroom","Black Star","Charon\u0027s Ashes","Bronze Scales","Sundial","Kunai","Bottled Flame","Girya","Mercury Hourglass","Eternal Feather","MutagenicStrength","SlaversCollar","CaptainsWheel","WingedGreaves","Mango","Meat on the Bone","Toy Ornithopter","Whetstone","Molten Egg 2","Vajra","Juzu Bracelet","Toxic Egg 2","Toolbox","Shuriken","Ornamental Fan"],"acts_visited":["Exordium","TheCity","TheBeyond","TheEnding"],"potions_floor_usage":[25,27,27,55,55,55],"damage_taken":[{"damage":0,"enemies":"2 Louse","floor":1,"turns":2},{"damage":2,"enemies":"Small Slimes","floor":2,"turns":2},{"damage":5,"enemies":"Gremlin Nob","floor":8,"turns":3},{"damage":11,"enemies":"Jaw Worm","floor":10,"turns":2},{"damage":21,"enemies":"Lagavulin","floor":12,"turns":4},{"damage":10,"enemies":"Looter","floor":13,"turns":3},{"damage":12,"enemies":"The Mushroom Lair","floor":14,"turns":3},{"damage":51,"enemies":"Hexaghost","floor":16,"turns":9},{"damage":10,"enemies":"Chosen","floor":18,"turns":3},{"damage":15,"enemies":"3 Byrds","floor":21,"turns":3},{"damage":3,"enemies":"3 Cultists","floor":22,"turns":4},{"damage":27,"enemies":"Slavers","floor":23,"turns":4},{"damage":27,"enemies":"Snake Plant","floor":24,"turns":3},{"damage":21,"enemies":"Gremlin Leader","floor":25,"turns":3},{"damage":61,"enemies":"Book of Stabbing","floor":27,"turns":6},{"damage":10,"enemies":"Sentry and Sphere","floor":28,"turns":2},{"damage":5,"enemies":"Shelled Parasite and Fungi","floor":30,"turns":2},{"damage":26,"enemies":"Automaton","floor":33,"turns":9},{"damage":10,"enemies":"Orb Walker","floor":35,"turns":3},{"damage":47,"enemies":"2 Orb Walkers","floor":36,"turns":3},{"damage":0,"enemies":"Mind Bloom Boss Battle","floor":37,"turns":5},{"damage":16,"enemies":"3 Darklings","floor":39,"turns":3},{"damage":28,"enemies":"Nemesis","floor":40,"turns":5},{"damage":31,"enemies":"Giant Head","floor":41,"turns":7},{"damage":19,"enemies":"Reptomancer","floor":42,"turns":3},{"damage":31,"enemies":"Maw","floor":48,"turns":4},{"damage":62,"enemies":"Time Eater","floor":50,"turns":7},{"damage":16,"enemies":"Shield and Spear","floor":54,"turns":3},{"damage":124,"enemies":"The Heart","floor":55,"turns":8}],"seed_played":"-6202482263408241244","potions_obtained":[{"floor":1,"key":"Swift Potion"},{"floor":10,"key":"Fire Potion"},{"floor":12,"key":"AttackPotion"},{"floor":14,"key":"ElixirPotion"},{"floor":16,"key":"Regen Potion"},{"floor":25,"key":"BloodPotion"},{"floor":27,"key":"Energy Potion"},{"floor":30,"key":"Fire Potion"},{"floor":36,"key":"HeartOfIron"}],"is_trial":false,"path_per_floor":["M","M","?","?","?","R","$","E","T","M","?","E","M","?","R","B",null,"M","$","?","M","M","E","M","E","T","E","M","R","M","?","R","B",null,"M","?","?","?","M","E","E","E","T","?","$","?","R","M","R","B",null,"R","$","E","B",null],"character_chosen":"IRONCLAD","items_purchased":["Mummified Hand","Inflame","Seeing Red","Bandage Up","MealTicket","Inflame","Heavy Blade","Body Slam","Dropkick","Charon\u0027s Ashes","Chrysalis","Ghostly Armor","Toxic Egg 2","Toolbox","Good Instincts+1","Armaments+1"],"campfire_rested":0,"item_purchase_floors":[0,0,0,0,0,0,0,0,7,19,19,19,45,45,45,45],"current_hp_per_floor":[80,80,64,80,80,80,80,80,80,79,79,68,68,66,66,25,80,80,80,80,80,80,65,48,60,60,35,31,49,54,54,72,60,80,80,58,80,80,70,66,81,85,85,85,94,94,94,73,94,58,94,94,94,84,53],"gold":60,"neow_bonus":"","is_daily":false,"chose_seed":false,"campfire_upgraded":3,"win_rate":0.0,"timestamp":1612079263,"path_taken":["M","M","?","?","?","R","$","E","T","M","?","E","?","?","R","BOSS","M","$","?","M","M","E","M","E","T","E","M","R","M","?","R","BOSS","M","?","?","?","?","E","E","E","T","?","$","?","R","M","R","BOSS","R","$","E","BOSS"],"items_purchased_type":["Relic","Card","Card","Card","Relic","Card","Card","Card","Card","Relic","Card","Card","Relic","Relic","Card","Card"],"build_version":"2020-12-22","purchased_purges":7,"victory":true,"max_hp_per_floor":[80,80,80,80,80,80,80,80,80,80,80,80,80,80,80,80,80,80,80,80,80,80,80,80,80,80,80,80,80,80,80,80,80,80,80,80,80,80,80,94,94,94,94,94,94,94,94,94,94,94,94,94,94,94,94],"card_choices":[{"not_picked":["Bloodletting","Anger"],"picked":"Armaments","floor":1},{"not_picked":["Sword Boomerang","Body Slam"],"picked":"Entrench","floor":2},{"not_picked":["Combust","Rage"],"picked":"Thunderclap","floor":8},{"not_picked":["Twin Strike","Clothesline"],"picked":"Warcry","floor":10},{"not_picked":["Second Wind","Iron Wave"],"picked":"Headbutt","floor":12},{"not_picked":["Iron Wave","Searing Blow"],"picked":"Pommel Strike","floor":13},{"not_picked":["Dark Embrace","Twin Strike"],"picked":"Headbutt","floor":14},{"not_picked":["Demon Form","Fiend Fire"],"picked":"Reaper","floor":16},{"not_picked":["True Grit","Clothesline"],"picked":"Spot Weakness","floor":18},{"not_picked":["Iron Wave","Rage"],"picked":"Armaments+1","floor":21},{"not_picked":["Perfected Strike","True Grit"],"picked":"Rampage+1","floor":22},{"not_picked":["Clothesline+1","Rampage"],"picked":"Thunderclap+1","floor":23},{"not_picked":["Headbutt","Clash"],"picked":"Twin Strike","floor":24},{"not_picked":["Iron Wave","Reckless Charge"],"picked":"Twin Strike+1","floor":25},{"not_picked":["Thunderclap+1","Fire Breathing"],"picked":"Metallicize","floor":27},{"not_picked":["Perfected Strike","Burning Pact"],"picked":"Warcry","floor":28},{"not_picked":["Searing Blow","Warcry"],"picked":"Pommel Strike+1","floor":30},{"not_picked":["Corruption","Bludgeon"],"picked":"Reaper","floor":33},{"not_picked":["Body Slam","Perfected Strike"],"picked":"Pummel+1","floor":35},{"not_picked":["Headbutt","Warcry+1"],"picked":"Shockwave","floor":36},{"not_picked":["Thunderclap+1","Twin Strike"],"picked":"Anger+1","floor":37},{"not_picked":["Ghostly Armor","Clash"],"picked":"Anger+1","floor":39},{"not_picked":["Iron Wave+1","Dual Wield+1"],"picked":"Limit Break","floor":40},{"not_picked":["Brutality","Entrench"],"picked":"Pommel Strike","floor":41},{"not_picked":["True Grit","Corruption"],"picked":"Demon Form","floor":42},{"not_picked":["Hemokinesis+1","Burning Pact+1"],"picked":"Fire Breathing+1","floor":48},{"not_picked":["Sword Boomerang+1","Clash+1"],"picked":"Blood for Blood+1","floor":54}],"player_experience":32275,"relics_obtained":[{"floor":8,"key":"MawBank"},{"floor":12,"key":"Nunchaku"},{"floor":14,"key":"Odd Mushroom"},{"floor":23,"key":"Bronze Scales"},{"floor":23,"key":"Sundial"},{"floor":25,"key":"Kunai"},{"floor":25,"key":"Bottled Flame"},{"floor":26,"key":"Girya"},{"floor":27,"key":"Mercury Hourglass"},{"floor":27,"key":"Eternal Feather"},{"floor":36,"key":"CaptainsWheel"},{"floor":37,"key":"WingedGreaves"},{"floor":40,"key":"Mango"},{"floor":40,"key":"Meat on the Bone"},{"floor":41,"key":"Toy Ornithopter"},{"floor":41,"key":"Whetstone"},{"floor":42,"key":"Molten Egg 2"},{"floor":42,"key":"Vajra"},{"floor":43,"key":"Juzu Bracelet"},{"floor":54,"key":"Shuriken"},{"floor":54,"key":"Ornamental Fan"}],"event_choices":[{"damage_healed":0,"gold_gain":0,"player_choice":"Entered Light","damage_taken":16,"max_hp_gain":0,"max_hp_loss":0,"event_name":"Shining Light","floor":3,"gold_loss":0,"cards_upgraded":["Defend_R","Inflame"]},{"damage_healed":20,"gold_gain":0,"player_choice":"Healed","damage_taken":0,"max_hp_gain":0,"max_hp_loss":0,"event_name":"The Cleric","floor":4,"gold_loss":35},{"damage_healed":0,"gold_gain":0,"player_choice":"Box","damage_taken":0,"relics_obtained":["Oddly Smooth Stone"],"max_hp_gain":0,"max_hp_loss":0,"event_name":"Big Fish","floor":5,"gold_loss":0,"cards_obtained":["Regret"]},{"damage_healed":0,"gold_gain":175,"player_choice":"AGREE","damage_taken":0,"max_hp_gain":0,"max_hp_loss":0,"event_name":"Liars Game","floor":11,"gold_loss":0,"cards_obtained":["Doubt"]},{"damage_healed":0,"gold_gain":0,"player_choice":"Fought Mushrooms","damage_taken":0,"max_hp_gain":0,"max_hp_loss":0,"event_name":"Mushrooms","floor":14,"gold_loss":0},{"damage_healed":0,"gold_gain":0,"player_choice":"Ignored","damage_taken":0,"max_hp_gain":0,"max_hp_loss":0,"event_name":"Ghosts","floor":20,"gold_loss":0},{"damage_healed":0,"gold_gain":0,"player_choice":"Inject Mutagens","damage_taken":0,"relics_obtained":["MutagenicStrength"],"max_hp_gain":0,"max_hp_loss":0,"event_name":"Drug Dealer","floor":31,"gold_loss":0},{"damage_healed":0,"gold_gain":0,"player_choice":"Fight","damage_taken":0,"max_hp_gain":0,"max_hp_loss":0,"event_name":"Mysterious Sphere","floor":36,"gold_loss":0},{"damage_healed":0,"gold_gain":0,"player_choice":"Fight","damage_taken":0,"max_hp_gain":0,"max_hp_loss":0,"event_name":"MindBloom","floor":37,"gold_loss":0},{"cards_removed":["Bash"],"damage_healed":0,"gold_gain":0,"player_choice":"Purged","damage_taken":0,"max_hp_gain":0,"max_hp_loss":0,"event_name":"Purifier","floor":38,"gold_loss":0},{"cards_removed":["Ghostly Armor"],"damage_healed":0,"gold_gain":0,"player_choice":"Removed Skill","damage_taken":0,"max_hp_gain":0,"max_hp_loss":0,"event_name":"Falling","floor":44,"gold_loss":0},{"damage_healed":0,"gold_gain":0,"player_choice":"Ignored","damage_taken":0,"max_hp_gain":0,"max_hp_loss":0,"event_name":"SecretPortal","floor":46,"gold_loss":0}],"is_beta":false,"boss_relics":[{"not_picked":["Calling Bell","Snecko Eye"],"picked":"Black Star"},{"not_picked":["Velvet Choker","Sozu"],"picked":"SlaversCollar"}],"items_purged_floors":[0,0,7,7,19,19,45],"is_endless":false,"potions_floor_spawned":[1,10,12,14,16,24,25,27,30,36,40,41,42],"ascension_level":0}}