{"host":"d9m9v0h6vo0edadb","time":1612108904,"event":{"mods":["BaseMod","Hermit","Keyboard Shortcuts","Minty Spire (QoL Compilation)","StSLib","SuperFastMode","The Cursed"],"gold_per_floor":[115,115,129,204,204,204,248,262,285,303,303,338,237,262,262,358,421,437,258,133,183,201,217,52,67,67,108,124,142,142,142,142],"floor_reached":31,"language":"KOR","playtime":454,"items_purged":["Strike_G","Strike_G","Strike_G"],"score":634,"play_id":"5686d957-0f76-46e7-a281-b4d244cea0a7","local_time":"20210201010144","is_ascension_mode":true,"campfire_choices":[{"data":"Cloak And Dagger","floor":6,"key":"SMITH"},{"floor":11,"key":"REST"},{"data":"Cloak And Dagger","floor":15,"key":"SMITH"}],"circlet_count":0,"master_deck":["AscendersBane","Strike_G+1","Strike_G+1","Defend_G","Defend_G","Defend_G","Defend_G","Defend_G","Survivor","Neutralize","Accuracy","Cloak And Dagger+1","Blade Dance+1","Backflip","Blade Dance","Footwork","Blade Dance","Cloak And Dagger+1","Envenom","After Image","Acrobatics","Escape Plan","Malaise","PiercingWail+1"],"relics":["Ring of the Snake","NeowsBlessing","Golden Idol","Nunchaku","PreservedInsect","The Specimen","Tiny House","Membership Card","The Courier","Omamori"],"acts_visited":["Exordium","TheCity"],"potions_floor_usage":[12,16,16,23,27,31],"damage_taken":[{"damage":0,"enemies":"2 Louse","floor":1,"turns":1},{"damage":0,"enemies":"Jaw Worm","floor":3,"turns":1},{"damage":0,"enemies":"Gremlin Nob","floor":7,"turns":1},{"damage":0,"enemies":"Cultist","floor":8,"turns":3},{"damage":9,"enemies":"Red Slaver","floor":10,"turns":3},{"damage":0,"enemies":"Lagavulin","floor":12,"turns":3},{"damage":0,"enemies":"3 Louse","floor":14,"turns":3},{"damage":5,"enemies":"The Guardian","floor":16,"turns":12},{"damage":1,"enemies":"Chosen","floor":18,"turns":3},{"damage":9,"enemies":"2 Thieves","floor":22,"turns":3},{"damage":0,"enemies":"3 Cultists","floor":23,"turns":5},{"damage":23,"enemies":"Chosen and Byrds","floor":25,"turns":7},{"damage":10,"enemies":"Gremlin Leader","floor":27,"turns":5},{"damage":0,"enemies":"Snecko","floor":28,"turns":4},{"damage":1,"enemies":"3 Cultists","floor":29,"turns":5},{"damage":11,"enemies":"Snake Plant","floor":31,"turns":3}],"seed_played":"-3952683425232565496","potions_obtained":[{"floor":1,"key":"CunningPotion"},{"floor":3,"key":"Block Potion"},{"floor":14,"key":"DuplicationPotion"},{"floor":16,"key":"BlessingOfTheForge"},{"floor":17,"key":"Poison Potion"},{"floor":28,"key":"Poison Potion"},{"floor":29,"key":"SkillPotion"}],"is_trial":false,"path_per_floor":["M","?","M","?","?","R","E","M","T","M","R","E","$","M","R","B",null,"M","$","$","?","M","M","$","M","T","E","M","M","?","M"],"character_chosen":"THE_SILENT","items_purchased":["Blade Dance","After Image","Membership Card"],"campfire_rested":1,"item_purchase_floors":[13,19,24],"current_hp_per_floor":[59,59,59,48,30,30,30,30,30,21,39,39,39,39,39,34,59,58,58,58,58,49,49,49,26,26,16,16,15,9,0,0],"gold":142,"neow_bonus":"THREE_ENEMY_KILL","is_daily":false,"chose_seed":false,"campfire_upgraded":2,"win_rate":0.0,"timestamp":1612108904,"path_taken":["M","?","M","?","?","R","E","?","T","M","R","E","?","?","R","BOSS","M","?","$","?","M","M","$","M","T","E","M","?","?","M"],"items_purchased_type":["Card","Card","Relic"],"build_version":"2020-12-22","purchased_purges":3,"victory":false,"max_hp_per_floor":[66,60,60,60,60,60,60,60,60,60,60,60,60,60,60,60,65,65,65,65,65,65,65,65,65,65,65,65,65,65,65,65],"card_choices":[{"not_picked":["Distraction","Choke"],"picked":"Accuracy","floor":1},{"not_picked":["Poisoned Stab","Backflip"],"picked":"Cloak And Dagger","floor":3},{"not_picked":["Infinite Blades","Cloak And Dagger"],"picked":"Blade Dance","floor":7},{"not_picked":["Endless Agony","Sucker Punch"],"picked":"Backflip","floor":8},{"not_picked":["Terror","Prepared"],"picked":"Blade Dance","floor":10},{"not_picked":["Bane","Flying Knee"],"picked":"Footwork","floor":12},{"not_picked":["Calculated Gamble","Dagger Throw"],"picked":"Cloak And Dagger","floor":14},{"not_picked":["Malaise","Wraith Form v2"],"picked":"Envenom","floor":16},{"not_picked":["Backflip","Endless Agony","Prepared"],"picked":"SKIP","floor":18},{"not_picked":["Backflip","Choke"],"picked":"Acrobatics","floor":22},{"not_picked":["Leg Sweep","Backflip+1"],"picked":"Escape Plan","floor":23},{"not_picked":["Blade Dance","Deflect"],"picked":"Malaise","floor":25},{"not_picked":["Dash","Endless Agony+1","Dodge and Roll"],"picked":"SKIP","floor":27},{"not_picked":["Blade Dance","Dodge and Roll","Bane"],"picked":"SKIP","floor":28},{"not_picked":["Sucker Punch","Distraction"],"picked":"PiercingWail+1","floor":29}],"player_experience":1002016,"relics_obtained":[{"floor":7,"key":"Nunchaku"},{"floor":9,"key":"PreservedInsect"},{"floor":12,"key":"The Specimen"},{"floor":26,"key":"The Courier"},{"floor":27,"key":"Omamori"}],"event_choices":[{"damage_healed":0,"gold_gain":0,"player_choice":"Lose Max HP","damage_taken":0,"relics_obtained":["Golden Idol"],"max_hp_gain":0,"max_hp_loss":6,"event_name":"Golden Idol","floor":2,"gold_loss":0},{"damage_healed":0,"gold_gain":75,"player_choice":"Gather Gold","damage_taken":11,"max_hp_gain":0,"max_hp_loss":0,"event_name":"World of Goop","floor":4,"gold_loss":0},{"damage_healed":0,"gold_gain":0,"player_choice":"Entered Light","damage_taken":18,"max_hp_gain":0,"max_hp_loss":0,"event_name":"Shining Light","floor":5,"gold_loss":0,"cards_upgraded":["Strike_G","Strike_G"]},{"damage_healed":0,"gold_gain":100,"player_choice":"Bet on Murderer","damage_taken":0,"max_hp_gain":0,"max_hp_loss":0,"event_name":"The Joust","floor":21,"gold_loss":50},{"damage_healed":0,"gold_gain":0,"player_choice":"","damage_taken":6,"max_hp_gain":0,"max_hp_loss":0,"event_name":"Knowing Skull","floor":30,"potions_obtained":[],"gold_loss":0,"cards_obtained":[]}],"is_beta":false,"boss_relics":[{"not_picked":["Calling Bell","Sozu"],"picked":"Tiny House"}],"items_purged_floors":[13,19,20],"is_endless":false,"potions_floor_spawned":[1,3,14,16,18,22,28,29],"killed_by":"Snake Plant","ascension_level":20}}