{"host":"yecadp3kwkksam5a","time":1612080499,"event":{"mods":["100% Spire Juice","Arknights","BaseMod","Minty Spire (QoL Compilation)","StSLib","SuperFastMode","The Cursed","WarShipGirlsR/??á´Ò³R mod"],"gold_per_floor":[109,122,133,152,152,27,27,57,57,72,72,102,72,86,86,158,158,146,146,146],"floor_reached":19,"language":"KOR","playtime":766,"items_purged":[],"score":432,"play_id":"1c7abfe6-387f-4d3d-9e24-7cb6f7f38e4d","local_time":"20210131170819","is_ascension_mode":true,"campfire_choices":[{"data":"True Grit","floor":11,"key":"SMITH"},{"floor":15,"key":"DIG"}],"circlet_count":0,"master_deck":["AscendersBane","Strike_R","Strike_R","Strike_R","Strike_R","Defend_R","Defend_R","Defend_R+1","Defend_R","Bash+1","Feel No Pain","True Grit+1","Burning Pact","Dropkick","Flash of Steel","Second Wind","Dark Embrace","Offering"],"relics":["Burning Blood","MealTicket","The Courier","Shovel","Pantograph","Coffee Dripper"],"acts_visited":["Exordium","TheCity"],"potions_floor_usage":[],"damage_taken":[{"damage":5.0,"enemies":"2 Louse","floor":1.0,"turns":4.0},{"damage":0.0,"enemies":"Small Slimes","floor":2.0,"turns":4.0},{"damage":6.0,"enemies":"Jaw Worm","floor":3.0,"turns":7.0},{"damage":19.0,"enemies":"Exordium Wildlife","floor":4.0,"turns":7.0},{"damage":23,"enemies":"Lagavulin","floor":8,"turns":8},{"damage":13,"enemies":"3 Louse","floor":10,"turns":6},{"damage":0,"enemies":"3 Sentries","floor":12,"turns":1},{"damage":5,"enemies":"Looter","floor":13,"turns":4},{"damage":6,"enemies":"2 Fungi Beasts","floor":14,"turns":7},{"damage":13,"enemies":"Slime Boss","floor":16,"turns":5},{"damage":20,"enemies":"2 Thieves","floor":18,"turns":4},{"damage":61,"enemies":"Masked Bandits","floor":19,"turns":3}],"seed_played":"839458971308641593","potions_obtained":[{"floor":2.0,"key":"Energy Potion"},{"floor":3.0,"key":"CultistPotion"}],"is_trial":false,"path_per_floor":["M","M","M","M","?","$","?","E","T","M","R","E","M","M","R","B",null,"M","?"],"character_chosen":"IRONCLAD","items_purchased":["Dropkick","Flash of Steel"],"campfire_rested":0,"item_purchase_floors":[6,6],"current_hp_per_floor":[76,82,82,69,69,69,53,36,36,29,29,35,36,36,36,54,75,61,0,0],"gold":146,"neow_bonus":"TEN_PERCENT_HP_BONUS","is_daily":false,"chose_seed":false,"campfire_upgraded":1,"win_rate":0.0,"timestamp":1612080499,"path_taken":["M","M","M","M","?","$","?","E","T","M","R","E","M","M","R","BOSS","M","?"],"items_purchased_type":["Card","Card"],"build_version":"2020-12-22","purchased_purges":0,"victory":false,"max_hp_per_floor":[82,82,82,82,82,82,82,82,82,82,82,82,82,82,82,82,82,82,82,82],"card_choices":[{"not_picked":["Body Slam","Cleave"],"picked":"Feel No Pain","floor":1.0},{"not_picked":["Anger","Sword Boomerang"],"picked":"True Grit","floor":2.0},{"not_picked":["Havoc","Heavy Blade"],"picked":"Burning Pact","floor":3.0},{"not_picked":["Thunderclap","Heavy Blade","Clothesline"],"picked":"SKIP","floor":4.0},{"not_picked":["Sever Soul","Anger"],"picked":"Second Wind","floor":8},{"not_picked":["Body Slam","Combust"],"picked":"Dark Embrace","floor":10},{"not_picked":["Disarm","Havoc","Perfected Strike"],"picked":"SKIP","floor":12},{"not_picked":["Anger","Headbutt","Iron Wave"],"picked":"SKIP","floor":13},{"not_picked":["Havoc","Clash"],"picked":"Offering","floor":14},{"not_picked":["Sword Boomerang","Flex","Feel No Pain"],"picked":"SKIP","floor":18}],"player_experience":575206,"relics_obtained":[{"floor":8,"key":"MealTicket"},{"floor":9,"key":"The Courier"},{"floor":12,"key":"Shovel"},{"floor":15,"key":"Pantograph"}],"event_choices":[{"cards_removed":["Strike_R"],"damage_healed":0.0,"max_hp_gain":0.0,"max_hp_loss":0.0,"gold_gain":0.0,"event_name":"Living Wall","player_choice":"Forget","floor":5.0,"gold_loss":0.0,"damage_taken":0.0},{"damage_healed":0.0,"max_hp_gain":0.0,"max_hp_loss":0.0,"gold_gain":0.0,"event_name":"Shining Light","player_choice":"Entered Light","floor":7.0,"gold_loss":0.0,"damage_taken":16.0,"cards_upgraded":["Bash","Defend_R"]},{"damage_healed":0,"gold_gain":0,"player_choice":"Fought Bandits","damage_taken":0,"max_hp_gain":0,"max_hp_loss":0,"event_name":"Masked Bandits","floor":19,"gold_loss":0}],"is_beta":false,"boss_relics":[{"not_picked":["Sozu","SacredBark"],"picked":"Coffee Dripper"}],"items_purged_floors":[],"is_endless":false,"potions_floor_spawned":[2,3,10,12,14],"killed_by":"Masked Bandits","ascension_level":14}}