{"host":"b2j09bgckbzjrujr","time":1640940015,"event":{"mods":["AchievementEnabler","Aspiration","BaseMod","BetterRewards","Colored Map","Colored Powertips","Conspire","Friendly Minions","Infinite Spire","Marisa£®ÏF”Í°°ƒß¿Ì…≥£©","Minty Spire (QoL Compilation)","Quick Restart","Rare Cards Sparkle","Reimu£®≤©¿ˆ¡È√Œ£©","Remilia£®¿Ÿ√◊¿Ú—«£©","Replay The Spire","Shop Mod","StSLib","SuperFastMode","TestMod","The Cursed","The Jungle","The Servant 0.9.4","Waifu the Spire","Youmu£®ªÍ∆«—˝√Œ£©","Yuyuko"],"gold_per_floor":[114,114,131,131,131,162,177,177,257,270,290,290,306,25,25,127,127,139,139,139,139,139,139,159,193,193,11,21,121,121,148,148,249,249,268,268,283,45,55,55,55,55,127,146,180,200,227,227,227,227,227,227,152,183,183],"floor_reached":56,"language":"ZHS","playtime":2226,"items_purged":["Strike_R","Defend_R+1"],"score":2002,"play_id":"2fb0cd25-9ac4-4e5f-951d-ffb45bc040dd","local_time":"20211231164015","is_ascension_mode":true,"campfire_choices":[{"data":"testmod-SunMoon","floor":8.0,"key":"SMITH"},{"data":"Bash","floor":23.0,"key":"SMITH"},{"floor":30.0,"key":"REST"},{"floor":30.0,"key":"RECALL"},{"data":"Defend_R","floor":32,"key":"SMITH"},{"floor":40,"key":"REST"},{"data":"Strike_R","floor":40,"key":"SMITH"},{"data":"Defend_R","floor":42,"key":"SMITH"},{"floor":49,"key":"REST"},{"floor":52,"key":"REST"}],"circlet_count":0,"master_deck":["Strike_R+1","Defend_R+1","Bash+1","testmod-SunMoon+1","Flex+1","Injury","conspire:HitWhereItHurts+1","Voices","Seeing Red+1"],"relics":["testmod-TestBox","Mummified Hand","Iron Hammer","Molten Egg 2","MerchantsRug","Divine Protection","Runic Pyramid","Ring of Hypnosis","ReplayTheSpireMod:Ring of Collecting","Pet Ghost","Ring of Misfortune","infinitespire:WardingShard","infinitespire:Magic Flask","HornCleat","Pear","testmod-NegativeEmotionEnhancer","testmod-BalancedPeriapt","Ring of Panic","infinitespire:CheckeredPen","infinitespire:Satchel","Pocketwatch","Blood Vial"],"acts_visited":["Exordium","TheCity","TheBeyond","TheEnding"],"potions_floor_usage":[33,33,55,55],"damage_taken":[{"damage":0.0,"enemies":"Small Slimes","floor":1.0,"turns":2.0},{"damage":0.0,"enemies":"Cultist","floor":3.0,"turns":2.0},{"damage":6.0,"enemies":"Replay:BlueRogue","floor":6.0,"turns":3.0},{"damage":3.0,"enemies":"conspire:RoseBush","floor":7.0,"turns":1.0},{"damage":6.0,"enemies":"conspire:2 RoseBushes","floor":10.0,"turns":3.0},{"damage":20.0,"enemies":"Lots of Slimes","floor":11.0,"turns":3.0},{"damage":0.0,"enemies":"3 Louse","floor":13.0,"turns":3.0},{"damage":30.0,"enemies":"Slime Boss","floor":16.0,"turns":9.0},{"damage":4.0,"enemies":"Chosen","floor":18.0,"turns":2.0},{"damage":21.0,"enemies":"2 Thieves","floor":24.0,"turns":3.0},{"damage":2.0,"enemies":"Book of Stabbing","floor":25.0,"turns":2.0},{"damage":0.0,"enemies":"3 Cultists","floor":28.0,"turns":3.0},{"damage":3.0,"enemies":"Colosseum Slavers","floor":29.0,"turns":2.0},{"damage":0.0,"enemies":"Colosseum Nobs","floor":29.0,"turns":3.0},{"damage":0,"enemies":"conspire:Head Lice","floor":31,"turns":6},{"damage":12,"enemies":"Collector","floor":33,"turns":6},{"damage":0,"enemies":"Orb Walker","floor":35,"turns":2},{"damage":8,"enemies":"3 Shapes","floor":37,"turns":3},{"damage":0,"enemies":"Maw","floor":39,"turns":1},{"damage":0,"enemies":"Transient","floor":44,"turns":3},{"damage":0,"enemies":"Nemesis","floor":45,"turns":1},{"damage":0,"enemies":"Sphere and 2 Shapes","floor":46,"turns":2},{"damage":0,"enemies":"R_Hoarder","floor":47,"turns":2},{"damage":27,"enemies":"infinitespire:MassOfShapes","floor":50,"turns":4},{"damage":0,"enemies":"Shield and Spear","floor":54,"turns":1},{"damage":34,"enemies":"The Heart","floor":55,"turns":3}],"seed_played":"-6645413054276298795","potions_obtained":[{"floor":7.0,"key":"Ancient Potion"},{"floor":10.0,"key":"FearPotion"},{"floor":11.0,"key":"AttackPotion"},{"floor":28.0,"key":"SkillPotion"},{"floor":29.0,"key":"LifebloodPotion"},{"floor":36,"key":"testmod-TestPotion"},{"floor":36,"key":"ColorlessPotion"},{"floor":36,"key":"Adrenaline Potion"}],"is_trial":false,"path_per_floor":["M","$","M","?","$","E","M","R","T","M","M","?","M","$","R_BF","B",null,"M","AVR","?","?","?","R","M","E","T","$","M","?","R","E","R_BF","B",null,"M","?","M","$","M","R","?","R","T","M","E","M","E","?","R","B",null,"R","$","E","B",null],"character_chosen":"IRONCLAD","items_purchased":["MerchantsRug","Divine Protection","infinitespire:WardingShard","testmod-BalancedPeriapt"],"campfire_rested":4,"item_purchase_floors":[14,14,27,38],"current_hp_per_floor":[80,80,80,80,80,74,71,71,71,65,45,45,45,45,69,39,80,76,76,76,76,76,76,55,53,53,53,53,50,74,84,84,72,90,91,91,85,85,89,92,92,92,92,92,92,92,92,92,92,72,92,92,92,92,62],"gold":183,"neow_bonus":"BOSS_RELIC","is_daily":false,"chose_seed":false,"campfire_upgraded":5,"win_rate":0.0,"timestamp":1640940015,"path_taken":["M","$","M","?","?","E","M","R","T","M","M","?","?","?","R_BF","BOSS","M","AVR","?","?","?","R","?","E","T","$","M","?","R","E","R_BF","BOSS","M","?","?","$","?","R","?","R","T","M","E","M","E","?","R","BOSS","R","$","E","BOSS"],"items_purchased_type":["Relic","Relic","Relic","Relic"],"build_version":"2020-12-22","purchased_purges":2,"victory":true,"max_hp_per_floor":[80,80,80,80,80,80,80,80,80,80,80,80,80,80,80,80,80,80,80,80,80,80,80,80,80,80,80,80,80,80,90,90,90,90,91,91,92,92,92,92,92,92,92,92,92,92,92,92,92,92,92,92,92,92,92],"card_choices":[{"not_picked":["Sword Boomerang","ReplayTheSpireMod:Strike From Hell"],"picked":"Flex","floor":1.0},{"not_picked":["Run Through","Infernal Blade","Thunderclap"],"picked":"SKIP","floor":3.0},{"not_picked":["Blood for Blood","Hemokinesis","Replay:Undeath\u0027s Touch"],"picked":"SKIP","floor":6.0},{"not_picked":["Wild Strike","Twin Strike","Headbutt"],"picked":"SKIP","floor":7.0},{"not_picked":["Iron Wave","Carnage","Clothesline"],"picked":"SKIP","floor":10.0},{"not_picked":["conspire:Charge","Sever Soul","Run Through"],"picked":"SKIP","floor":11.0},{"not_picked":["Life Link","Iron Wave+1","Body Slam+1"],"picked":"SKIP","floor":13.0},{"not_picked":["Exhume","Juggernaut"],"picked":"conspire:HitWhereItHurts+1","floor":16.0},{"not_picked":["Reckless Charge+1","Spot Weakness","Wild Strike+1"],"picked":"SKIP","floor":18.0},{"not_picked":["Wild Strike+1","Defy Death+1","Reckless Charge+1"],"picked":"SKIP","floor":24.0},{"not_picked":["Hemokinesis+1","Ghostly Armor","Entrench"],"picked":"SKIP","floor":25.0},{"not_picked":["True Grit","Feel No Pain","Run Through+1"],"picked":"SKIP","floor":28.0},{"not_picked":["Armaments","Twin Strike+1","Sword Boomerang+1"],"picked":"SKIP","floor":31},{"not_picked":["Heavy Blade+1","Twin Strike+1","Iron Wave+1"],"picked":"SKIP","floor":35},{"not_picked":["ReplayTheSpireMod:Strike From Hell+1","Pommel Strike+1","Havoc+1"],"picked":"SKIP","floor":37},{"not_picked":["Perfected Strike+1","ReplayTheSpireMod:Stacked+1","Run Through+1"],"picked":"SKIP","floor":39},{"not_picked":["Havoc","Blood for Blood+1","ReplayTheSpireMod:Strike From Hell+1"],"picked":"SKIP","floor":44},{"not_picked":["Shrug It Off","Feel No Pain","Twin Strike+1"],"picked":"SKIP","floor":45},{"not_picked":["conspire:Purge","True Grit"],"picked":"Seeing Red+1","floor":46},{"not_picked":["Pommel Strike+1","Carnage+1","Armaments+1"],"picked":"SKIP","floor":47},{"not_picked":["Heavy Blade+1","Bloodletting","Demon Form"],"picked":"SKIP","floor":54}],"player_experience":52301,"relics_obtained":[{"floor":6.0,"key":"Mummified Hand"},{"floor":9.0,"key":"Iron Hammer"},{"floor":22.0,"key":"Ring of Hypnosis"},{"floor":22.0,"key":"ReplayTheSpireMod:Ring of Collecting"},{"floor":25.0,"key":"Pet Ghost"},{"floor":26.0,"key":"Ring of Misfortune"},{"floor":29.0,"key":"infinitespire:Magic Flask"},{"floor":29.0,"key":"HornCleat"},{"floor":31,"key":"Pear"},{"floor":43,"key":"Ring of Panic"},{"floor":43,"key":"infinitespire:CheckeredPen"},{"floor":45,"key":"infinitespire:Satchel"},{"floor":47,"key":"Pocketwatch"},{"floor":54,"key":"Blood Vial"}],"event_choices":[{"damage_healed":0.0,"max_hp_gain":0.0,"max_hp_loss":0.0,"gold_gain":0.0,"event_name":"Wheel of Change","player_choice":"Full Heal","floor":4.0,"gold_loss":0.0,"damage_taken":0.0},{"damage_healed":0.0,"max_hp_gain":0.0,"max_hp_loss":0.0,"gold_gain":0.0,"event_name":"Colosseum","player_choice":"Fight","floor":29.0,"gold_loss":0.0,"damage_taken":0.0},{"damage_healed":0.0,"max_hp_gain":0.0,"max_hp_loss":0.0,"gold_gain":0.0,"event_name":"Colosseum","player_choice":"Fought Nobs","floor":29.0,"gold_loss":0.0,"damage_taken":0.0},{"damage_healed":0,"gold_gain":0,"player_choice":"Got Potions","damage_taken":0,"max_hp_gain":0,"max_hp_loss":0,"event_name":"Lab","floor":36,"gold_loss":0},{"damage_healed":0,"gold_gain":0,"player_choice":"Leave","damage_taken":0,"max_hp_gain":0,"max_hp_loss":0,"event_name":"conspire:Investor","floor":41,"gold_loss":0},{"damage_healed":0,"gold_gain":0,"player_choice":"Ignored","damage_taken":0,"max_hp_gain":0,"max_hp_loss":0,"event_name":"Fountain of Cleansing","floor":48,"gold_loss":0}],"is_beta":false,"boss_relics":[{"not_picked":["Velvet Choker","Replay:Bronze Core"],"picked":"Runic Pyramid"},{"not_picked":["testmod-Recursion","Black Star"],"picked":"testmod-NegativeEmotionEnhancer"}],"items_purged_floors":[19,53],"is_endless":false,"potions_floor_spawned":[7,10,11,13,18,28,29,29,39,44,47],"ascension_level":4}}