{"host":"ypzb5vvnu9f3ii1t","time":1612096640,"event":{"mods":["AchievementEnabler","BaseMod","Colored Map","DeckTracker","Keyboard Shortcuts","Minty Spire (QoL Compilation)","Permanent Neow","Quick Restart","SuperFastMode"],"gold_per_floor":[113,65,80,10,27,55,55,72,141,141,141,141,167,167,167,270,270,281,281,155,169,181,210,67,67,67,67,34,34,46,63,63,161,161,177,190,240,240,240,240,253,273,273,171,171,22,39,59,59,59],"floor_reached":51,"language":"KOR","playtime":2368,"items_purged":["Strike_G"],"score":1083,"play_id":"c705dd23-e322-48dc-a610-5c0974f54366","local_time":"20210131213720","is_ascension_mode":true,"campfire_choices":[{"data":"Catalyst","floor":7.0,"key":"SMITH"},{"floor":11.0,"key":"REST"},{"data":"Dodge and Roll","floor":15.0,"key":"SMITH"},{"data":"Night Terror","floor":25.0,"key":"SMITH"},{"floor":32.0,"key":"REST"},{"data":"Deadly Poison","floor":40.0,"key":"SMITH"},{"floor":49,"key":"REST"}],"circlet_count":0,"master_deck":["Strike_G","Strike_G","Defend_G","Defend_G","Defend_G","Defend_G","Survivor","Neutralize","Deadly Poison","Deadly Poison","Crippling Poison+1","Dodge and Roll+1","Catalyst+1","PiercingWail","Venomology","Deadly Poison+1","PiercingWail","Night Terror+1","Backstab","Bane+1","CurseOfTheBell","Bouncing Flask+1","Madness","Footwork"],"relics":["Ring of the Snake","NeowsBlessing","FossilizedHelix","Potion Belt","HornCleat","Blue Candle","Meat on the Bone","Philosopher\u0027s Stone","Snake Skull","TwistedFunnel","Boot","Calling Bell","Strawberry","Shuriken","Pocketwatch","WingedGreaves","Sundial","Lee\u0027s Waffle"],"acts_visited":["Exordium","TheCity","TheBeyond"],"potions_floor_usage":[50,50,50,50],"damage_taken":[{"damage":0.0,"enemies":"2 Louse","floor":1.0,"turns":1.0},{"damage":0.0,"enemies":"Cultist","floor":3.0,"turns":1.0},{"damage":0.0,"enemies":"Jaw Worm","floor":5.0,"turns":1.0},{"damage":15.0,"enemies":"Gremlin Nob","floor":6.0,"turns":4.0},{"damage":3.0,"enemies":"Large Slime","floor":8.0,"turns":8.0},{"damage":0.0,"enemies":"Lagavulin","floor":13.0,"turns":6.0},{"damage":0.0,"enemies":"The Guardian","floor":16.0,"turns":8.0},{"damage":7.0,"enemies":"Shell Parasite","floor":18.0,"turns":4.0},{"damage":5.0,"enemies":"Chosen","floor":21.0,"turns":3.0},{"damage":3.0,"enemies":"3 Cultists","floor":22.0,"turns":7.0},{"damage":4.0,"enemies":"Slavers","floor":23.0,"turns":8.0},{"damage":7.0,"enemies":"Centurion and Healer","floor":30.0,"turns":4.0},{"damage":0.0,"enemies":"Snake Plant","floor":31.0,"turns":3.0},{"damage":0.0,"enemies":"Champ","floor":33.0,"turns":4.0},{"damage":10.0,"enemies":"3 Darklings","floor":35.0,"turns":3.0},{"damage":0.0,"enemies":"3 Shapes","floor":36.0,"turns":3.0},{"damage":0.0,"enemies":"Mind Bloom Boss Battle","floor":37.0,"turns":2.0},{"damage":6.0,"enemies":"Maw","floor":41.0,"turns":5.0},{"damage":9.0,"enemies":"Sphere and 2 Shapes","floor":42.0,"turns":5.0},{"damage":0.0,"enemies":"Spire Growth","floor":47.0,"turns":3.0},{"damage":16,"enemies":"4 Shapes","floor":48,"turns":3},{"damage":81,"enemies":"Awakened One","floor":50,"turns":12}],"seed_played":"2157499686267234360","potions_obtained":[{"floor":1.0,"key":"Fire Potion"},{"floor":3.0,"key":"SkillPotion"},{"floor":8.0,"key":"LiquidBronze"},{"floor":21.0,"key":"SneckoOil"},{"floor":23.0,"key":"Strength Potion"},{"floor":31.0,"key":"Block Potion"},{"floor":36.0,"key":"Block Potion"},{"floor":41.0,"key":"Dexterity Potion"}],"is_trial":false,"path_per_floor":["M","$","M","?","M","E","R","M","T","?","R","?","E","?","R","B",null,"M","?","$","M","M","E","$","R","T","?","$","$","M","M","R","B",null,"M","M","?","?","?","R","M","M","T","$","?","$","M","M","R","B",null],"character_chosen":"THE_SILENT","items_purchased":["Deadly Poison","Fire Potion","TwistedFunnel","Backstab","FairyPotion","Lee\u0027s Waffle"],"campfire_rested":3,"item_purchase_floors":[2,20,24,28,44,46],"current_hp_per_floor":[63,63,63,63,63,48,48,45,45,45,66,59,59,59,59,59,67,60,60,60,55,52,48,48,48,48,48,48,48,41,41,62,62,75,65,65,65,55,55,55,49,40,40,40,40,84,84,68,84,15],"gold":59,"neow_bonus":"THREE_ENEMY_KILL","is_daily":false,"chose_seed":false,"campfire_upgraded":4,"win_rate":0.0,"timestamp":1612096640,"path_taken":["M","$","M","?","?","E","R","M","T","?","R","?","E","?","R","BOSS","M","?","?","?","?","E","$","R","T","?","?","$","M","?","R","BOSS","M","?","?","?","?","R","?","M","T","$","?","$","?","M","R","BOSS"],"items_purchased_type":["Card","Potion","Relic","Card","Potion","Relic"],"build_version":"2020-12-22","purchased_purges":1,"victory":true,"max_hp_per_floor":[70,70,70,70,70,70,70,70,70,70,70,70,70,70,70,70,70,70,70,70,70,70,70,70,70,70,70,70,70,70,70,70,70,77,77,77,77,77,77,77,77,77,77,77,77,84,84,84,84,84],"card_choices":[{"not_picked":["Choke","Flying Knee"],"picked":"Deadly Poison","floor":1.0},{"not_picked":["Acrobatics","Expertise"],"picked":"Crippling Poison","floor":3.0},{"not_picked":["Caltrops","Terror"],"picked":"Dodge and Roll","floor":5.0},{"not_picked":["Dagger Throw","Predator"],"picked":"Catalyst","floor":6.0},{"not_picked":["Underhanded Strike","Dagger Spray"],"picked":"PiercingWail","floor":8.0},{"not_picked":["Sucker Punch","Quick Slash","Phantasmal Killer"],"picked":"SKIP","floor":13.0},{"not_picked":["Wraith Form v2","Doppelganger"],"picked":"Venomology","floor":16.0},{"not_picked":["Deflect","Riddle With Holes"],"picked":"Deadly Poison","floor":18.0},{"not_picked":["Acrobatics","Dagger Spray"],"picked":"PiercingWail","floor":21.0},{"not_picked":["Prepared","Sucker Punch+1","Riddle With Holes"],"picked":"SKIP","floor":22.0},{"not_picked":["Backflip+1","Acrobatics"],"picked":"Night Terror","floor":23.0},{"not_picked":["Poisoned Stab","Caltrops","Blade Dance"],"picked":"SKIP","floor":30.0},{"not_picked":["Night Terror","Caltrops+1"],"picked":"Bane+1","floor":31.0},{"not_picked":["Flying Knee+1","Poisoned Stab+1"],"picked":"Bouncing Flask+1","floor":35.0},{"not_picked":["Cloak And Dagger","Slice+1","Dagger Spray"],"picked":"SKIP","floor":36.0},{"not_picked":["Flechettes","Crippling Poison","Slice"],"picked":"SKIP","floor":41.0},{"not_picked":["Riddle With Holes+1","Wraith Form v2"],"picked":"Footwork","floor":42.0},{"not_picked":["Choke+1","Deadly Poison","Poisoned Stab+1"],"picked":"SKIP","floor":47.0},{"not_picked":["Concentrate+1","Noxious Fumes+1","Dash"],"picked":"SKIP","floor":48}],"player_experience":148860,"relics_obtained":[{"floor":6.0,"key":"Potion Belt"},{"floor":9.0,"key":"HornCleat"},{"floor":13.0,"key":"Meat on the Bone"},{"floor":23.0,"key":"Snake Skull"},{"floor":26.0,"key":"Boot"},{"floor":34.0,"key":"Strawberry"},{"floor":34.0,"key":"Shuriken"},{"floor":34.0,"key":"Pocketwatch"},{"floor":37.0,"key":"WingedGreaves"},{"floor":43.0,"key":"Sundial"}],"event_choices":[{"damage_healed":0.0,"max_hp_gain":0.0,"max_hp_loss":0.0,"gold_gain":0.0,"event_name":"WeMeetAgain","player_choice":"Paid Gold","floor":4.0,"gold_loss":70.0,"damage_taken":0.0,"relics_obtained":["FossilizedHelix"]},{"cards_removed":["Strike_G"],"damage_healed":0.0,"max_hp_gain":0.0,"max_hp_loss":0.0,"gold_gain":0.0,"event_name":"Living Wall","player_choice":"Forget","floor":10.0,"gold_loss":0.0,"damage_taken":0.0},{"damage_healed":0.0,"max_hp_gain":0.0,"max_hp_loss":0.0,"gold_gain":0.0,"event_name":"Scrap Ooze","player_choice":"Success","floor":12.0,"gold_loss":0.0,"damage_taken":7.0,"relics_obtained":["Blue Candle"]},{"damage_healed":0.0,"max_hp_gain":0.0,"max_hp_loss":0.0,"gold_gain":0.0,"event_name":"Upgrade Shrine","player_choice":"Upgraded","floor":14.0,"gold_loss":0.0,"damage_taken":0.0,"cards_upgraded":["Crippling Poison"]},{"damage_healed":0.0,"max_hp_gain":0.0,"max_hp_loss":0.0,"gold_gain":0.0,"event_name":"N\u0027loth","player_choice":"Ignored","floor":19.0,"gold_loss":0.0,"damage_taken":0.0},{"cards_removed":["Strike_G"],"damage_healed":0.0,"max_hp_gain":0.0,"max_hp_loss":0.0,"gold_gain":0.0,"event_name":"Bonfire Elementals","player_choice":"Offered Basic","floor":27.0,"gold_loss":0.0,"damage_taken":0.0},{"damage_healed":0.0,"max_hp_gain":0.0,"max_hp_loss":0.0,"gold_gain":0.0,"event_name":"MindBloom","player_choice":"Fight","floor":37.0,"gold_loss":0.0,"damage_taken":0.0},{"damage_healed":0.0,"max_hp_gain":0.0,"max_hp_loss":0.0,"gold_gain":0.0,"event_name":"Winding Halls","player_choice":"Embrace Madness","floor":38.0,"gold_loss":0.0,"damage_taken":10.0,"cards_obtained":["Madness","Madness"]},{"cards_removed":["Defend_G"],"damage_healed":0.0,"max_hp_gain":0.0,"max_hp_loss":0.0,"gold_gain":0.0,"event_name":"Falling","player_choice":"Removed Skill","floor":39.0,"gold_loss":0.0,"damage_taken":0.0},{"cards_removed":["Madness"],"damage_healed":0.0,"max_hp_gain":0.0,"max_hp_loss":0.0,"gold_gain":0.0,"event_name":"Purifier","player_choice":"Purged","floor":45.0,"gold_loss":0.0,"damage_taken":0.0}],"is_beta":false,"boss_relics":[{"not_picked":["Fusion Hammer","Ectoplasm"],"picked":"Philosopher\u0027s Stone"},{"not_picked":["Velvet Choker","Pandora\u0027s Box"],"picked":"Calling Bell"}],"items_purged_floors":[20],"is_endless":false,"potions_floor_spawned":[1,3,8,21,23,31,36,41,42],"ascension_level":6}}