{"host":"x8sop9v6zw8yitbt","time":1612067136,"event":{"mods":["BaseMod","Best Route Mod","Block Reminder","Colored Powertips","Dark Map","DeckTracker","Minty Spire (QoL Compilation)","Permanent Neow","Quick Restart","Relic Stats","Reliquary","Slay-I","StSLib"],"gold_per_floor":[110,110,110,122,47,77,96,96,96,96,171,185,185,216,216,216,216],"floor_reached":16,"language":"ENG","playtime":417,"items_purged":["Regret"],"score":113,"play_id":"641b82c4-63bb-43a4-9af5-fc87b2a30b7f","local_time":"20210130232536","is_ascension_mode":true,"campfire_choices":[{"floor":8,"key":"REST"},{"data":"Dodge and Roll","floor":10,"key":"SMITH"},{"data":"Deflect","floor":15,"key":"SMITH"}],"circlet_count":0,"master_deck":["Strike_G","Strike_G","Strike_G","Strike_G","Strike_G","Defend_G","Defend_G","Defend_G","Defend_G","Defend_G","Survivor","Neutralize+1","Blur+1","Dodge and Roll+1","PiercingWail","Slice","Deflect+1"],"relics":["Ring of the Snake","Letter Opener","Regal Pillow","Incense Burner","Boot","Bronze Scales"],"acts_visited":["Exordium"],"potions_floor_usage":[16],"damage_taken":[{"damage":2,"enemies":"Small Slimes","floor":1,"turns":4},{"damage":1,"enemies":"2 Louse","floor":4,"turns":3},{"damage":65,"enemies":"Gremlin Nob","floor":6,"turns":8},{"damage":0,"enemies":"Jaw Worm","floor":7,"turns":6},{"damage":0,"enemies":"Lots of Slimes","floor":12,"turns":3},{"damage":2,"enemies":"3 Sentries","floor":14,"turns":10},{"damage":1,"enemies":"Hexaghost","floor":16,"turns":11}],"seed_played":"7588244337803281382","potions_obtained":[{"floor":1,"key":"Energy Potion"},{"floor":14,"key":"Block Potion"}],"is_trial":false,"path_per_floor":["M","?","?","M","$","E","M","R","T","R","?","M","T","E","R","B"],"character_chosen":"THE_SILENT","items_purchased":[],"campfire_rested":1,"item_purchase_floors":[],"current_hp_per_floor":[68,68,68,67,67,2,2,38,38,38,27,27,27,25,25,24,24],"gold":216,"neow_bonus":"UPGRADE_CARD","is_daily":false,"chose_seed":false,"campfire_upgraded":2,"win_rate":0.0,"timestamp":1612067136,"path_taken":["M","?","?","M","?","E","?","R","T","R","?","M","?","E","R","BOSS"],"items_purchased_type":[],"build_version":"2020-12-22","purchased_purges":1,"victory":false,"max_hp_per_floor":[70,70,70,70,70,70,70,70,70,70,70,70,70,70,70,70,70],"relic_stats":{"Regal Pillow":15,"counters":[7,45],"Bronze Scales":[60],"Letter Opener":[124],"Boot":[6],"obtain_stats":[{"Regal Pillow":6,"Bronze Scales":14,"Incense Burner":9,"Letter Opener":3,"Boot":13,"Ring of the Snake":0},{"Regal Pillow":3,"Bronze Scales":6,"Incense Burner":4,"Letter Opener":1,"Boot":5,"Ring of the Snake":0},{"Regal Pillow":15,"Bronze Scales":34,"Incense Burner":21,"Letter Opener":4,"Boot":24,"Ring of the Snake":0}],"Ring of the Snake":[14]},"card_choices":[{"not_picked":["Flechettes","Dagger Throw"],"picked":"Blur","floor":1},{"not_picked":["Calculated Gamble","Outmaneuver"],"picked":"Dodge and Roll","floor":4},{"not_picked":["Flying Knee","Bane"],"picked":"PiercingWail","floor":6},{"not_picked":["Sucker Punch","Expertise"],"picked":"Slice","floor":7},{"not_picked":["Underhanded Strike","Skewer","Catalyst"],"picked":"SKIP","floor":12},{"not_picked":["Noxious Fumes","Well Laid Plans"],"picked":"Deflect","floor":14}],"player_experience":865381,"relics_obtained":[{"floor":6,"key":"Regal Pillow"},{"floor":9,"key":"Incense Burner"},{"floor":13,"key":"Boot"},{"floor":14,"key":"Bronze Scales"}],"event_choices":[{"damage_healed":0,"gold_gain":0,"player_choice":"Grow","damage_taken":0,"max_hp_gain":0,"max_hp_loss":0,"event_name":"Living Wall","floor":2,"gold_loss":0,"cards_upgraded":["Blur"]},{"damage_healed":0,"gold_gain":0,"player_choice":"Box","damage_taken":0,"relics_obtained":["Letter Opener"],"max_hp_gain":0,"max_hp_loss":0,"event_name":"Big Fish","floor":3,"gold_loss":0,"cards_obtained":["Regret"]},{"damage_healed":0,"gold_gain":75,"player_choice":"Gather Gold","damage_taken":11,"max_hp_gain":0,"max_hp_loss":0,"event_name":"World of Goop","floor":11,"gold_loss":0}],"is_beta":false,"boss_relics":[],"items_purged_floors":[5],"is_endless":false,"potions_floor_spawned":[1,14],"killed_by":"Hexaghost","ascension_level":1}}