{"host":"AcidLead","time":1612053540,"event":{"mods":["2.2 Compatiblity","BaseMod","Conspire","Downfall","GifTheSpireLib","Gremlin Mod","Hermit","Hubris","Mimic Mod","Minty Spire (QoL Compilation)","Replay The Spire","Shop Mod","Spicy Shops","StSLib","Stuff the Spire","The Construct","The Cursed","The Disciple","The Jungle","The Runesmith"],"gold_per_floor":[113,113,128,128,144,169,169,203,233,249,259,259,324,354,354,452,452,472,622,639,2,15,15,15,46,46,46,76,87,121,4,4,109,109,125,138,108,123,134,134,160,160,160,7,20,67,81,21,21,21,21,21,12,47,47],"floor_reached":56,"language":"ENG","playtime":6716,"items_purged":["hermit:Strike_Hermit","hermit:Defend_Hermit"],"score":1582,"play_id":"32d5ec2b-f8db-450f-aa7a-3f23eb1885e9","local_time":"20210130183900","is_ascension_mode":true,"campfire_choices":[{"data":"hermit:Manifest","floor":7,"key":"SMITH"},{"floor":12,"key":"REST"},{"data":"hermit:Defend_Hermit","floor":15,"key":"PURGE"},{"floor":23,"key":"RECALL"},{"data":"hermit:ShadowCloak","floor":27,"key":"SMITH"},{"data":"hermit:Dive","floor":32,"key":"SMITH"},{"data":"hermit:Glare","floor":40,"key":"SMITH"},{"data":"hermit:ShadowCloak","floor":42,"key":"SMITH"},{"data":"hermit:Midnight","floor":52,"key":"SMITH"}],"circlet_count":0,"master_deck":["hermit:Strike_Hermit","hermit:Defend_Hermit","hermit:Snapshot","hermit:Covet","hermit:Reprieve","hermit:Manifest+1","hermit:SprayPray","hermit:FatalDesire","hermit:Vantage","hermit:Grudge","hermit:Misfire","hermit:ShadowCloak+1","hermit:Glare","ReplayTheSpireMod:Splinters","hermit:GhostlyPresence","hermit:Reprieve","hermit:Cheat","hermit:Vantage","hermit:Glare+1","Normality","hermit:Snipe+1","Doubt","hermit:Misfire+1","hermit:Quickdraw","hermit:ShadowCloak+1","hermit:BodyArmor+1","hermit:Dive+1","hermit:TakeAim","hermit:FromBeyond","CurseOfTheBell","hermit:EyeOfTheStorm+1","hermit:Gestalt+1","hermit:Quickdraw+1","hermit:Manifest+1","hermit:Determination","hermit:Deadeye","ReplayTheSpireMod:IOU","ReplayTheSpireMod:IOU","ReplayTheSpireMod:IOU","hermit:ShadowCloak+1","ReplayTheSpireMod:IOU","ReplayTheSpireMod:IOU","ReplayTheSpireMod:IOU","ReplayTheSpireMod:IOU","ReplayTheSpireMod:IOU","ReplayTheSpireMod:IOU","hermit:Determination","ReplayTheSpireMod:IOU","ReplayTheSpireMod:IOU","ReplayTheSpireMod:IOU","hermit:Midnight+1","hermit:Ricochet","hermit:CalledShot","ReplayTheSpireMod:IOU","ReplayTheSpireMod:IOU","hermit:Misfire","hermit:Misfire","hermit:Grudge"],"relics":["hermit:Momento","hubris:Towel","Turnip","Replay:Ringing Soul","hermit:RyeStalk","Ancient Tea Set","hubris:TenFootPole","Bronze Scales","SlaversCollar","Medical Kit","Chemical X","Snack Pack","Ring of Fury","ReplayTheSpireMod:Ring of Sloth","Art of War","Gremlin Food","StuffTheSpire:CocoNut","hubris:TinFlute","hermit:Horseshoe","Calling Bell","Bag of Preparation","Calipers","Replay:Bottled Snecko","hermit:Spyglass","Replay:Wax Seal","Strange Spoon","Lee\u0027s Waffle","hubris:DuctTape","ClockworkSouvenir","Kunai","HandDrill","Replay:Rubber Ducky"],"acts_visited":[],"potions_floor_usage":[13,16,16,22,25,29,50,55,55],"damage_taken":[{"damage":0,"enemies":"conspire:RoseBush","floor":1,"turns":3},{"damage":0,"enemies":"2 Louse","floor":3,"turns":2},{"damage":1,"enemies":"Cultist","floor":5,"turns":3},{"damage":5,"enemies":"Replay:BlueRogue","floor":6,"turns":9},{"damage":29,"enemies":"Lagavulin","floor":8,"turns":7},{"damage":9,"enemies":"Blue Slaver","floor":9,"turns":5},{"damage":9,"enemies":"Blue Slaver","floor":10,"turns":5},{"damage":2,"enemies":"Looter","floor":11,"turns":3},{"damage":0,"enemies":"Replay:BlueRogue","floor":14,"turns":8},{"damage":36,"enemies":"Slime Boss","floor":16,"turns":10},{"damage":19,"enemies":"theJungle:GiantWrat","floor":18,"turns":8},{"damage":1,"enemies":"theJungle:MUSHROOMGANG","floor":20,"turns":6},{"damage":8,"enemies":"theJungle:JungleHuntersEncounter","floor":22,"turns":5},{"damage":42,"enemies":"theJungle:Cassacara","floor":25,"turns":9},{"damage":1,"enemies":"theJungle:Snecko_Cultist_And_Trap","floor":28,"turns":5},{"damage":2,"enemies":"theJungle:Snecko_Cultist_And_Trap","floor":29,"turns":2},{"damage":5,"enemies":"theJungle:MamaSnecko","floor":30,"turns":8},{"damage":109,"enemies":"theJungle:TotemBoss","floor":33,"turns":10},{"damage":21,"enemies":"3 Darklings","floor":35,"turns":6},{"damage":7,"enemies":"3 Shapes","floor":36,"turns":3},{"damage":15,"enemies":"Transient","floor":38,"turns":5},{"damage":8,"enemies":"Writhing Mass","floor":39,"turns":5},{"damage":29,"enemies":"Reptomancer","floor":41,"turns":7},{"damage":15,"enemies":"4 Shapes","floor":45,"turns":7},{"damage":4,"enemies":"Spire Growth","floor":47,"turns":5},{"damage":1,"enemies":"Time Eater","floor":50,"turns":12},{"damage":101,"enemies":"Shield and Spear","floor":54,"turns":8},{"damage":70,"enemies":"The Heart","floor":55,"turns":9}],"seed_played":"-7955667437681296897","potions_obtained":[{"floor":3,"key":"Explosive Potion"},{"floor":10,"key":"champ:CounterPotion"},{"floor":11,"key":"Slimebound:ThreeZeroPotion"},{"floor":13,"key":"Fruit Juice"},{"floor":13,"key":"SmokeBomb"},{"floor":16,"key":"Energy Potion"},{"floor":18,"key":"Fire Potion"},{"floor":36,"key":"construct:ShiftPotion"},{"floor":37,"key":"Swift Potion"},{"floor":37,"key":"hermit:BlackBile"}],"is_trial":false,"path_per_floor":["M","?","M","?","M","E","R","E","MIM","M","M","R","?","E","R","B",null,"M","?","M","$","M","R","?","E","T","R","MIM","M","E","$","R","B",null,"M","M","?","M","M","R","E","R","T","$","M","$","M","?","R","B",null,"R","$","E","B",null],"character_chosen":"HERMIT","items_purchased":["Medical Kit","Chemical X","hermit:Vantage","hermit:Glare","Snack Pack","hermit:Dive","hermit:TakeAim","hermit:Determination","hermit:Deadeye","Strange Spoon","Lee\u0027s Waffle","hubris:DuctTape","ClockworkSouvenir","hermit:Determination","Kunai","HandDrill","hermit:Misfire"],"campfire_rested":1,"item_purchase_floors":[21,21,21,21,21,31,31,44,44,44,44,46,46,46,46,53,53],"current_hp_per_floor":[75,75,75,75,74,70,70,60,54,52,54,79,87,95,95,74,98,90,90,104,107,110,110,113,86,86,86,95,96,104,107,107,29,141,128,124,124,120,129,129,107,107,107,163,153,156,157,160,175,174,175,175,178,110,104],"gold":47,"neow_bonus":"ONE_RANDOM_RARE_CARD","is_daily":false,"chose_seed":false,"campfire_upgraded":6,"win_rate":0.0,"timestamp":1612053540,"path_taken":["M","?","M","?","?","E","R","E","MIM","M","M","R","?","E","R","BOSS","M","?","M","$","M","R","?","E","T","R","?","M","E","$","R","BOSS","M","M","?","?","M","R","E","R","T","$","M","$","?","?","R","BOSS","R","$","E","BOSS"],"items_purchased_type":["Relic","Relic","Card","Card","Relic","Card","Card","Card","Card","Relic","Relic","Relic","Relic","Card","Relic","Relic","Card"],"build_version":"2020-12-18","purchased_purges":2,"victory":true,"max_hp_per_floor":[75,75,75,75,75,75,75,78,81,84,84,84,92,95,95,98,98,101,101,104,107,110,110,113,116,116,116,126,129,132,135,135,138,141,141,144,144,147,150,150,153,153,153,163,166,169,172,175,175,175,175,175,178,181,181],"card_choices":[{"not_picked":["hermit:HoleUp","hermit:ItchyTrigger"],"picked":"hermit:Manifest","floor":1},{"not_picked":["hermit:Showdown","hermit:Vantage"],"picked":"hermit:SprayPray","floor":3},{"not_picked":["hermit:Coalescence","hermit:BodyArmor"],"picked":"hermit:Vantage","floor":5},{"not_picked":["hermit:Roulette","hermit:Snipe"],"picked":"hermit:Grudge","floor":6},{"not_picked":["hermit:ItchyTrigger","hermit:Headshot"],"picked":"hermit:Misfire","floor":8},{"not_picked":["hermit:HoleUp","hermit:ItchyTrigger"],"picked":"hermit:ShadowCloak","floor":9},{"not_picked":["hermit:Headshot","hermit:Combo"],"picked":"hermit:Glare","floor":10},{"not_picked":["hermit:Roughhouse","hermit:HoleUp","hermit:Showdown"],"picked":"SKIP","floor":11},{"not_picked":["hermit:Scavenge","hermit:Brawl"],"picked":"hermit:GhostlyPresence","floor":13},{"not_picked":["hermit:Dive","hermit:Coalescence"],"picked":"hermit:FlashPowder","floor":14},{"not_picked":["hermit:Purgatory","hermit:RoundhouseKick"],"picked":"hermit:Reprieve","floor":16},{"not_picked":["hermit:WideOpen","hermit:Misfire"],"picked":"hermit:Cheat","floor":18},{"not_picked":["hermit:Feint","hermit:Vantage"],"picked":"hermit:GoldenBullet+1","floor":20},{"not_picked":["hermit:ItchyTrigger","hermit:DeadMansHand"],"picked":"hermit:Snipe+1","floor":22},{"not_picked":["hermit:Ricochet","hermit:TrackingShot"],"picked":"hermit:Misfire+1","floor":25},{"not_picked":["hermit:Misfire","hermit:Shortfuse"],"picked":"hermit:Quickdraw","floor":28},{"not_picked":["hermit:LoneWolf+1","hermit:Misfire+1"],"picked":"hermit:ShadowCloak","floor":29},{"not_picked":["hermit:Quickdraw","hermit:GoldenBullet"],"picked":"hermit:BodyArmor+1","floor":30},{"not_picked":["hermit:BlackWind","hermit:Dissolve"],"picked":"hermit:FromBeyond","floor":33},{"not_picked":["hermit:BodyArmor","hermit:HighCaliber","hermit:Glare"],"picked":"SKIP","floor":35},{"not_picked":["hermit:Misfire","hermit:Scavenge+1"],"picked":"hermit:EyeOfTheStorm+1","floor":36},{"not_picked":["hermit:LoneWolf+1","hermit:Glare"],"picked":"hermit:Gestalt+1","floor":38},{"not_picked":["hermit:LowProfile","hermit:Roulette+1"],"picked":"hermit:Quickdraw+1","floor":39},{"not_picked":["hermit:BodyArmor","hermit:LoneWolf+1"],"picked":"hermit:Manifest+1","floor":41},{"not_picked":["hermit:Snipe+1","hermit:Coalescence+1"],"picked":"hermit:ShadowCloak+1","floor":45},{"not_picked":["hermit:SprayPray+1","hermit:Glare"],"picked":"hermit:Midnight","floor":47},{"not_picked":["hermit:Feint","hermit:DeadMansHand"],"picked":"hermit:Grudge","floor":54}],"player_experience":2354906,"relics_obtained":[{"floor":6,"key":"Turnip"},{"floor":8,"key":"Replay:Ringing Soul"},{"floor":9,"key":"hermit:RyeStalk"},{"floor":9,"key":"Ancient Tea Set"},{"floor":13,"key":"hubris:TenFootPole"},{"floor":14,"key":"Bronze Scales"},{"floor":24,"key":"Ring of Fury"},{"floor":24,"key":"ReplayTheSpireMod:Ring of Sloth"},{"floor":25,"key":"Art of War"},{"floor":26,"key":"Gremlin Food"},{"floor":28,"key":"StuffTheSpire:CocoNut"},{"floor":28,"key":"hubris:TinFlute"},{"floor":30,"key":"hermit:Horseshoe"},{"floor":34,"key":"Bag of Preparation"},{"floor":34,"key":"Calipers"},{"floor":34,"key":"Replay:Bottled Snecko"},{"floor":41,"key":"hermit:Spyglass"},{"floor":43,"key":"Replay:Wax Seal"},{"floor":54,"key":"Replay:Rubber Ducky"}],"event_choices":[{"damage_healed":0,"gold_gain":0,"cards_transformed":["hermit:Strike_Hermit"],"player_choice":"Transformed","damage_taken":0,"max_hp_gain":0,"max_hp_loss":0,"event_name":"Transmorgrifier","floor":4,"gold_loss":0,"cards_obtained":["hermit:FatalDesire"]},{"damage_healed":0,"gold_gain":0,"player_choice":"Bought 2 Potions","damage_taken":0,"max_hp_gain":0,"max_hp_loss":0,"event_name":"The Woman in Blue","floor":37,"gold_loss":0},{"damage_healed":0,"gold_gain":0,"cards_transformed":["hermit:Defend_Hermit","hermit:Strike_Hermit"],"player_choice":"Transformed Cards","damage_taken":0,"max_hp_gain":0,"max_hp_loss":0,"event_name":"Designer","floor":48,"gold_loss":60,"cards_obtained":["hermit:Ricochet","hermit:CalledShot"]},{"cards_removed":["hermit:Determination"],"damage_healed":15,"gold_gain":0,"player_choice":"Offered Uncommon","damage_taken":0,"max_hp_gain":0,"max_hp_loss":0,"event_name":"Bonfire Elementals","floor":49,"gold_loss":0}],"is_beta":true,"boss_relics":[{"not_picked":["Runic Dome","hubris:TerracottaHorce"],"picked":"SlaversCollar"},{"not_picked":["hubris:HollowSoul","Black Star"],"picked":"Calling Bell"}],"items_purged_floors":[21,21],"is_endless":false,"potions_floor_spawned":[3,10,11,14,16,18,20,36,45,47],"ascension_level":1}}