{"host":"0q8h3wvt5d15753h","time":1612054352,"event":{"mods":["AchievementEnabler","Aspiration","BaseMod","Colored Powertips","Conspire","GifTheSpireLib","Hubris","Minty Spire (QoL Compilation)","Replay The Spire","Shop Mod","Spikes Relics","StSLib","Stuff the Spire","The Cursed"],"gold_per_floor":[118,136,22,22,22,66,66,90,116,116,116,130,305,329,329,329,329],"floor_reached":16,"language":"RUS","playtime":586,"items_purged":[],"score":138,"play_id":"782b9b5c-b872-4feb-9c0e-9103bfe6eb17","local_time":"20210131055232","is_ascension_mode":true,"campfire_choices":[{"floor":7,"key":"REST"},{"data":"Caltrops","floor":10,"key":"SMITH"},{"floor":15,"key":"REST"}],"circlet_count":0,"master_deck":["Strike_G","Strike_G","Strike_G","Strike_G","Strike_G","Defend_G","Defend_G","Defend_G","Defend_G","Survivor","Neutralize","Poisoned Stab","Dagger Throw","Heel Hook","Caltrops+1","Tactician","StuffTheSpire:FinalStruggle","StuffTheSpire:BrimstoneBlast","Doubt","Outmaneuver"],"relics":["Ring of the Snake","NeowsBlessing","Golden Idol","Juzu Bracelet","Bag of Preparation"],"acts_visited":["Exordium"],"potions_floor_usage":[16,16],"damage_taken":[{"damage":0,"enemies":"Cultist","floor":1,"turns":1},{"damage":0,"enemies":"Small Slimes","floor":2,"turns":1},{"damage":0,"enemies":"Lagavulin","floor":6,"turns":1},{"damage":0,"enemies":"2 Louse","floor":8,"turns":2},{"damage":60,"enemies":"Gremlin Gang","floor":12,"turns":4},{"damage":35,"enemies":"3 Louse","floor":14,"turns":3},{"damage":80,"enemies":"Slime Boss","floor":16,"turns":11}],"seed_played":"-4404109595567714259","potions_obtained":[{"floor":1,"key":"Energy Potion"},{"floor":6,"key":"SpeedPotion"},{"floor":14,"key":"Block Potion"}],"is_trial":false,"path_per_floor":["M","M","$","?","$","E","R","M","T","R","?","M","?","M","R","B"],"character_chosen":"THE_SILENT","items_purchased":["Heel Hook","Caltrops"],"campfire_rested":2,"item_purchase_floors":[3,3],"current_hp_per_floor":[70,70,70,53,53,53,70,70,70,70,70,50,50,50,70,0,0],"gold":329,"neow_bonus":"THREE_ENEMY_KILL","is_daily":false,"chose_seed":false,"campfire_upgraded":1,"win_rate":0.0,"timestamp":1612054352,"path_taken":["M","?","$","?","$","E","R","M","T","R","?","M","?","M","R","BOSS"],"items_purchased_type":["Card","Card"],"build_version":"2020-12-22","purchased_purges":0,"victory":false,"max_hp_per_floor":[70,70,70,70,70,70,70,70,70,70,70,70,70,70,70,70,70],"card_choices":[{"not_picked":["All Out Attack","Concentrate"],"picked":"Poisoned Stab","floor":1},{"not_picked":["Cloak And Dagger","ShadowRift"],"picked":"Dagger Throw","floor":2},{"not_picked":["ReplayTheSpireMod:Exploit Weakness","Deflect"],"picked":"Tactician","floor":6},{"not_picked":["Terror","Flying Knee"],"picked":"StuffTheSpire:FinalStruggle","floor":8},{"not_picked":["Riddle With Holes","Dagger Spray"],"picked":"StuffTheSpire:BrimstoneBlast","floor":12},{"not_picked":["Acrobatics","Tactician"],"picked":"Outmaneuver","floor":14}],"player_experience":595973,"relics_obtained":[{"floor":6,"key":"Juzu Bracelet"},{"floor":9,"key":"Bag of Preparation"}],"event_choices":[{"damage_healed":0,"gold_gain":0,"player_choice":"Take Damage","damage_taken":17,"relics_obtained":["Golden Idol"],"max_hp_gain":0,"max_hp_loss":0,"event_name":"Golden Idol","floor":4,"gold_loss":0},{"cards_removed":["Defend_G"],"damage_healed":0,"gold_gain":0,"player_choice":"Offered Basic","damage_taken":0,"max_hp_gain":0,"max_hp_loss":0,"event_name":"Bonfire Elementals","floor":11,"gold_loss":0},{"damage_healed":0,"gold_gain":175,"player_choice":"AGREE","damage_taken":0,"max_hp_gain":0,"max_hp_loss":0,"event_name":"Liars Game","floor":13,"gold_loss":0,"cards_obtained":["Doubt"]}],"is_beta":false,"boss_relics":[],"items_purged_floors":[],"is_endless":false,"potions_floor_spawned":[1,6,14],"killed_by":"Slime Boss","ascension_level":2}}