{"host":"j00kb0hny0pcox9b","time":1612130899,"event":{"mods":["AchievementEnabler","BaseMod","Minty Spire (QoL Compilation)","StSLib"],"gold_per_floor":[111,111,122,122,139,139,168,343,343,443,478,149,183,11,11,115,115,131,145,156,29,46,46,46],"floor_reached":23,"language":"ENG","playtime":1342,"items_purged":["Doubt","Defend_G"],"score":286,"play_id":"aa26ec89-e7af-4742-9a87-ca0e52414fb0","local_time":"20210131150819","is_ascension_mode":true,"campfire_choices":[{"data":"Quick Slash","floor":6,"key":"SMITH"},{"data":"Well Laid Plans","floor":15,"key":"SMITH"}],"circlet_count":0,"master_deck":["Strike_G","Strike_G","Strike_G","Strike_G","Strike_G","Defend_G","Defend_G","Defend_G","Defend_G","Survivor","Neutralize+1","Quick Slash+1","Sucker Punch","Well Laid Plans+1","Poisoned Stab","Cloak And Dagger","Leg Sweep","Infinite Blades","Terror","Dagger Spray","Slice","Burst","Dagger Throw","Dash","Dagger Throw+1","Deflect","Accuracy","Blade Dance"],"relics":["Ring of the Snake","White Beast Statue","Pen Nib","Matryoshka","Lee\u0027s Waffle","Unceasing Top","WristBlade"],"acts_visited":["Exordium","TheCity"],"potions_floor_usage":[7,13,16,19,19,20,22,23],"damage_taken":[{"damage":0,"enemies":"2 Louse","floor":1,"turns":3},{"damage":0,"enemies":"Small Slimes","floor":3,"turns":3},{"damage":0,"enemies":"Cultist","floor":5,"turns":4},{"damage":18,"enemies":"Gremlin Nob","floor":7,"turns":4},{"damage":36,"enemies":"3 Sentries","floor":11,"turns":11},{"damage":15,"enemies":"Gremlin Nob","floor":13,"turns":5},{"damage":24,"enemies":"Hexaghost","floor":16,"turns":9},{"damage":4,"enemies":"3 Byrds","floor":18,"turns":5},{"damage":20,"enemies":"2 Thieves","floor":19,"turns":3},{"damage":16,"enemies":"Cultist and Chosen","floor":20,"turns":8},{"damage":6,"enemies":"Snake Plant","floor":22,"turns":5},{"damage":54,"enemies":"Book of Stabbing","floor":23,"turns":6}],"seed_played":"162129014132788682","potions_obtained":[{"floor":3,"key":"Strength Potion"},{"floor":11,"key":"EssenceOfSteel"},{"floor":13,"key":"ColorlessPotion"},{"floor":16,"key":"Strength Potion"},{"floor":18,"key":"BlessingOfTheForge"},{"floor":19,"key":"SpeedPotion"},{"floor":20,"key":"CultistPotion"},{"floor":22,"key":"LiquidMemories"}],"is_trial":false,"path_per_floor":["M","?","M","?","M","R","E","?","T","?","E","$","E","$","R","B",null,"M","M","M","$","M","E"],"character_chosen":"THE_SILENT","items_purchased":["Leg Sweep","Lee\u0027s Waffle","Infinite Blades","Dagger Spray","Slice","Deflect","Accuracy"],"campfire_rested":0,"item_purchase_floors":[12,12,12,14,14,21,21],"current_hp_per_floor":[77,82,82,82,82,82,64,64,64,64,28,89,74,74,74,50,79,75,55,39,39,33,0,0],"gold":46,"neow_bonus":"TEN_PERCENT_HP_BONUS","is_daily":false,"chose_seed":false,"campfire_upgraded":2,"win_rate":0.0,"timestamp":1612130899,"path_taken":["M","?","M","?","M","R","E","?","T","?","E","$","E","$","R","BOSS","M","?","M","$","M","E"],"items_purchased_type":["Card","Relic","Card","Card","Card","Card","Card"],"build_version":"2020-12-22","purchased_purges":2,"victory":false,"max_hp_per_floor":[77,82,82,82,82,82,82,82,82,82,82,89,89,89,89,89,89,89,89,89,89,89,89,89],"card_choices":[{"not_picked":["Flechettes","Finisher"],"picked":"Quick Slash","floor":1},{"not_picked":["Backstab","PiercingWail"],"picked":"Sucker Punch","floor":3},{"not_picked":["Reflex","Concentrate"],"picked":"Well Laid Plans","floor":5},{"not_picked":["Phantasmal Killer","Dagger Throw"],"picked":"Poisoned Stab","floor":7},{"not_picked":["Deflect","Bane"],"picked":"Cloak And Dagger","floor":11},{"not_picked":["Distraction","Riddle With Holes"],"picked":"Terror","floor":13},{"not_picked":["Corpse Explosion","A Thousand Cuts"],"picked":"Burst","floor":16},{"not_picked":["Infinite Blades","Sucker Punch"],"picked":"Dagger Throw","floor":18},{"not_picked":["Outmaneuver","Flying Knee"],"picked":"Dash","floor":19},{"not_picked":["Backstab","Escape Plan"],"picked":"Dagger Throw+1","floor":20},{"not_picked":["Acrobatics+1","Riddle With Holes"],"picked":"Blade Dance","floor":22}],"player_experience":278282,"relics_obtained":[{"floor":7,"key":"White Beast Statue"},{"floor":9,"key":"Pen Nib"},{"floor":11,"key":"Matryoshka"},{"floor":13,"key":"Unceasing Top"}],"event_choices":[{"damage_healed":0,"gold_gain":0,"player_choice":"Donut","damage_taken":0,"max_hp_gain":5,"max_hp_loss":0,"event_name":"Big Fish","floor":2,"gold_loss":0},{"damage_healed":0,"gold_gain":0,"player_choice":"Grow","damage_taken":0,"max_hp_gain":0,"max_hp_loss":0,"event_name":"Living Wall","floor":4,"gold_loss":0,"cards_upgraded":["Neutralize"]},{"damage_healed":0,"gold_gain":175,"player_choice":"AGREE","damage_taken":0,"max_hp_gain":0,"max_hp_loss":0,"event_name":"Liars Game","floor":8,"gold_loss":0,"cards_obtained":["Doubt"]},{"damage_healed":0,"gold_gain":100,"player_choice":"Pray","damage_taken":0,"max_hp_gain":0,"max_hp_loss":0,"event_name":"Golden Shrine","floor":10,"gold_loss":0}],"is_beta":false,"boss_relics":[{"not_picked":["Cursed Key","Snecko Eye"],"picked":"WristBlade"}],"items_purged_floors":[12,14],"is_endless":false,"potions_floor_spawned":[3,11,13,16,18,19,20,22],"killed_by":"Book of Stabbing","ascension_level":5}}