{"host":"exhp4inpfmbngj23","time":1612093261,"event":{"mods":["Abigail Mod","BaseMod","Beaked The Cultist","Downfall","Friendly Minions","Kiyohime????","Koishi","Minty Spire (QoL Compilation)","StSLib","The Alterego"],"gold_per_floor":[99,99,99,99,99,109,109,209,241,255,272,72,72,57,72,173,173,73,82,98,98,188,30,30,57,42,55,55,55],"floor_reached":28,"language":"ENG","playtime":2661,"items_purged":[],"score":246,"play_id":"354abad7-323c-485f-9374-dd2efab549bb","local_time":"20210131034101","is_ascension_mode":true,"campfire_choices":[{"floor":1,"key":"RECALL"},{"data":"Koishi:HauntingSlash","floor":12,"key":"SMITH"},{"data":"Koishi:Catatonia","floor":18,"key":"SMITH"}],"circlet_count":0,"master_deck":["Koishi:BasicStrike","Koishi:BasicStrike","Koishi:BasicStrike","Koishi:BasicDefend","Koishi:BasicDefend","Koishi:BasicDefend","Koishi:BasicDefend","Koishi:Provoke","Koishi:HauntingSlash+1","Koishi:Catatonia+1","Koishi:JumpScare","Koishi:StrangeCloudFist","Koishi:UnansweredLove","Koishi:MentalBreakdown","Koishi:ParalyzingFear","Koishi:DNAsFlaw","Koishi:Jaunt","Koishi:RacingHeart","Koishi:RollingInRichesHeart","CurseOfTheBell","Koishi:DreadfulBlow+1","Koishi:StingingMind","Koishi:RacingHeart","Koishi:StingingMind","Koishi:BloodcurdlingScream+1","Koishi:JumpScare"],"relics":["Koishi:ImaginaryFriend","downfall:HeartsMalice","Oddly Smooth Stone","downfall:HeartBlessingBlue","downfall:HeartBlessingGreen","Calling Bell","Pen Nib","Question Card","Peace Pipe","downfall:HeartBlessingRed","Shovel","White Beast Statue","Membership Card","Omamori","Singing Bowl"],"acts_visited":["Exordium","TheCity"],"potions_floor_usage":[14,22,22,23,25,26,27],"damage_taken":[{"damage":0,"enemies":"Small Slimes","floor":2,"turns":1},{"damage":0,"enemies":"downfall:FleeingMerchant","floor":3,"turns":1},{"damage":0,"enemies":"Jaw Worm","floor":4,"turns":1},{"damage":0,"enemies":"2 Louse","floor":6,"turns":4},{"damage":38,"enemies":"Gremlin Nob","floor":9,"turns":6},{"damage":2,"enemies":"Blue Slaver","floor":10,"turns":5},{"damage":0,"enemies":"3 Louse","floor":11,"turns":4},{"damage":0,"enemies":"downfall:FleeingMerchant","floor":14,"turns":4},{"damage":1,"enemies":"Large Slime","floor":15,"turns":6},{"damage":38,"enemies":"IC_STATUS_ARCHETYPE","floor":16,"turns":11},{"damage":11,"enemies":"Shell Parasite","floor":19,"turns":7},{"damage":34,"enemies":"Spheric Guardian","floor":20,"turns":6},{"damage":25,"enemies":"DF_ARCHETYPE_STREAMLINE","floor":22,"turns":14},{"damage":9,"enemies":"downfall:FleeingMerchant","floor":23,"turns":4},{"damage":12,"enemies":"Gremlin Leader","floor":25,"turns":7},{"damage":7,"enemies":"downfall:FleeingMerchant","floor":26,"turns":4},{"damage":29,"enemies":"Shelled Parasite and Fungi","floor":27,"turns":6},{"damage":16,"enemies":"Snecko","floor":28,"turns":3}],"seed_played":"-1325964370287087575","potions_obtained":[{"floor":6,"key":"Energy Potion"},{"floor":10,"key":"bronze:BurnAndBuffPotion"},{"floor":15,"key":"Swift Potion"},{"floor":19,"key":"PowerPotion"},{"floor":23,"key":"SpeedPotion"},{"floor":25,"key":"bronze:BurnAndBuffPotion"},{"floor":26,"key":"Fire Potion"},{"floor":27,"key":"SpeedPotion"}],"is_trial":false,"path_per_floor":["R","M","$","M","?","M","T","?","E","M","M","R","?","$","M","B",null,"R","M","M","?","?","$","T","E","$","M","M"],"character_chosen":"KOISHI","items_purchased":["Membership Card"],"campfire_rested":0,"item_purchase_floors":[23],"current_hp_per_floor":[60,60,60,60,60,60,60,60,26,28,31,41,41,41,42,16,70,70,67,34,57,51,42,42,39,32,16,0,0],"gold":55,"neow_bonus":"THREE_ENEMY_KILL","is_daily":false,"chose_seed":false,"campfire_upgraded":2,"win_rate":0.0,"timestamp":1612093261,"path_taken":["R","M","$","M","?","M","T","?","E","M","M","R","?","?","M","BOSS","R","M","M","?","?","$","T","E","?","M","M"],"items_purchased_type":["Relic"],"build_version":"2020-12-22","purchased_purges":0,"victory":false,"max_hp_per_floor":[60,60,60,60,60,60,60,60,60,60,60,70,70,70,70,70,70,70,70,70,70,70,70,70,72,72,72,72,72],"card_choices":[{"not_picked":["Koishi:BloodcurdlingScream","Koishi:DreadfulBlow"],"picked":"Koishi:Catatonia","floor":2},{"not_picked":["Koishi:DreadfulBlow","Koishi:PhilosophyOfTheDespised"],"picked":"Koishi:JumpScare","floor":3},{"not_picked":["Koishi:HeartfeltFancy","Koishi:LastRemote"],"picked":"Koishi:StrangeCloudFist","floor":4},{"not_picked":["Koishi:UnconsciousUrges","Koishi:SpiritedAway"],"picked":"Koishi:UnansweredLove","floor":6},{"not_picked":["Koishi:SubconsciousSweep","Koishi:FidgetySnatcher"],"picked":"Koishi:MentalBreakdown","floor":9},{"not_picked":["Koishi:MassHysteria","Koishi:HeartAttack"],"picked":"Koishi:ParalyzingFear","floor":10},{"not_picked":["Koishi:SubterraneanRose","Koishi:UnansweredLove"],"picked":"Koishi:DNAsFlaw","floor":11},{"not_picked":["Koishi:UnconsciousUprising","Koishi:SpiritedAway"],"picked":"Koishi:Jaunt","floor":14},{"not_picked":["Koishi:UnconsciousUprising","Koishi:ApparitionsStalkTheNight"],"picked":"Koishi:RacingHeart","floor":15},{"not_picked":["Koishi:MindStellarRelief","Koishi:FormlessExistence"],"picked":"Koishi:RollingInRichesHeart","floor":16},{"not_picked":["Koishi:FourthEye+1","Koishi:FidgetySnatcher+1","Koishi:EmbryosDream"],"picked":"Koishi:DreadfulBlow+1","floor":19},{"not_picked":["Koishi:Untouchable","Koishi:Whimsy","Koishi:UnconsciousUprising"],"picked":"Koishi:StingingMind","floor":20},{"not_picked":["Koishi:BramblyRoseGarden","Koishi:VengefulSpirit","Koishi:PhantomBarrier+1"],"picked":"Koishi:RacingHeart","floor":22},{"not_picked":["Koishi:DreadfulBlow","Koishi:SubconsciousSweep+1","Koishi:Jaunt"],"picked":"Koishi:StingingMind","floor":23},{"not_picked":["Koishi:ParalyzingFear","Koishi:UnconsciousUprising","Koishi:SubconsciousSweep","Koishi:RacingHeart"],"picked":"Singing Bowl","floor":25},{"not_picked":["Koishi:SubconsciousSweep","Koishi:MentalBreakdown","Koishi:CatchAndRose"],"picked":"Koishi:BloodcurdlingScream+1","floor":26},{"not_picked":["Koishi:VengefulSpirit","Koishi:CatchAndRose","Koishi:DreadfulBlow+1"],"picked":"Koishi:JumpScare","floor":27}],"player_experience":2131370,"relics_obtained":[{"floor":9,"key":"Oddly Smooth Stone"},{"floor":17,"key":"Pen Nib"},{"floor":17,"key":"Question Card"},{"floor":17,"key":"Peace Pipe"},{"floor":22,"key":"Shovel"},{"floor":22,"key":"White Beast Statue"},{"floor":24,"key":"Omamori"},{"floor":25,"key":"Singing Bowl"}],"event_choices":[{"damage_healed":23,"gold_gain":0,"player_choice":"Heal","damage_taken":0,"max_hp_gain":0,"max_hp_loss":0,"event_name":"The Library","floor":21,"gold_loss":0}],"is_beta":false,"boss_relics":[{"not_picked":["Sozu","Fusion Hammer"],"picked":"Calling Bell"}],"items_purged_floors":[],"is_endless":false,"potions_floor_spawned":[6,10,15,19,23,25,26,27],"killed_by":"Snecko","ascension_level":1}}