{"host":"6xsbn6ynqlzwllfm","time":1612102638,"event":{"mods":["2.2 Compatiblity","BaseMod","Bestiary","Colored Map","Colored Powertips","Curses Come First","Highlight Path","Keyboard Shortcuts","Minty Spire (QoL Compilation)","Relic Stats","Slay the Relics Exporter","StSLib","SuperFastMode"],"gold_per_floor":[113,73,92,104,104,104,130,130,180,215,215,96,96,115,115,191,191,205,222,222,222],"floor_reached":20,"language":"ENG","playtime":442,"items_purged":["Strike_P"],"score":364,"play_id":"999c53bb-dd96-4f45-a6cc-be85bf106d71","local_time":"20210131091718","is_ascension_mode":true,"campfire_choices":[{"data":"EmptyFist","floor":6,"key":"SMITH"},{"data":"Wallop","floor":8,"key":"SMITH"},{"data":"EmptyFist","floor":11,"key":"SMITH"},{"data":"SandsOfTime","floor":15,"key":"SMITH"}],"circlet_count":0,"master_deck":["AscendersBane","Defend_P+1","Defend_P","Defend_P","Eruption","Vigilance+1","BowlingBash","Fasting2","EmptyFist+1","Wallop+1","EmptyFist+1","SandsOfTime+1","Swivel","Blasphemy","ReachHeaven+1","Meditate+1","ReachHeaven+1","ThirdEye"],"relics":["PureWater","War Paint","Bronze Scales","White Beast Statue","Astrolabe"],"acts_visited":["Exordium","TheCity"],"potions_floor_usage":[7,18,19,20],"damage_taken":[{"damage":13,"enemies":"Small Slimes","floor":1,"turns":3},{"damage":3,"enemies":"Cultist","floor":3,"turns":4},{"damage":0,"enemies":"2 Louse","floor":4,"turns":2},{"damage":10,"enemies":"3 Sentries","floor":7,"turns":4},{"damage":8,"enemies":"Gremlin Nob","floor":10,"turns":3},{"damage":4,"enemies":"Exordium Wildlife","floor":14,"turns":3},{"damage":21,"enemies":"Slime Boss","floor":16,"turns":6},{"damage":29,"enemies":"Shell Parasite","floor":18,"turns":4},{"damage":16,"enemies":"Chosen","floor":19,"turns":4},{"damage":15,"enemies":"Centurion and Healer","floor":20,"turns":3}],"seed_played":"3772458518494245095","potions_obtained":[{"floor":2,"key":"Ambrosia"},{"floor":2,"key":"StancePotion"},{"floor":7,"key":"Ancient Potion"},{"floor":18,"key":"LiquidMemories"},{"floor":19,"key":"ColorlessPotion"}],"is_trial":false,"path_per_floor":["M","?","M","M","?","R","E","R","T","E","R","$","?","M","R","B",null,"M","M","M"],"character_chosen":"WATCHER","items_purchased":["SandsOfTime"],"campfire_rested":0,"item_purchase_floors":[12],"current_hp_per_floor":[54,54,51,51,51,51,41,41,41,33,33,33,33,29,29,8,58,29,13,0,0],"gold":222,"neow_bonus":"TEN_PERCENT_HP_BONUS","is_daily":false,"chose_seed":false,"campfire_upgraded":4,"win_rate":0.0,"timestamp":1612102638,"path_taken":["M","?","?","M","?","R","E","R","T","E","R","$","?","M","R","BOSS","M","M","M"],"items_purchased_type":["Card"],"build_version":"2020-12-22","purchased_purges":1,"victory":false,"max_hp_per_floor":[74,74,74,74,74,74,74,74,74,74,74,74,74,74,74,74,74,74,74,74,74],"relic_stats":{"counters":[10,36],"Bronze Scales":[33],"Astrolabe":["ReachHeaven","Meditate","ReachHeaven"],"War Paint":["Vigilance","Defend_P"],"obtain_stats":[{"Bronze Scales":9,"Astrolabe":17,"PureWater":0,"War Paint":7,"White Beast Statue":10},{"Bronze Scales":4,"Astrolabe":7,"PureWater":0,"War Paint":4,"White Beast Statue":5},{"Bronze Scales":13,"Astrolabe":25,"PureWater":0,"War Paint":13,"White Beast Statue":16}]},"card_choices":[{"not_picked":["CrushJoints","SignatureMove"],"picked":"BowlingBash","floor":1},{"not_picked":["CutThroughFate","JustLucky"],"picked":"Fasting2","floor":3},{"not_picked":["Halt","SpiritShield"],"picked":"EmptyFist","floor":4},{"not_picked":["BowlingBash","ThirdEye"],"picked":"Wallop","floor":7},{"not_picked":["Evaluate","CarveReality"],"picked":"EmptyFist","floor":10},{"not_picked":["PathToVictory","Vengeance"],"picked":"Swivel","floor":14},{"not_picked":["Devotion","ConjureBlade"],"picked":"Blasphemy","floor":16},{"not_picked":["Halt","PathToVictory"],"picked":"ThirdEye","floor":19}],"player_experience":1350616,"relics_obtained":[{"floor":7,"key":"War Paint"},{"floor":9,"key":"Bronze Scales"},{"floor":10,"key":"White Beast Statue"}],"event_choices":[{"damage_healed":0,"gold_gain":0,"player_choice":"Bought 3 Potions","damage_taken":0,"max_hp_gain":0,"max_hp_loss":0,"event_name":"The Woman in Blue","floor":2,"gold_loss":0},{"damage_healed":0,"gold_gain":0,"player_choice":"Ignored","damage_taken":0,"max_hp_gain":0,"max_hp_loss":0,"event_name":"Liars Game","floor":5,"gold_loss":0},{"cards_removed":["Strike_P"],"damage_healed":0,"gold_gain":0,"player_choice":"Forget","damage_taken":0,"max_hp_gain":0,"max_hp_loss":0,"event_name":"Living Wall","floor":13,"gold_loss":0}],"is_beta":false,"boss_relics":[{"not_picked":["HolyWater","Snecko Eye"],"picked":"Astrolabe"}],"items_purged_floors":[12],"is_endless":false,"potions_floor_spawned":[4,7,14,16,18,19],"killed_by":"Centurion and Healer","ascension_level":20}}