{"host":"d0jm92y315n05ge0","time":1612097045,"event":{"mods":["100% Spire Juice","Act Like it!","BaseMod","Gensokyo","Koishi","Minty Spire (QoL Compilation)","Prisma Mod","Reimu£®≤©¿ˆ¡È√Œ£©","Remilia£®¿Ÿ√◊¿Ú—«£©","Replay The Spire","StSLib","Yakumo Yukari mod"],"gold_per_floor":[113,132,132,132,151,186,201,227,254,184,184,199,86,96,96,198,198,209,259,259,772,222,213,227,246,270,288,283,283,283,295,295,331,331,337,247,48,65,82,100,100,120,165,179,179,65,65,80,80,80,80],"floor_reached":50,"language":"ZHS","playtime":9944,"items_purged":["Strike_Lin:ReiMu","Strike_Lin:ReiMu"],"score":639,"play_id":"08332699-0b5a-4490-8c91-66ed75be6e60","local_time":"20210131204405","is_ascension_mode":false,"campfire_choices":[{"floor":11,"key":"REST"},{"floor":15,"key":"REST"},{"floor":29,"key":"REST"},{"floor":32,"key":"REST"},{"floor":41,"key":"REST"},{"floor":49,"key":"DIG"}],"circlet_count":0,"master_deck":["Strike_Lin:ReiMu","Strike_Lin:ReiMu","Defend_Lin:ReiMu","Defend_Lin:ReiMu","Defend_Lin:ReiMu","Defend_Lin:ReiMu","NB:ReiMu","Stagnation:ReiMu","CareerPray:ReiMu","RainPray2:ReiMu","Gensokyo:CrescentMoonSlash","Clumsy","OrbThrow:ReiMu","CardOfSanctity:ReiMu+1","CareerPray:ReiMu+1","FineLineFantasy:ReiMu+1","Enchanting:ReiMu+1","SafetyPray:ReiMu+1","PrayRite:ReiMu+1","SpringWay:ReiMu+1","Clumsy","ReplayTheSpireMod:Restless Dread","Pain","SpringWay:ReiMu+1","SafetyPray:ReiMu+1","BarrageOfMoneybags:ReiMu+1","DependentForm:ReiMu","Amulet:ReiMu+1","Intuition:ReiMu+1","Writhe","SafetyPray:ReiMu+1","Conquer:ReiMu","SpringWay:ReiMu+1","Gathering:ReiMu","Free:ReiMu+1","KamiSacrifice:ReiMu+1","Gensokyo:CustomPotion","Meditation:ReiMu+1","Revelation:ReiMu+1","Free:ReiMu+1","ReplayTheSpireMod:IOU","OctopathBindingBorder2:ReiMu+1","SpringWay:ReiMu+1","Gensokyo:MedicineKit","NineCharacters:ReiMu","Meditation:ReiMu+1"],"relics":["FlyPower:ReiMu","NeowsBlessing","Gensokyo:NagashiBinaDoll","Toxic Egg 2","Oddly Smooth Stone","Lantern","SlaversCollar","ReplayTheSpireMod:Ring of Challenge","Ring of Greed","Blue Doll","Replay:Wax Seal","Gensokyo:ConquerorOfFear","Bronze Scales","Simple Rune","Membership Card","SkyOrb:ReiMu","Velvet Choker","Replay:Mystery Machine","Gremlin Food","Bag of Marbles","Replay:Rubber Ducky","Vajra"],"acts_visited":["Gensokyo:Gensokyo","Gensokyo:Gensokyoer","Gensokyo:Gensokyoest"],"potions_floor_usage":[16,28,28,30,33,33,38,39,42,48,48,48],"damage_taken":[{"damage":0,"enemies":"Gensokyo:Python","floor":1,"turns":1},{"damage":0,"enemies":"Gensokyo:2_Kodama","floor":2,"turns":1},{"damage":0,"enemies":"Gensokyo:3_Fairies","floor":5,"turns":2},{"damage":9,"enemies":"Gensokyo:Mamizou","floor":6,"turns":6},{"damage":0,"enemies":"Gensokyo:Gryphon_and_Rabbit","floor":7,"turns":4},{"damage":10,"enemies":"Gensokyo:Cirno","floor":8,"turns":6},{"damage":4,"enemies":"Gensokyo:CorruptedTreant","floor":12,"turns":3},{"damage":6,"enemies":"Gensokyo:2_Rabbits","floor":14,"turns":5},{"damage":10,"enemies":"Gensokyo:Reimu","floor":16,"turns":10},{"damage":14,"enemies":"Gensokyo:AngelMirror","floor":18,"turns":8},{"damage":9,"enemies":"Gensokyo:Chomper","floor":21,"turns":6},{"damage":4,"enemies":"Gensokyo:Slime_Group","floor":23,"turns":5},{"damage":5,"enemies":"Gensokyo:3_Gloops","floor":24,"turns":5},{"damage":2,"enemies":"Gensokyo:Wraith","floor":25,"turns":4},{"damage":20,"enemies":"Gensokyo:Slime_Group","floor":27,"turns":6},{"damage":30,"enemies":"Gensokyo:3_Gloops","floor":28,"turns":6},{"damage":2,"enemies":"Gensokyo:Monolith_and_Dog","floor":30,"turns":6},{"damage":5,"enemies":"Gensokyo:Swordslinger","floor":31,"turns":5},{"damage":27,"enemies":"Gensokyo:Eternal_Rivals","floor":33,"turns":8},{"damage":13,"enemies":"Gensokyo:AncientGuardian","floor":35,"turns":5},{"damage":12,"enemies":"Gensokyo:3_Boulders","floor":38,"turns":6},{"damage":1,"enemies":"Gensokyo:4_Bats","floor":39,"turns":2},{"damage":5,"enemies":"Gensokyo:AtlasGolem","floor":40,"turns":6},{"damage":11,"enemies":"Gensokyo:Rafflesia","floor":42,"turns":12},{"damage":33,"enemies":"Gensokyo:SeedOfUnknown","floor":44,"turns":6},{"damage":0,"enemies":"Gensokyo:3_Boulders","floor":48,"turns":4},{"damage":2,"enemies":"Gensokyo:Yuyuko","floor":50,"turns":3}],"seed_played":"-7509493334247280651","potions_obtained":[{"floor":1,"key":"BottledKami:ReiMu"},{"floor":6,"key":"Dexterity Potion"},{"floor":14,"key":"Elixir"},{"floor":23,"key":"ColorlessPotion"},{"floor":28,"key":"Energy Potion"},{"floor":30,"key":"LifebloodPotion"},{"floor":35,"key":"Swift Potion"},{"floor":38,"key":"AttackPotion"},{"floor":39,"key":"Swift Potion"},{"floor":44,"key":"Flashbang"},{"floor":47,"key":"PanachePotion"},{"floor":47,"key":"ColorlessPotion"}],"is_trial":false,"path_per_floor":["M","M","?","?","M","E","M","E","T","?","R","M","COS","M","R","B",null,"M","?","?","M","$","M","M","M","T","M","M","R","M","M","R","B",null,"M","?","$","M","M","M","R","M","T","M","?","$","?","M","R","B"],"character_chosen":"REIMU","items_purchased":["Bronze Scales","SafetyPray:ReiMu+1","Simple Rune","Membership Card","BarrageOfMoneybags:ReiMu+1","Block Potion","Replay:Mystery Machine","Gremlin Food","NineCharacters:ReiMu","Replay:Rubber Ducky"],"campfire_rested":5,"item_purchase_floors":[22,22,22,22,22,22,37,37,46,46],"current_hp_per_floor":[65,65,56,56,56,47,47,37,37,37,56,52,52,46,65,55,65,51,51,51,42,42,61,56,54,54,34,4,23,21,16,35,8,65,52,52,52,40,39,34,53,42,42,9,9,9,9,9,9,0,0],"gold":80,"neow_bonus":"THREE_ENEMY_KILL","is_daily":false,"chose_seed":false,"campfire_upgraded":0,"win_rate":0.0,"timestamp":1612097045,"path_taken":["M","M","?","?","M","E","M","E","T","?","R","?","COS","M","R","BOSS","M","?","?","?","$","M","M","M","T","M","?","R","M","M","R","BOSS","M","?","?","?","M","M","R","M","T","M","?","$","?","M","R","BOSS"],"items_purchased_type":["Relic","Card","Relic","Relic","Card","Potion","Relic","Relic","Card","Relic"],"build_version":"2020-12-22","purchased_purges":2,"victory":false,"max_hp_per_floor":[65,65,65,65,65,65,65,65,65,65,65,65,65,65,65,65,65,65,65,65,65,65,65,65,65,65,65,65,65,65,65,65,65,65,65,65,65,65,65,65,65,65,65,65,65,65,65,65,65,1,1],"card_choices":[{"not_picked":["SpiritualOutbreak2:ReiMu","EmergencyTakeOff:ReiMu"],"picked":"CareerPray:ReiMu","floor":1},{"not_picked":["SubcavityInstant:ReiMu","SpreadBorder2:ReiMu"],"picked":"RainPray2:ReiMu","floor":2},{"not_picked":["SubAcupoint:ReiMu","UniversalSpiritual:ReiMu"],"picked":"OrbThrow:ReiMu","floor":5},{"not_picked":["HakureiPhantom:ReiMu+1","KyokaiOfKami:ReiMu"],"picked":"CardOfSanctity:ReiMu+1","floor":6},{"not_picked":["SubAcupoint:ReiMu","PhosphorusFlame:ReiMu+1"],"picked":"CareerPray:ReiMu+1","floor":7},{"not_picked":["SubAcupoint:ReiMu","CleanRite:ReiMu+1"],"picked":"FineLineFantasy:ReiMu","floor":8},{"not_picked":["BarrageOfMoneybags:ReiMu","MountainWay:ReiMu+1"],"picked":"Enchanting:ReiMu+1","floor":12},{"not_picked":["SpringWay:ReiMu+1","TightArray:ReiMu"],"picked":"SafetyPray:ReiMu+1","floor":14},{"not_picked":["YinYang:ReiMu","SubcavityFantasy:ReiMu+1"],"picked":"PrayRite:ReiMu+1","floor":16},{"not_picked":["AirStrike:ReiMu","BarrageOfMoneybags:ReiMu"],"picked":"SpringWay:ReiMu+1","floor":18},{"not_picked":["PassingAway:ReiMu+1","AirStrike:ReiMu"],"picked":"SpringWay:ReiMu+1","floor":21},{"not_picked":["SubAcupoint:ReiMu+1","SpiritualOutbreak2:ReiMu"],"picked":"DependentForm:ReiMu","floor":23},{"not_picked":["Enchanting:ReiMu+1","LovePray:ReiMu+1"],"picked":"Amulet:ReiMu+1","floor":24},{"not_picked":["DependentForm:ReiMu","TakeOff:ReiMu+1"],"picked":"Intuition:ReiMu+1","floor":25},{"not_picked":["Enchanting:ReiMu+1","Mountainwind:ReiMu+1"],"picked":"SafetyPray:ReiMu+1","floor":27},{"not_picked":["RainPray2:ReiMu+1","TakeOff:ReiMu+1"],"picked":"Conquer:ReiMu","floor":28},{"not_picked":["RainPray2:ReiMu+1","SubAcupoint:ReiMu"],"picked":"SpringWay:ReiMu+1","floor":30},{"not_picked":["RainPray2:ReiMu+1","EmergencyTakeOff:ReiMu+1"],"picked":"Gathering:ReiMu","floor":31},{"not_picked":["RunawayExorcism:ReiMu+1","BlastKick2:ReiMu"],"picked":"Free:ReiMu+1","floor":33},{"not_picked":["Intuition:ReiMu+1","SafetyPray:ReiMu+1"],"picked":"KamiSacrifice:ReiMu+1","floor":35},{"not_picked":["TightArray:ReiMu+1","Intuition:ReiMu+1"],"picked":"Meditation:ReiMu+1","floor":38},{"not_picked":["PayForSelf:ReiMu+1","TightArray:ReiMu"],"picked":"Revelation:ReiMu+1","floor":39},{"not_picked":["SafetyPray:ReiMu+1","FoulBorder2:ReiMu+1"],"picked":"Free:ReiMu+1","floor":40},{"not_picked":["SpreadBorder2:ReiMu+1","SubcavityInstant:ReiMu+1"],"picked":"OctopathBindingBorder2:ReiMu+1","floor":42},{"not_picked":["DoubleButterfly:ReiMu","SubcavityInstant:ReiMu+1"],"picked":"SpringWay:ReiMu+1","floor":44},{"not_picked":["SubAcupoint:ReiMu+1","SubcavityInstant:ReiMu+1"],"picked":"Meditation:ReiMu+1","floor":48}],"player_experience":8280,"relics_obtained":[{"floor":6,"key":"Toxic Egg 2"},{"floor":8,"key":"Oddly Smooth Stone"},{"floor":9,"key":"Lantern"},{"floor":19,"key":"ReplayTheSpireMod:Ring of Challenge"},{"floor":19,"key":"Ring of Greed"},{"floor":19,"key":"Blue Doll"},{"floor":19,"key":"Replay:Wax Seal"},{"floor":21,"key":"Gensokyo:ConquerorOfFear"},{"floor":26,"key":"SkyOrb:ReiMu"},{"floor":43,"key":"Bag of Marbles"},{"floor":49,"key":"Vajra"}],"event_choices":[],"is_beta":false,"boss_relics":[{"not_picked":["Busted Crown","Honey Jar"],"picked":"SlaversCollar"},{"not_picked":["Snecko Eye","Sozu"],"picked":"Velvet Choker"}],"items_purged_floors":[22,37],"is_endless":false,"potions_floor_spawned":[1,6,14,23,24,25,28,30,35,38,39,44],"killed_by":"Gensokyo:Yuyuko","ascension_level":0}}