{"host":"eketvm4dld8igxnv","time":1612059231,"event":{"mods":["BaseMod","Better Skull","Better Third Choice","Downfall","Googly Eyes","Minty Spire (QoL Compilation)","StSLib"],"gold_per_floor":[99,99,99,46,46,46,70,81,112,132,159,179,279,341,355,459,459,359,369,383,383,33,61,110,125,225,243,272,286,286,298,315,315,315,315],"floor_reached":33,"language":"ENG","playtime":4061,"items_purged":[],"score":312,"play_id":"700ce14c-318d-42bb-bf74-792ea15ab814","local_time":"20210130211351","is_ascension_mode":true,"campfire_choices":[{"data":"champ:Execute","floor":1,"key":"SMITH"},{"floor":6,"key":"RECALL"},{"data":"champ:Taunt","floor":18,"key":"SMITH"},{"floor":30,"key":"REST"}],"circlet_count":0,"master_deck":["champ:Strike","champ:Strike","champ:Strike","champ:Strike","champ:Defend+1","champ:Defend+1","champ:Defend","champ:Execute+1","champ:Taunt+1","champ:EnGarde","champ:ArenaPreparation","champ:CrownThrow","champ:RisingSlash","champ:Haymaker","champ:MurderStrike","champ:Haymaker","champ:FaceSlap","champ:TornadoPunch","champ:CrownThrow","champ:PreciseThrust","champ:StanceDance","champ:SwordThrow","champ:FanOfKnives+1","champ:BringItOn","champ:PreciseThrust","expansioncontent:PolyBeam","champ:Encircle","champ:StrikeOfGenius","champ:CrookedStrike","champ:CalledShot+1","champ:CrookedStrike","champ:EnGarde+1","champ:AdrenalArmor+1"],"relics":["champ:ChampionCrown","downfall:HeartsMalice","War Paint","Orichalcum","Champion Belt","Toy Ornithopter","Philosopher\u0027s Stone","downfall:HeartBlessingRed","downfall:RedIOU","Bottled Flame","Toxic Egg 2","Calipers"],"acts_visited":["Exordium","TheCity"],"potions_floor_usage":[10,13,16,16,22,22,22,23,23,25,27,32,32],"damage_taken":[{"damage":0,"enemies":"2 Louse","floor":2,"turns":1},{"damage":0,"enemies":"downfall:FleeingMerchant","floor":4,"turns":1},{"damage":0,"enemies":"Cultist","floor":5,"turns":1},{"damage":0,"enemies":"Jaw Worm","floor":8,"turns":2},{"damage":36,"enemies":"Gremlin Nob","floor":9,"turns":3},{"damage":10,"enemies":"3 Louse","floor":10,"turns":3},{"damage":38,"enemies":"3 Sentries","floor":11,"turns":5},{"damage":16,"enemies":"Blue Slaver","floor":12,"turns":2},{"damage":20,"enemies":"Blue Slaver","floor":13,"turns":3},{"damage":12,"enemies":"Lagavulin Event","floor":14,"turns":3},{"damage":20,"enemies":"Red Slaver","floor":15,"turns":2},{"damage":42,"enemies":"DF_ARCHETYPE_STREAMLINE","floor":16,"turns":9},{"damage":9,"enemies":"Shell Parasite","floor":19,"turns":3},{"damage":15,"enemies":"Chosen","floor":20,"turns":2},{"damage":59,"enemies":"downfall:FleeingMerchant","floor":22,"turns":4},{"damage":74,"enemies":"Slavers","floor":23,"turns":6},{"damage":35,"enemies":"Sentry and Sphere","floor":25,"turns":4},{"damage":21,"enemies":"3 Cultists","floor":27,"turns":3},{"damage":29,"enemies":"Gremlin Leader","floor":28,"turns":5},{"damage":14,"enemies":"Chosen and Byrds","floor":29,"turns":4},{"damage":22,"enemies":"Shelled Parasite and Fungi","floor":31,"turns":3},{"damage":24,"enemies":"Snecko","floor":32,"turns":3},{"damage":36,"enemies":"IC_MUSHROOM_ARCHETYPE","floor":33,"turns":4}],"seed_played":"3770599968118730729","potions_obtained":[{"floor":9,"key":"Energy Potion"},{"floor":10,"key":"DuplicationPotion"},{"floor":11,"key":"EssenceOfSteel"},{"floor":14,"key":"sneckomod:MuddlingPotion"},{"floor":15,"key":"Block Potion"},{"floor":16,"key":"EntropicBrew"},{"floor":23,"key":"BlessingOfTheForge"},{"floor":27,"key":"Fruit Juice"},{"floor":28,"key":"Strength Potion"},{"floor":29,"key":"Fire Potion"}],"is_trial":false,"path_per_floor":["R","M","?","$","M","R","T","M","E","M","E","M","?","?","M","B",null,"R","M","M","?","$","E","T","M","?","M","E","M","R","M","M","B"],"character_chosen":"THE_CHAMP","items_purchased":["champ:CrownThrow","Bottled Flame","expansioncontent:PolyBeam"],"campfire_rested":1,"item_purchase_floors":[4,22,22],"current_hp_per_floor":[90,90,90,90,90,90,90,90,74,74,66,60,60,53,53,56,90,90,81,81,81,90,41,41,26,26,30,15,9,37,15,24,0,0,0],"gold":315,"neow_bonus":"THREE_ENEMY_KILL","is_daily":false,"chose_seed":false,"campfire_upgraded":2,"win_rate":0.0,"timestamp":1612059231,"path_taken":["R","M","?","$","?","R","T","M","E","M","E","M","?","?","M","BOSS","R","M","M","?","$","E","T","M","?","?","E","M","R","M","M","BOSS"],"items_purchased_type":["Card","Relic","Card"],"build_version":"2020-12-22","purchased_purges":0,"victory":false,"max_hp_per_floor":[90,90,90,90,90,90,90,90,90,90,90,90,90,90,90,90,90,90,90,90,90,90,90,90,90,90,95,95,95,95,95,95,95,95,95],"card_choices":[{"not_picked":["champ:Parry","champ:GutPunch"],"picked":"champ:EnGarde","floor":2},{"not_picked":["champ:SwordThrow","champ:Lariat"],"picked":"champ:ArenaPreparation","floor":4},{"not_picked":["champ:BringItOn","champ:Lariat"],"picked":"champ:RisingSlash","floor":5},{"not_picked":["champ:EnGarde","champ:BladeFlurry"],"picked":"champ:Haymaker","floor":8},{"not_picked":["champ:GutPunch","champ:BringItOn"],"picked":"champ:MurderStrike","floor":9},{"not_picked":["champ:EnGarde","champ:DefensiveShout"],"picked":"champ:Haymaker","floor":10},{"not_picked":["champ:PerfectedStrike","champ:ShieldSlam"],"picked":"champ:FaceSlap","floor":11},{"not_picked":["champ:DefensiveShout","champ:Parry"],"picked":"champ:TornadoPunch","floor":12},{"not_picked":["champ:FocusedDefense","champ:FalseCounter"],"picked":"champ:CrownThrow","floor":13},{"not_picked":["champ:GladiatorStyle","champ:Duel"],"picked":"champ:PreciseThrust","floor":14},{"not_picked":["champ:TornadoPunch","champ:ShieldWall"],"picked":"champ:StanceDance","floor":15},{"not_picked":["champ:CheapShot","champ:GladiatorForm"],"picked":"champ:SwordThrow","floor":16},{"not_picked":["champ:IronFortress","champ:EnGarde+1"],"picked":"champ:FanOfKnives+1","floor":19},{"not_picked":["champ:PreciseThrust+1","champ:PerfectedStrike"],"picked":"champ:BringItOn","floor":20},{"not_picked":["champ:FlashCut","champ:FocusedDefense"],"picked":"champ:PreciseThrust","floor":22},{"not_picked":["champ:RapidStrikes","champ:BladeFlurry"],"picked":"champ:Encircle","floor":23},{"not_picked":["champ:SetATrap+1","champ:ShieldWall+1"],"picked":"champ:StrikeOfGenius","floor":25},{"not_picked":["champ:Duel","champ:FocusedDefense+1"],"picked":"champ:CrookedStrike","floor":27},{"not_picked":["champ:Shatter","champ:Parry+1"],"picked":"champ:CalledShot+1","floor":28},{"not_picked":["champ:EndlessRage","champ:Haymaker"],"picked":"champ:CrookedStrike","floor":29},{"not_picked":["champ:Shatter+1","champ:Circumvent+1"],"picked":"champ:EnGarde+1","floor":31},{"not_picked":["champ:TornadoPunch","champ:Shatter"],"picked":"champ:AdrenalArmor+1","floor":32}],"player_experience":286080,"relics_obtained":[{"floor":7,"key":"War Paint"},{"floor":9,"key":"Orichalcum"},{"floor":11,"key":"Oddly Smooth Stone"},{"floor":13,"key":"Champion Belt"},{"floor":14,"key":"Toy Ornithopter"},{"floor":23,"key":"Toxic Egg 2"},{"floor":28,"key":"Calipers"}],"event_choices":[{"cards_removed":["champ:Defend"],"damage_healed":0,"gold_gain":0,"player_choice":"Offered Basic","damage_taken":0,"max_hp_gain":0,"max_hp_loss":0,"event_name":"Bonfire Elementals","floor":3,"gold_loss":0}],"is_beta":false,"boss_relics":[{"not_picked":["SlaversCollar","bronze:MakeshiftBattery"],"picked":"Philosopher\u0027s Stone"}],"items_purged_floors":[],"is_endless":false,"potions_floor_spawned":[9,10,11,14,15,16,23,27,28,29],"killed_by":"IC_MUSHROOM_ARCHETYPE","ascension_level":1}}