{"host":"962joygxjywy31p4","time":1612097335,"event":{"mods":["Act Like it!","BaseMod","Bestiary","Colored Map","Custom Start","Hermit","Minty Spire (QoL Compilation)","Relic Stats","StSLib"],"gold_per_floor":[113,113,133,151,170,197,197,228,228,258,274,301,301,335,335,511,511,542,28,28,28,54,54,80,106,133,166,177,177,206,233,233,404,404,414,414,414,90,121,154,154,225,225,252,284,341,341,374,374,381],"floor_reached":51,"language":"ENG","playtime":2541,"items_purged":["hermit:Strike_Hermit"],"score":997,"play_id":"17eca0b7-1ed0-4faf-aa42-0d80e8022d98","local_time":"20210131204855","is_ascension_mode":true,"campfire_choices":[{"data":"hermit:Gestalt","floor":7,"key":"SMITH"},{"data":"hermit:DeadOrAlive","floor":15,"key":"SMITH"},{"data":"hermit:Dive","floor":23,"key":"SMITH"},{"data":"hermit:Combo","floor":29,"key":"SMITH"},{"data":"hermit:Dive","floor":32,"key":"SMITH"},{"data":"hermit:Snapshot","floor":41,"key":"SMITH"},{"data":"hermit:Determination","floor":47,"key":"SMITH"},{"data":"hermit:Magnum","floor":49,"key":"SMITH"}],"circlet_count":0,"master_deck":["hermit:Strike_Hermit","hermit:Strike_Hermit","hermit:Strike_Hermit","hermit:Defend_Hermit","hermit:Defend_Hermit+1","hermit:Defend_Hermit","hermit:Defend_Hermit","hermit:Snapshot+1","hermit:Covet+1","hermit:Dive+1","hermit:NoHoldsBarred","hermit:Dive+1","hermit:Gestalt+1","hermit:Misfire","hermit:Combo+1","hermit:Reprieve+1","hermit:Coalescence+1","hermit:DeadOrAlive+1","hermit:Magnum+1","hermit:BigShot","hermit:Vantage+1","hermit:GhostlyPresence+1","hermit:BigShot","Violence+1","Madness+1","Madness+1","hermit:Scavenge+1","hermit:Glare+1","hermit:Determination+1"],"relics":["hermit:Momento","Calipers","Toxic Egg 2","Bottled Lightning","hermit:Spyglass","InkBottle","Torii","Omamori","Coffee Dripper","ClockworkSouvenir","Ice Cream","Sundial","MutagenicStrength","Toy Ornithopter","Happy Flower","Lantern","hermit:DentedPlate","Gremlin Horn","Bottled Flame","War Paint","Meat on the Bone","Boot","CaptainsWheel"],"acts_visited":["Exordium","TheCity","TheBeyond"],"potions_floor_usage":[11,12,16,18,25,33,42,46,50],"damage_taken":[{"damage":0,"enemies":"2 Louse","floor":1,"turns":3},{"damage":0,"enemies":"Cultist","floor":3,"turns":4},{"damage":1,"enemies":"Small Slimes","floor":4,"turns":4},{"damage":2,"enemies":"Blue Slaver","floor":5,"turns":3},{"damage":36,"enemies":"3 Sentries","floor":6,"turns":8},{"damage":2,"enemies":"Lagavulin","floor":8,"turns":8},{"damage":3,"enemies":"Looter","floor":11,"turns":3},{"damage":2,"enemies":"Gremlin Nob","floor":12,"turns":4},{"damage":3,"enemies":"Lagavulin","floor":14,"turns":9},{"damage":9,"enemies":"Slime Boss","floor":16,"turns":9},{"damage":1,"enemies":"Chosen","floor":18,"turns":6},{"damage":2,"enemies":"2 Thieves","floor":22,"turns":3},{"damage":22,"enemies":"Book of Stabbing","floor":24,"turns":8},{"damage":14,"enemies":"Snake Plant","floor":25,"turns":4},{"damage":16,"enemies":"Centurion and Healer","floor":27,"turns":6},{"damage":0,"enemies":"Snecko","floor":28,"turns":3},{"damage":0,"enemies":"Gremlin Leader","floor":30,"turns":5},{"damage":0,"enemies":"Snake Plant","floor":31,"turns":2},{"damage":0,"enemies":"Automaton","floor":33,"turns":11},{"damage":0,"enemies":"3 Darklings","floor":35,"turns":8},{"damage":0,"enemies":"3 Shapes","floor":39,"turns":4},{"damage":16,"enemies":"Nemesis","floor":40,"turns":7},{"damage":1,"enemies":"Giant Head","floor":42,"turns":8},{"damage":1,"enemies":"Transient","floor":44,"turns":5},{"damage":4,"enemies":"Nemesis","floor":45,"turns":5},{"damage":0,"enemies":"Mind Bloom Boss Battle","floor":46,"turns":5},{"damage":1,"enemies":"Spire Growth","floor":48,"turns":5},{"damage":23,"enemies":"Donu and Deca","floor":50,"turns":7}],"seed_played":"9176187644160518856","potions_obtained":[{"floor":3,"key":"Energy Potion"},{"floor":6,"key":"Ancient Potion"},{"floor":8,"key":"ColorlessPotion"},{"floor":11,"key":"ColorlessPotion"},{"floor":16,"key":"Block Potion"},{"floor":24,"key":"LiquidMemories"},{"floor":25,"key":"Fruit Juice"},{"floor":28,"key":"EssenceOfSteel"},{"floor":33,"key":"FairyPotion"},{"floor":35,"key":"AttackPotion"},{"floor":42,"key":"BlessingOfTheForge"}],"is_trial":false,"path_per_floor":["M","?","M","M","M","E","R","E","T","?","M","E","?","E","R","B",null,"M","$","?","?","M","R","E","M","T","M","M","R","E","M","R","B",null,"M","?","?","$","M","E","R","E","T","M","E","?","R","M","R","B",null],"character_chosen":"HERMIT","items_purchased":["ClockworkSouvenir","Ice Cream","hermit:BigShot","Gremlin Horn"],"campfire_rested":0,"item_purchase_floors":[19,19,19,38],"current_hp_per_floor":[68,68,68,67,65,29,29,27,27,27,28,30,78,75,75,69,78,77,77,77,77,76,76,56,56,56,44,48,48,52,56,56,65,97,101,101,87,87,91,79,79,87,87,90,90,99,99,102,102,88],"gold":381,"neow_bonus":"ONE_RARE_RELIC","is_daily":false,"chose_seed":false,"campfire_upgraded":8,"win_rate":0.0,"timestamp":1612097335,"path_taken":["M","?","M","?","M","E","R","E","T","?","M","E","?","E","R","BOSS","M","?","?","?","M","R","E","M","T","M","M","R","E","M","R","BOSS","M","?","?","$","M","E","R","E","T","M","E","?","R","M","R","BOSS"],"items_purchased_type":["Relic","Relic","Card","Relic"],"build_version":"2020-12-22","purchased_purges":1,"victory":true,"max_hp_per_floor":[68,68,68,68,68,68,68,68,68,68,68,68,78,78,78,78,78,78,78,78,78,78,78,78,83,83,83,83,83,83,83,83,83,115,115,115,115,115,115,115,115,115,115,115,115,115,115,115,115,115],"relic_stats":{"Torii":24,"Happy Flower":[27],"Gremlin Horn":[3,3],"counters":[28,157],"Sundial":[10],"War Paint":["hermit:Defend_Hermit","hermit:Covet"],"Boot":[2],"obtain_stats":[{"Ice Cream":19,"Lantern":30,"Calipers":0,"Torii":12,"Happy Flower":26,"Gremlin Horn":38,"hermit:DentedPlate":34,"Omamori":14,"War Paint":42,"Boot":45,"ClockworkSouvenir":19,"Bottled Flame":40,"CaptainsWheel":46,"Sundial":20,"MutagenicStrength":21,"Coffee Dripper":17,"Bottled Lightning":8,"Toxic Egg 2":6,"hermit:Momento":0,"hermit:Spyglass":9,"InkBottle":10,"Toy Ornithopter":24,"Meat on the Bone":43},{"Ice Cream":11,"Lantern":17,"Calipers":0,"Torii":8,"Happy Flower":14,"Gremlin Horn":20,"hermit:DentedPlate":19,"Omamori":9,"War Paint":23,"Boot":25,"ClockworkSouvenir":11,"Bottled Flame":22,"CaptainsWheel":26,"Sundial":11,"MutagenicStrength":11,"Coffee Dripper":10,"Bottled Lightning":6,"Toxic Egg 2":5,"hermit:Momento":0,"hermit:Spyglass":6,"InkBottle":6,"Toy Ornithopter":13,"Meat on the Bone":23},{"Ice Cream":61,"Lantern":90,"Calipers":0,"Torii":37,"Happy Flower":76,"Gremlin Horn":111,"hermit:DentedPlate":103,"Omamori":46,"War Paint":130,"Boot":140,"ClockworkSouvenir":61,"Bottled Flame":122,"CaptainsWheel":145,"Sundial":61,"MutagenicStrength":61,"Coffee Dripper":55,"Bottled Lightning":30,"Toxic Egg 2":22,"hermit:Momento":0,"hermit:Spyglass":30,"InkBottle":30,"Toy Ornithopter":72,"Meat on the Bone":130}],"InkBottle":[58],"Toy Ornithopter":25,"Meat on the Bone":0},"card_choices":[{"not_picked":["hermit:TrackingShot","hermit:Snipe"],"picked":"hermit:Dive","floor":1},{"not_picked":["hermit:Roulette","hermit:Maintenance"],"picked":"hermit:Gestalt","floor":3},{"not_picked":["hermit:HoleUp","hermit:Coalescence"],"picked":"hermit:Misfire","floor":4},{"not_picked":["hermit:LowProfile","hermit:CursedWeapon"],"picked":"hermit:Combo","floor":5},{"not_picked":["hermit:Manifest+1","hermit:LowProfile+1"],"picked":"hermit:Reprieve+1","floor":6},{"not_picked":["hermit:Snipe+1","hermit:ItchyTrigger"],"picked":"hermit:Coalescence+1","floor":8},{"not_picked":["hermit:Manifest+1","hermit:Enervate"],"picked":"hermit:Magnum","floor":11},{"not_picked":["hermit:HoleUp+1","hermit:Ricochet","hermit:Grudge"],"picked":"SKIP","floor":12},{"not_picked":["hermit:ItchyTrigger","hermit:Coalescence+1"],"picked":"hermit:DeadOrAlive","floor":14},{"not_picked":["hermit:DeadOrAlive","hermit:Adapt"],"picked":"hermit:Magnum","floor":16},{"not_picked":["hermit:HoleUp+1","hermit:Quickdraw+1","hermit:Vantage+1"],"picked":"SKIP","floor":18},{"not_picked":["hermit:CalledShot+1","hermit:Snipe+1","hermit:HoleUp+1"],"picked":"SKIP","floor":22},{"not_picked":["hermit:LoneWolf+1","hermit:TakeCover+1","hermit:CursedWeapon"],"picked":"SKIP","floor":24},{"not_picked":["hermit:Coalescence+1","hermit:Midnight+1"],"picked":"hermit:Vantage+1","floor":25},{"not_picked":["hermit:BodyArmor+1","hermit:Horror+1","hermit:Ricochet+1"],"picked":"SKIP","floor":27},{"not_picked":["hermit:TrackingShot","hermit:PistolWhip","hermit:Spite"],"picked":"SKIP","floor":28},{"not_picked":["hermit:Showdown+1","hermit:Quickdraw"],"picked":"hermit:GhostlyPresence+1","floor":30},{"not_picked":["hermit:Dive+1","hermit:Manifest+1","hermit:TrackingShot"],"picked":"SKIP","floor":31},{"not_picked":["hermit:Enervate","hermit:LoneWolf+1"],"picked":"hermit:BigShot","floor":35},{"not_picked":["Good Instincts+1","Panache"],"picked":"Violence+1","floor":36},{"not_picked":["hermit:HoleUp+1","hermit:TakeCover+1","hermit:Desperado+1"],"picked":"SKIP","floor":39},{"not_picked":["hermit:Manifest+1","hermit:ShadowCloak"],"picked":"hermit:Scavenge+1","floor":40},{"not_picked":["hermit:BodyArmor+1","hermit:LowProfile+1","hermit:GoldenBullet"],"picked":"SKIP","floor":42},{"not_picked":["hermit:FlashPowder+1","hermit:FullyLoaded+1"],"picked":"hermit:Glare+1","floor":44},{"not_picked":["hermit:GhostlyPresence+1","hermit:Coalescence+1"],"picked":"hermit:Determination","floor":45},{"not_picked":["hermit:GoldenBullet+1","hermit:Dive+1","hermit:LowProfile+1"],"picked":"SKIP","floor":48}],"player_experience":868687,"relics_obtained":[{"floor":6,"key":"Toxic Egg 2"},{"floor":8,"key":"Bottled Lightning"},{"floor":9,"key":"hermit:Spyglass"},{"floor":12,"key":"Torii"},{"floor":14,"key":"Omamori"},{"floor":24,"key":"Toy Ornithopter"},{"floor":26,"key":"Happy Flower"},{"floor":30,"key":"Lantern"},{"floor":40,"key":"Bottled Flame"},{"floor":42,"key":"War Paint"},{"floor":43,"key":"Meat on the Bone"},{"floor":45,"key":"Boot"},{"floor":46,"key":"CaptainsWheel"}],"event_choices":[{"damage_healed":0,"gold_gain":0,"player_choice":"2 cards matched","damage_taken":0,"max_hp_gain":0,"max_hp_loss":0,"event_name":"Match and Keep!","floor":2,"gold_loss":0,"cards_obtained":["hermit:NoHoldsBarred","hermit:Dive"]},{"damage_healed":0,"gold_gain":30,"player_choice":"Searched \u00273\u0027 times","damage_taken":0,"relics_obtained":["InkBottle"],"max_hp_gain":0,"max_hp_loss":0,"event_name":"Dead Adventurer","floor":10,"gold_loss":0},{"cards_removed":["hermit:Magnum"],"damage_healed":38,"gold_gain":0,"player_choice":"Offered Rare","damage_taken":0,"max_hp_gain":10,"max_hp_loss":0,"event_name":"Bonfire Elementals","floor":13,"gold_loss":0},{"damage_healed":0,"gold_gain":0,"player_choice":"Opened","damage_taken":0,"relics_obtained":["Sundial"],"max_hp_gain":0,"max_hp_loss":0,"event_name":"The Mausoleum","floor":20,"gold_loss":0},{"damage_healed":0,"gold_gain":0,"player_choice":"Inject Mutagens","damage_taken":0,"relics_obtained":["MutagenicStrength"],"max_hp_gain":0,"max_hp_loss":0,"event_name":"Drug Dealer","floor":21,"gold_loss":0},{"damage_healed":0,"gold_gain":0,"player_choice":"Memory 1","damage_taken":0,"max_hp_gain":0,"max_hp_loss":0,"event_name":"SensoryStone","floor":36,"gold_loss":0},{"damage_healed":0,"gold_gain":0,"player_choice":"Embrace Madness","damage_taken":14,"max_hp_gain":0,"max_hp_loss":0,"event_name":"Winding Halls","floor":37,"gold_loss":0,"cards_obtained":["Madness","Madness"]},{"damage_healed":0,"gold_gain":0,"player_choice":"Fight","damage_taken":0,"max_hp_gain":0,"max_hp_loss":0,"event_name":"MindBloom","floor":46,"gold_loss":0}],"is_beta":false,"boss_relics":[{"not_picked":["Busted Crown","Pandora\u0027s Box"],"picked":"Coffee Dripper"},{"not_picked":["Cursed Key","Runic Dome"],"picked":"hermit:DentedPlate"}],"items_purged_floors":[38],"is_endless":false,"potions_floor_spawned":[3,6,8,11,16,24,25,28,33,35,40,42,44],"ascension_level":1}}