{"host":"l5zfpd2l2htson6l","time":1612128541,"event":{"mods":["AchievementEnabler","BaseMod","Colored Map","Colored Powertips","Minty Spire (QoL Compilation)","Permanent Neow","Quick Restart","Rare Cards Sparkle","Relic Stats","SuperFastMode"],"gold_per_floor":[219,1,12,32,32,62,11,11,11,22,48,63,63,79,79,79,79],"floor_reached":16,"language":"ENG","playtime":1228,"items_purged":[],"score":207,"play_id":"f294cd74-6b37-4bf0-8977-10d57b3baa6c","local_time":"20210131132901","is_ascension_mode":true,"campfire_choices":[{"floor":8.0,"key":"REST"},{"floor":15.0,"key":"REST"}],"circlet_count":0,"master_deck":["AscendersBane","Strike_R","Strike_R","Strike_R","Strike_R","Defend_R","Defend_R","Defend_R","Defend_R","Bash","Thunderclap","Iron Wave","Dropkick","Immolate","Uppercut","True Grit","Seeing Red","Shrug It Off"],"relics":["Burning Blood","OrangePellets","Pear","Magic Flower","Letter Opener","MealTicket","Golden Idol"],"acts_visited":["Exordium"],"potions_floor_usage":[],"damage_taken":[{"damage":21.0,"enemies":"Small Slimes","floor":1.0,"turns":6.0},{"damage":2.0,"enemies":"Cultist","floor":3.0,"turns":4.0},{"damage":14.0,"enemies":"Jaw Worm","floor":4.0,"turns":4.0},{"damage":40.0,"enemies":"3 Sentries","floor":6.0,"turns":12.0},{"damage":28.0,"enemies":"Large Slime","floor":10.0,"turns":6.0},{"damage":27.0,"enemies":"Gremlin Nob","floor":11.0,"turns":5.0},{"damage":0.0,"enemies":"2 Fungi Beasts","floor":12.0,"turns":2.0},{"damage":7.0,"enemies":"Exordium Wildlife","floor":14.0,"turns":2.0},{"damage":89,"enemies":"The Guardian","floor":16,"turns":16}],"seed_played":"-8633279292473341168","potions_obtained":[{"floor":4.0,"key":"Regen Potion"},{"floor":10.0,"key":"Weak Potion"}],"is_trial":false,"path_per_floor":["M","$","M","M","?","E","?","R","T","M","E","M","?","M","R","B"],"character_chosen":"IRONCLAD","items_purchased":["OrangePellets","SpeedPotion"],"campfire_rested":2,"item_purchase_floors":[2,2],"current_hp_per_floor":[53,53,57,49,42,33,33,58,58,39,21,30,30,32,55,0,0],"gold":79,"neow_bonus":"HUNDRED_GOLD","is_daily":false,"chose_seed":false,"campfire_upgraded":0,"win_rate":0.0,"timestamp":1612128541,"path_taken":["M","$","M","M","?","E","?","R","T","?","E","M","?","M","R","BOSS"],"items_purchased_type":["Relic","Potion"],"build_version":"2020-12-22","purchased_purges":0,"victory":false,"max_hp_per_floor":[75,75,75,75,75,85,85,85,85,85,85,85,77,77,77,77,77],"relic_stats":{"OrangePellets":[0],"counters":[9,57],"Golden Idol":3,"Magic Flower":[12],"MealTicket":0,"Letter Opener":[5],"obtain_stats":[{"OrangePellets":2,"Pear":6,"Golden Idol":13,"Magic Flower":7,"MealTicket":11,"Letter Opener":9,"Burning Blood":0},{"OrangePellets":1,"Pear":4,"Golden Idol":7,"Magic Flower":4,"MealTicket":6,"Letter Opener":4,"Burning Blood":0},{"OrangePellets":6,"Pear":26,"Golden Idol":39,"Magic Flower":26,"MealTicket":37,"Letter Opener":26,"Burning Blood":0}],"Burning Blood":60},"card_choices":[{"not_picked":["Rage","Armaments"],"picked":"Thunderclap","floor":1.0},{"not_picked":["Havoc","Body Slam"],"picked":"Iron Wave","floor":3.0},{"not_picked":["Battle Trance","Searing Blow"],"picked":"Dropkick","floor":4.0},{"not_picked":["Heavy Blade","Body Slam"],"picked":"Immolate","floor":6.0},{"not_picked":["Body Slam","Rupture"],"picked":"Uppercut","floor":10.0},{"not_picked":["Shrug It Off","Inflame"],"picked":"True Grit","floor":11.0},{"not_picked":["Sentinel","Flex"],"picked":"Seeing Red","floor":12.0},{"not_picked":["Perfected Strike","Second Wind"],"picked":"Shrug It Off","floor":14.0}],"player_experience":801958,"relics_obtained":[{"floor":6.0,"key":"Pear"},{"floor":9.0,"key":"Letter Opener"},{"floor":11.0,"key":"MealTicket"}],"event_choices":[{"cards_removed":["Strike_R"],"damage_healed":0.0,"max_hp_gain":0.0,"max_hp_loss":0.0,"gold_gain":0.0,"event_name":"Golden Wing","player_choice":"Card Removal","floor":5.0,"gold_loss":0.0,"damage_taken":7.0},{"damage_healed":0.0,"max_hp_gain":0.0,"max_hp_loss":0.0,"gold_gain":0.0,"event_name":"WeMeetAgain","player_choice":"Paid Gold","floor":7.0,"gold_loss":51.0,"damage_taken":0.0,"relics_obtained":["Magic Flower"]},{"damage_healed":0.0,"max_hp_gain":0.0,"max_hp_loss":8.0,"gold_gain":0.0,"event_name":"Golden Idol","player_choice":"Lose Max HP","floor":13.0,"gold_loss":0.0,"damage_taken":0.0,"relics_obtained":["Golden Idol"]}],"is_beta":false,"boss_relics":[],"items_purged_floors":[],"is_endless":false,"potions_floor_spawned":[4,10],"killed_by":"The Guardian","ascension_level":17}}