{"host":"m7jrdcbl89w2s34c","time":1612124571,"event":{"mods":["AchievementEnabler","BaseMod","Bestiary","Block Reminder","Colored Map","Colored Powertips","Downfall","Minty Spire (QoL Compilation)","Permanent Neow","Relic Stats","StSLib"],"gold_per_floor":[115,135,310,13,13,13,13,45,45,72,86,86,115,67,67,164,164,183,201,201,201,201,201,231,243,243,14,14,26,26,38,38,143,143,163,209,228,0,50,50,77,94,94,119,119,119,145,213,213,213],"floor_reached":51,"language":"ENG","playtime":6231,"items_purged":["Strike_B"],"score":919,"play_id":"f29bc3bd-a58f-46ba-abc1-c38464b693b4","local_time":"20210131212251","is_ascension_mode":true,"campfire_choices":[{"floor":6,"key":"DIG"},{"floor":12,"key":"REST"},{"floor":15,"key":"REST"},{"floor":23,"key":"DIG"},{"data":"Zap","floor":30,"key":"SMITH"},{"data":"Turbo","floor":32,"key":"SMITH"},{"data":"Strike_B","floor":40,"key":"PURGE"},{"floor":46,"key":"DIG"},{"floor":49,"key":"DIG"}],"circlet_count":0,"master_deck":["Strike_B","Defend_B","Defend_B","Defend_B","Defend_B","Zap+1","Dualcast","Cold Snap","White Noise","Buffer+1","Conserve Battery","Creative AI+1","Leap+1","Go for the Eyes","Ball Lightning","Defragment+1","Turbo+1","Conserve Battery","Force Field+1","Creative AI+1","Coolheaded","Capacitor+1","Loop+1","Reinforced Body+1","Cold Snap+1","Sunder+1"],"relics":["Cracked Core","Shovel","Medical Kit","Bronze Scales","Anchor","Ornamental Fan","Cables","Frozen Egg 2","Happy Flower","Tiny Chest","Runic Pyramid","Singing Bowl","DataDisk","White Beast Statue","Fusion Hammer","Boot","Red Mask","Peace Pipe","Juzu Bracelet","Ancient Tea Set","HornCleat","Dead Branch","Mercury Hourglass","The Courier","Blue Candle"],"acts_visited":["Exordium","TheCity","TheBeyond"],"potions_floor_usage":[13,18,25,39,44,44,50],"damage_taken":[{"damage":0,"enemies":"2 Louse","floor":1,"turns":1},{"damage":0,"enemies":"Jaw Worm","floor":2,"turns":3},{"damage":25,"enemies":"Lagavulin","floor":8,"turns":7},{"damage":11,"enemies":"3 Sentries","floor":10,"turns":6},{"damage":0,"enemies":"Small Slimes","floor":11,"turns":3},{"damage":25,"enemies":"Gremlin Nob","floor":13,"turns":6},{"damage":21,"enemies":"The Guardian","floor":16,"turns":9},{"damage":0,"enemies":"2 Thieves","floor":18,"turns":4},{"damage":0,"enemies":"Shell Parasite","floor":19,"turns":5},{"damage":25,"enemies":"Book of Stabbing","floor":24,"turns":7},{"damage":4,"enemies":"Snake Plant","floor":25,"turns":5},{"damage":0,"enemies":"Cultist and Chosen","floor":29,"turns":4},{"damage":0,"enemies":"Snecko","floor":31,"turns":5},{"damage":12,"enemies":"Automaton","floor":33,"turns":13},{"damage":0,"enemies":"Orb Walker","floor":35,"turns":3},{"damage":2,"enemies":"3 Shapes","floor":37,"turns":6},{"damage":0,"enemies":"Mind Bloom Boss Battle","floor":39,"turns":8},{"damage":0,"enemies":"Nemesis","floor":41,"turns":7},{"damage":7,"enemies":"Jaw Worm Horde","floor":42,"turns":6},{"damage":17,"enemies":"Reptomancer","floor":44,"turns":6},{"damage":0,"enemies":"Giant Head","floor":47,"turns":11},{"damage":14,"enemies":"Awakened One","floor":50,"turns":18}],"seed_played":"-2752458359803312135","potions_obtained":[{"floor":10,"key":"SkillPotion"},{"floor":16,"key":"SkillPotion"},{"floor":18,"key":"Fire Potion"},{"floor":19,"key":"EssenceOfSteel"},{"floor":29,"key":"Explosive Potion"},{"floor":31,"key":"DistilledChaos"},{"floor":37,"key":"Energy Potion"},{"floor":39,"key":"EssenceOfSteel"},{"floor":41,"key":"LiquidBronze"},{"floor":44,"key":"Weak Potion"},{"floor":47,"key":"Energy Potion"}],"is_trial":false,"path_per_floor":["M","M","?","$","?","R","?","E","T","E","M","R","E","?","R","B",null,"M","M","?","?","T","R","E","M","T","$","?","M","R","M","R","B",null,"M","T","M","?","?","R","E","M","T","E","?","R","E","T","R","B",null],"character_chosen":"DEFECT","items_purchased":["Medical Kit","Bronze Scales","Defragment+1","Turbo","Conserve Battery"],"campfire_rested":2,"item_purchase_floors":[4,4,27,27,27],"current_hp_per_floor":[54,54,54,54,47,47,47,22,22,11,11,33,8,8,30,9,75,75,75,75,75,75,75,52,48,48,48,41,43,43,43,43,31,79,79,79,77,77,77,77,77,70,70,55,55,55,55,55,55,41],"gold":213,"neow_bonus":"ONE_RARE_RELIC","is_daily":false,"chose_seed":false,"campfire_upgraded":2,"win_rate":0.0,"timestamp":1612124571,"path_taken":["M","M","?","$","?","R","?","E","T","E","?","R","E","?","R","BOSS","M","M","?","?","?","R","E","?","T","$","?","M","R","?","R","BOSS","M","?","M","?","?","R","E","M","T","E","?","R","E","?","R","BOSS"],"items_purchased_type":["Relic","Relic","Card","Card","Card"],"build_version":"2020-12-22","purchased_purges":1,"victory":true,"max_hp_per_floor":[75,75,75,75,75,75,75,75,75,75,75,75,75,75,75,75,75,75,75,75,75,75,75,77,77,77,77,77,79,79,79,79,79,79,79,79,79,79,79,79,79,79,79,81,81,81,81,81,81,81],"relic_stats":{"Happy Flower":[42],"Singing Bowl":6,"counters":[22,142],"Dead Branch":[5],"Blue Candle":[0],"Juzu Bracelet":0,"Medical Kit":[7],"Boot":[40],"Cables":[122,74,48,0,0],"Mercury Hourglass":[79],"Peace Pipe":1,"Shovel":4,"Ornamental Fan":[60],"Bronze Scales":[456],"Tiny Chest":3,"obtain_stats":[{"Singing Bowl":23,"Juzu Bracelet":41,"Boot":36,"Ancient Tea Set":43,"Shovel":0,"HornCleat":44,"Tiny Chest":13,"Fusion Hammer":34,"Red Mask":38,"Cracked Core":0,"Runic Pyramid":17,"Happy Flower":10,"Dead Branch":46,"Blue Candle":49,"The Courier":48,"Frozen Egg 2":9,"Medical Kit":4,"White Beast Statue":26,"Cables":8,"Mercury Hourglass":47,"Peace Pipe":39,"Anchor":6,"DataDisk":24,"Ornamental Fan":7,"Bronze Scales":4},{"Singing Bowl":9,"Juzu Bracelet":18,"Boot":15,"Ancient Tea Set":19,"Shovel":0,"HornCleat":20,"Tiny Chest":6,"Fusion Hammer":14,"Red Mask":16,"Cracked Core":0,"Runic Pyramid":7,"Happy Flower":4,"Dead Branch":20,"Blue Candle":21,"The Courier":21,"Frozen Egg 2":3,"Medical Kit":2,"White Beast Statue":11,"Cables":3,"Mercury Hourglass":21,"Peace Pipe":17,"Anchor":2,"DataDisk":10,"Ornamental Fan":2,"Bronze Scales":2},{"Singing Bowl":44,"Juzu Bracelet":101,"Boot":81,"Ancient Tea Set":107,"Shovel":0,"HornCleat":113,"Tiny Chest":26,"Fusion Hammer":78,"Red Mask":87,"Cracked Core":0,"Runic Pyramid":35,"Happy Flower":17,"Dead Branch":113,"Blue Candle":124,"The Courier":124,"Frozen Egg 2":11,"Medical Kit":4,"White Beast Statue":56,"Cables":11,"Mercury Hourglass":124,"Peace Pipe":95,"Anchor":4,"DataDisk":51,"Ornamental Fan":4,"Bronze Scales":4}]},"card_choices":[{"not_picked":["Static Discharge","Conserve Battery"],"picked":"Cold Snap","floor":1},{"not_picked":["Melter","Stack"],"picked":"Barrage","floor":2},{"not_picked":["Go for the Eyes","Gash"],"picked":"White Noise","floor":8},{"not_picked":["Heatsinks+1","Compile Driver"],"picked":"Buffer+1","floor":10},{"not_picked":["Leap","BootSequence"],"picked":"Conserve Battery","floor":11},{"not_picked":["Recycle","Rebound"],"picked":"Hello World+1","floor":13},{"not_picked":["Machine Learning+1","All For One"],"picked":"Creative AI+1","floor":16},{"not_picked":["Aggregate+1","Beam Cell"],"picked":"Leap+1","floor":18},{"not_picked":["Steam Power","Barrage+1"],"picked":"Go for the Eyes","floor":19},{"not_picked":["Heatsinks+1","Melter","Hologram+1"],"picked":"Singing Bowl","floor":24},{"not_picked":["Undo","Redo"],"picked":"Ball Lightning","floor":25},{"not_picked":["Rebound","Streamline+1","Hyperbeam"],"picked":"Singing Bowl","floor":29},{"not_picked":["Conserve Battery+1","Tempest"],"picked":"Force Field+1","floor":31},{"not_picked":["Electrodynamics+1","Reboot"],"picked":"Creative AI+1","floor":33},{"not_picked":["Streamline","Beam Cell+1"],"picked":"Coolheaded","floor":35},{"not_picked":["Fusion","Leap"],"picked":"Capacitor+1","floor":37},{"not_picked":["Conserve Battery+1","Hello World+1"],"picked":"Loop+1","floor":39},{"not_picked":["Steam","Genetic Algorithm+1"],"picked":"Reinforced Body+1","floor":41},{"not_picked":["Sunder","Ball Lightning+1"],"picked":"Cold Snap+1","floor":42},{"not_picked":["Rip and Tear","Chill","Go for the Eyes+1"],"picked":"Singing Bowl","floor":44},{"not_picked":["Hello World+1","Ball Lightning"],"picked":"Sunder+1","floor":47}],"player_experience":225039,"relics_obtained":[{"floor":6,"key":"Anchor"},{"floor":8,"key":"Cables"},{"floor":9,"key":"Frozen Egg 2"},{"floor":10,"key":"Happy Flower"},{"floor":13,"key":"Tiny Chest"},{"floor":23,"key":"Singing Bowl"},{"floor":24,"key":"DataDisk"},{"floor":26,"key":"White Beast Statue"},{"floor":36,"key":"Boot"},{"floor":39,"key":"Peace Pipe"},{"floor":41,"key":"Juzu Bracelet"},{"floor":43,"key":"Ancient Tea Set"},{"floor":44,"key":"HornCleat"},{"floor":46,"key":"Dead Branch"},{"floor":47,"key":"Mercury Hourglass"},{"floor":48,"key":"The Courier"},{"floor":49,"key":"Blue Candle"}],"event_choices":[{"damage_healed":0,"gold_gain":175,"player_choice":"AGREE","damage_taken":0,"max_hp_gain":0,"max_hp_loss":0,"event_name":"Liars Game","floor":3,"gold_loss":0,"cards_obtained":["Doubt"]},{"cards_removed":["Doubt"],"damage_healed":0,"gold_gain":0,"player_choice":"Card Removal","damage_taken":7,"max_hp_gain":0,"max_hp_loss":0,"event_name":"Golden Wing","floor":5,"gold_loss":0},{"cards_removed":["Barrage"],"damage_healed":0,"gold_gain":0,"player_choice":"Gave Card","damage_taken":0,"relics_obtained":["Ornamental Fan"],"max_hp_gain":0,"max_hp_loss":0,"event_name":"WeMeetAgain","floor":7,"gold_loss":0},{"damage_healed":0,"gold_gain":0,"player_choice":"Left Gold","damage_taken":0,"max_hp_gain":0,"max_hp_loss":0,"event_name":"World of Goop","floor":14,"gold_loss":48},{"damage_healed":0,"gold_gain":0,"player_choice":"Ignored","damage_taken":0,"max_hp_gain":0,"max_hp_loss":0,"event_name":"Ghosts","floor":20,"gold_loss":0},{"cards_removed":["Hello World"],"damage_healed":0,"gold_gain":0,"player_choice":"Offered Uncommon","damage_taken":0,"max_hp_gain":0,"max_hp_loss":0,"event_name":"Bonfire Elementals","floor":21,"gold_loss":0},{"damage_healed":0,"gold_gain":0,"player_choice":"Damaged","damage_taken":7,"max_hp_gain":0,"max_hp_loss":0,"event_name":"Wheel of Change","floor":28,"gold_loss":0},{"damage_healed":0,"gold_gain":0,"player_choice":"Paid","damage_taken":0,"relics_obtained":["Red Mask"],"max_hp_gain":0,"max_hp_loss":0,"event_name":"Tomb of Lord Red Mask","floor":38,"gold_loss":228},{"damage_healed":0,"gold_gain":0,"player_choice":"Fight","damage_taken":0,"max_hp_gain":0,"max_hp_loss":0,"event_name":"MindBloom","floor":39,"gold_loss":0},{"cards_removed":["Strike_B"],"damage_healed":0,"gold_gain":0,"player_choice":"Removed Attack","damage_taken":0,"max_hp_gain":0,"max_hp_loss":0,"event_name":"Falling","floor":45,"gold_loss":0}],"is_beta":false,"boss_relics":[{"not_picked":["Inserter","Empty Cage"],"picked":"Runic Pyramid"},{"not_picked":["Busted Crown","SlaversCollar"],"picked":"Fusion Hammer"}],"items_purged_floors":[27],"is_endless":false,"potions_floor_spawned":[10,16,18,19,29,31,33,35,37,39,41,42,44,47],"ascension_level":2}}