{"host":"rn4c402gwd40h2z6","time":1612077882,"event":{"mods":["AchievementEnabler","BaseMod","Card Forge","Data Control","Minty Spire (QoL Compilation)","StSLib"],"gold_per_floor":[99,99,99,99,99,99,99,99,99,99,99,99,99,99,99,99,99,99,99,14,14,14,14,14,14,14,14,14,14,14,14,14,14,14,14,14,14,14,14,14,14,14,14,14,14,14,14,14,14,14,14,14,14,14,14,14],"floor_reached":57,"language":"ZHS","playtime":559,"items_purged":[],"score":3629,"play_id":"bf800f47-fb6c-4981-bee4-9bb2c0a43571","local_time":"20210131152442","is_ascension_mode":true,"campfire_choices":[{"floor":6,"key":"RECALL"},{"floor":12,"key":"REST"},{"floor":15,"key":"REST"},{"floor":23,"key":"REST"},{"floor":32,"key":"REST"},{"floor":44,"key":"REST"},{"floor":47,"key":"REST"},{"floor":49,"key":"REST"},{"floor":53,"key":"REST"}],"circlet_count":0,"master_deck":["AscendersBane","Strike_B","Strike_B","Strike_B","Defend_B","Defend_B","Defend_B"],"relics":["Cracked Core","Hammer of Thor","Seething Fire","Anvil of the Gods","HornCleat","Nilry\u0027s Codex","Akabeko","Incense Burner"],"acts_visited":["Exordium","TheCity","TheBeyond","TheEnding"],"potions_floor_usage":[],"damage_taken":[{"damage":0,"enemies":"2 Louse","floor":1,"turns":1},{"damage":0,"enemies":"Cultist","floor":3,"turns":1},{"damage":0,"enemies":"Jaw Worm","floor":5,"turns":1},{"damage":0,"enemies":"3 Sentries","floor":7,"turns":1},{"damage":0,"enemies":"Large Slime","floor":8,"turns":1},{"damage":0,"enemies":"Lagavulin","floor":13,"turns":1},{"damage":0,"enemies":"Exordium Thugs","floor":14,"turns":1},{"damage":0,"enemies":"Slime Boss","floor":16,"turns":1},{"damage":0,"enemies":"Shell Parasite","floor":18,"turns":1},{"damage":0,"enemies":"Spheric Guardian","floor":19,"turns":1},{"damage":0,"enemies":"Centurion and Healer","floor":21,"turns":1},{"damage":0,"enemies":"Shelled Parasite and Fungi","floor":25,"turns":1},{"damage":0,"enemies":"Chosen and Byrds","floor":28,"turns":1},{"damage":0,"enemies":"Centurion and Healer","floor":29,"turns":1},{"damage":0,"enemies":"Sentry and Sphere","floor":31,"turns":1},{"damage":0,"enemies":"Champ","floor":33,"turns":1},{"damage":0,"enemies":"3 Darklings","floor":35,"turns":1},{"damage":0,"enemies":"Orb Walker","floor":38,"turns":1},{"damage":0,"enemies":"Reptomancer","floor":40,"turns":1},{"damage":0,"enemies":"2 Orb Walkers","floor":41,"turns":1},{"damage":0,"enemies":"Giant Head","floor":42,"turns":1},{"damage":0,"enemies":"4 Shapes","floor":45,"turns":1},{"damage":0,"enemies":"Reptomancer","floor":46,"turns":1},{"damage":0,"enemies":"Transient","floor":48,"turns":1},{"damage":0,"enemies":"Donu and Deca","floor":50,"turns":1},{"damage":0,"enemies":"Time Eater","floor":51,"turns":1},{"damage":0,"enemies":"Shield and Spear","floor":55,"turns":1},{"damage":98,"enemies":"The Heart","floor":56,"turns":4}],"seed_played":"6872016933721418031","potions_obtained":[],"is_trial":false,"path_per_floor":["M","?","M","$","M","R","E","M","T","T","?","R","E","M","R","B",null,"M","M","?","M","?","R","?","M","T","?","M","M","?","M","R","B",null,"M","?","$","M","?","E","?","E","T","R","M","E","R","M","R","B","B",null,"R","$","E","B",null],"character_chosen":"DEFECT","items_purchased":[],"campfire_rested":8,"item_purchase_floors":[],"current_hp_per_floor":[10998,10998,10998,10998,10998,10998,10998,10998,10998,10998,10998,10998,10998,10998,10998,10998,10998,10998,10998,10998,10998,10998,10998,10998,10998,10998,10977,10977,10977,7133,7133,10433,10433,10861,10861,10861,10861,10861,10861,10861,10861,10861,10861,11003,11003,11003,11003,11003,11003,11003,11003,11003,11003,11003,11003,10905],"gold":14,"neow_bonus":"TEN_PERCENT_HP_BONUS","is_daily":false,"chose_seed":false,"campfire_upgraded":0,"win_rate":0.0,"timestamp":1612077882,"path_taken":["M","?","?","$","M","R","E","M","T","?","?","R","E","M","R","BOSS","M","?","?","M","?","R","?","?","T","?","M","M","?","M","R","BOSS","M","?","?","?","?","E","?","E","T","R","M","E","R","M","R","BOSS","BOSS","R","$","E","BOSS"],"items_purchased_type":[],"build_version":"2020-12-22","purchased_purges":0,"victory":true,"max_hp_per_floor":[10998,10998,10998,10998,10998,10998,10998,10998,10998,10998,10998,10998,10998,10998,10998,10998,10998,10998,10998,10998,10998,10998,10998,10998,10998,10998,10998,10998,10998,11003,11003,11003,11003,11003,11003,11003,11003,11003,11003,11003,11003,11003,11003,11003,11003,11003,11003,11003,11003,11003,11003,11003,11003,11003,11003,11003],"card_choices":[{"not_picked":["Steam","Cold Snap","Reprogram"],"picked":"SKIP","floor":1},{"not_picked":["Redo","Streamline","Loop"],"picked":"SKIP","floor":3},{"not_picked":["Ball Lightning","Leap","Conserve Battery"],"picked":"SKIP","floor":5},{"not_picked":["Lockon","Chill","Streamline"],"picked":"SKIP","floor":7},{"not_picked":["White Noise","Streamline","Cold Snap"],"picked":"SKIP","floor":8},{"not_picked":["White Noise","Glacier","Redo"],"picked":"SKIP","floor":13},{"not_picked":["BootSequence","Consume","Turbo"],"picked":"SKIP","floor":14},{"not_picked":["Coolheaded","Hologram","Go for the Eyes"],"picked":"SKIP","floor":18},{"not_picked":["Leap","Reinforced Body","Turbo"],"picked":"SKIP","floor":19},{"not_picked":["Beam Cell","Coolheaded+1","Steam"],"picked":"SKIP","floor":21},{"not_picked":["Redo","Self Repair","Ball Lightning"],"picked":"SKIP","floor":25},{"not_picked":["Beam Cell","Defragment","Hologram"],"picked":"SKIP","floor":28},{"not_picked":["Streamline","Rebound","Barrage"],"picked":"SKIP","floor":29},{"not_picked":["Self Repair","Sweeping Beam","Loop"],"picked":"SKIP","floor":31},{"not_picked":["Rebound","Darkness","Beam Cell"],"picked":"SKIP","floor":35},{"not_picked":["Conserve Battery+1","Compile Driver","Hologram"],"picked":"SKIP","floor":38},{"not_picked":["Genetic Algorithm","Sweeping Beam+1","Defragment+1"],"picked":"SKIP","floor":40},{"not_picked":["Fission","Fusion","Leap"],"picked":"SKIP","floor":42},{"not_picked":["Aggregate","Hologram+1","Static Discharge+1"],"picked":"SKIP","floor":45},{"not_picked":["Go for the Eyes","Stack","Compile Driver"],"picked":"SKIP","floor":46},{"not_picked":["Rebound","Buffer","Steam+1"],"picked":"SKIP","floor":48},{"not_picked":["BootSequence+1","Reinforced Body","Gash"],"picked":"SKIP","floor":55}],"player_experience":59809,"relics_obtained":[{"floor":27,"key":"Nilry\u0027s Codex"},{"floor":41,"key":"Incense Burner"}],"event_choices":[{"damage_healed":0,"gold_gain":0,"cards_transformed":["Defend_B"],"player_choice":"Transformed","damage_taken":0,"max_hp_gain":0,"max_hp_loss":0,"event_name":"Transmorgrifier","floor":2,"gold_loss":0,"cards_obtained":["Double Energy"]},{"cards_removed":["Dualcast"],"damage_healed":0,"gold_gain":0,"player_choice":"Purged","damage_taken":0,"max_hp_gain":0,"max_hp_loss":0,"event_name":"Purifier","floor":11,"gold_loss":0},{"damage_healed":0,"gold_gain":0,"player_choice":"Obtained Relic","damage_taken":0,"relics_obtained":["HornCleat"],"max_hp_gain":0,"max_hp_loss":0,"event_name":"Addict","floor":20,"gold_loss":85},{"cards_removed":["Zap"],"damage_healed":0,"gold_gain":0,"player_choice":"Elegance","damage_taken":0,"max_hp_gain":0,"max_hp_loss":0,"event_name":"Back to Basics","floor":22,"gold_loss":0},{"damage_healed":0,"gold_gain":0,"player_choice":"Got Potions","damage_taken":0,"max_hp_gain":0,"max_hp_loss":0,"event_name":"Lab","floor":24,"gold_loss":0},{"damage_healed":0,"gold_gain":0,"player_choice":"Obtained Book","damage_taken":21,"max_hp_gain":0,"max_hp_loss":0,"event_name":"Cursed Tome","floor":27,"gold_loss":0},{"damage_healed":0,"gold_gain":0,"player_choice":"Shed Blood","damage_taken":3849,"max_hp_gain":5,"max_hp_loss":0,"event_name":"Forgotten Altar","floor":30,"gold_loss":0},{"cards_removed":["Double Energy"],"damage_healed":0,"gold_gain":0,"player_choice":"Gave Card","damage_taken":0,"relics_obtained":["Akabeko"],"max_hp_gain":0,"max_hp_loss":0,"event_name":"WeMeetAgain","floor":36,"gold_loss":0},{"cards_removed":["Strike_B"],"damage_healed":0,"gold_gain":0,"player_choice":"Removed Attack","damage_taken":0,"max_hp_gain":0,"max_hp_loss":0,"event_name":"Falling","floor":39,"gold_loss":0},{"damage_healed":0,"gold_gain":0,"player_choice":"Fight","damage_taken":0,"max_hp_gain":0,"max_hp_loss":0,"event_name":"Mysterious Sphere","floor":41,"gold_loss":0}],"is_beta":false,"boss_relics":[{"not_picked":[]},{"not_picked":[]}],"items_purged_floors":[],"is_endless":false,"potions_floor_spawned":[3,8,13,14,18,29,33,40,41,42,45,48,55],"ascension_level":20}}