{"host":"5kirneupyg4uzd3w","time":1612089929,"event":{"mods":["BaseMod","Colored Map","Custom Start","Minty Spire (QoL Compilation)","StSLib","SuperFastMode"],"gold_per_floor":[111,111,111,36,55,55,87,87,112,112,126,159,159,59,59,136,136,146,158,176,176,176,176,176,176],"floor_reached":24,"language":"KOR","playtime":687,"items_purged":["Strike_R","Strike_R"],"score":404,"play_id":"766e82d4-25df-4c57-9f66-55447bd7c3fd","local_time":"20210131194529","is_ascension_mode":true,"campfire_choices":[{"data":"Rampage","floor":6.0,"key":"SMITH"},{"data":"Offering","floor":8.0,"key":"SMITH"},{"data":"Intimidate","floor":10.0,"key":"SMITH"},{"floor":15.0,"key":"RECALL"},{"floor":23,"key":"REST"}],"circlet_count":0,"master_deck":["AscendersBane","Strike_R","Strike_R","Defend_R","Defend_R","Defend_R","Defend_R","Bash","Discovery","Anger","Intimidate+1","Rampage+1","Offering+1","Shrug It Off+1","Dark Embrace","Decay"],"relics":["Burning Blood","StrikeDummy","Akabeko","Thread and Needle","Sozu","Torii"],"acts_visited":["Exordium","TheCity"],"potions_floor_usage":[16,16],"damage_taken":[{"damage":1.0,"enemies":"Cultist","floor":1.0,"turns":3.0},{"damage":0.0,"enemies":"2 Louse","floor":5.0,"turns":3.0},{"damage":25.0,"enemies":"Lagavulin","floor":7.0,"turns":8.0},{"damage":7.0,"enemies":"Jaw Worm","floor":11.0,"turns":3.0},{"damage":12.0,"enemies":"Gremlin Nob","floor":12.0,"turns":3.0},{"damage":40,"enemies":"Hexaghost","floor":16,"turns":11},{"damage":17,"enemies":"Chosen","floor":18,"turns":5},{"damage":6,"enemies":"Spheric Guardian","floor":19,"turns":3},{"damage":48,"enemies":"Chosen and Byrds","floor":20,"turns":6},{"damage":36,"enemies":"Slavers","floor":24,"turns":3}],"seed_played":"-4540628478295707031","potions_obtained":[{"floor":1.0,"key":"DuplicationPotion"},{"floor":5.0,"key":"AttackPotion"},{"floor":12.0,"key":"SpeedPotion"},{"floor":13.0,"key":"Weak Potion"}],"is_trial":false,"path_per_floor":["M","?","?","$","M","R","E","R","T","R","M","E","?","$","R","B",null,"M","M","M","?","T","R","E"],"character_chosen":"IRONCLAD","items_purchased":[],"campfire_rested":1,"item_purchase_floors":[],"current_hp_per_floor":[73,73,78,78,80,80,61,61,61,61,60,54,54,54,54,20,65,54,54,12,12,12,36,0,0],"gold":176,"neow_bonus":"RANDOM_COLORLESS","is_daily":false,"chose_seed":false,"campfire_upgraded":3,"win_rate":0.0,"timestamp":1612089929,"path_taken":["M","?","?","?","M","R","E","R","T","R","M","E","?","$","R","BOSS","M","?","M","?","?","R","E"],"items_purchased_type":[],"build_version":"2020-12-22","purchased_purges":2,"victory":false,"max_hp_per_floor":[75,75,80,80,80,80,80,80,80,80,80,80,80,80,80,80,80,80,80,80,80,80,80,80,80],"card_choices":[{"not_picked":["Dramatic Entrance","Forethought"],"picked":"Discovery","floor":0.0},{"not_picked":["Armaments","Clash"],"picked":"Anger","floor":1.0},{"not_picked":["True Grit","Anger"],"picked":"Rampage","floor":5.0},{"not_picked":["Heavy Blade","Headbutt"],"picked":"Offering","floor":7.0},{"not_picked":["Anger","Thunderclap","Havoc"],"picked":"SKIP","floor":11.0},{"not_picked":["Perfected Strike","Heavy Blade","Seeing Red"],"picked":"SKIP","floor":12.0},{"not_picked":["Pommel Strike","True Grit+1"],"picked":"Shrug It Off+1","floor":18},{"not_picked":["Clothesline","Inflame"],"picked":"Dark Embrace","floor":19},{"not_picked":["Rampage","Iron Wave","Heavy Blade"],"picked":"SKIP","floor":20}],"player_experience":291610,"relics_obtained":[{"floor":7.0,"key":"StrikeDummy"},{"floor":9.0,"key":"Akabeko"},{"floor":12.0,"key":"Thread and Needle"},{"floor":22,"key":"Torii"}],"event_choices":[{"damage_healed":0.0,"max_hp_gain":0.0,"max_hp_loss":0.0,"gold_gain":0.0,"cards_transformed":["Strike_R"],"event_name":"Living Wall","player_choice":"Change","floor":2.0,"gold_loss":0.0,"damage_taken":0.0,"cards_obtained":["Intimidate"]},{"damage_healed":0.0,"max_hp_gain":5.0,"max_hp_loss":0.0,"gold_gain":0.0,"event_name":"Big Fish","player_choice":"Donut","floor":3.0,"gold_loss":0.0,"damage_taken":0.0},{"damage_healed":0.0,"max_hp_gain":0.0,"max_hp_loss":0.0,"gold_gain":0.0,"event_name":"Lab","player_choice":"Got Potions","floor":13.0,"gold_loss":0.0,"damage_taken":0.0},{"damage_healed":0,"gold_gain":0,"player_choice":"Smashed Altar","damage_taken":0,"max_hp_gain":0,"max_hp_loss":0,"event_name":"Forgotten Altar","floor":21,"gold_loss":0,"cards_obtained":["Decay"]}],"is_beta":false,"boss_relics":[{"not_picked":["Tiny House","Runic Cube"],"picked":"Sozu"}],"items_purged_floors":[4,14],"is_endless":false,"potions_floor_spawned":[1,5,12],"killed_by":"Slavers","ascension_level":20}}