{"host":"3po7ngt2j61s4rmj","time":1612122370,"event":{"mods":["Act Like it!","BaseMod","Elementarium","JesterMod","Minty Spire (QoL Compilation)","Relic Stats","Shade Mod","StSLib"],"gold_per_floor":[119,132,142,160,160,186,186,211,235,249,249,284,22,36,36,132,132,148,198,198,223,237,237,237,268,268,312,312,330,330,330,330,423,423,442,7,0,0,0,35,55,93,93,107,148,167,200,221,221,221,221],"floor_reached":50,"language":"ENG","playtime":9900,"items_purged":["Injury","Shade:Strike_Shade"],"score":1088,"play_id":"2af429b7-16c2-45b1-b888-8e787281b21a","local_time":"20210131124610","is_ascension_mode":true,"campfire_choices":[{"floor":7.0,"key":"REST"},{"floor":15.0,"key":"REST"},{"data":"Shade:OminousRitual","floor":23.0,"key":"SMITH"},{"data":"Shade:LichForm","floor":28.0,"key":"SMITH"},{"data":"Shade:PressTheAttack","floor":30.0,"key":"SMITH"},{"data":"Ghostly","floor":32.0,"key":"SMITH"},{"floor":49,"key":"RECALL"}],"circlet_count":0,"master_deck":["AscendersBane","Shade:Strike_Shade+1","Shade:Strike_Shade","Shade:Strike_Shade","Shade:Defend_Shade","Shade:Defend_Shade","Shade:Defend_Shade","Shade:Defend_Shade","Shade:AnimateDead+1","Shade:CarefulCut","Shade:CloudOfShrapnel","Shade:PressTheAttack+1","Shade:SpontaneousRitual+1","Shade:FreshBones","Shade:LichForm+1","Shade:PotionOfRestlessness","Shade:GraveStillness","Shade:StitchTogether","Shade:OminousRitual+1","Shade:FuneraryJewels","Elementarium:GildedDefend","Shade:Excise+1","Bandage Up","Purity","Shade:FleshToFlesh+1","Shade:PressTheAttack","Shade:Bite_Shade","Ghostly+1","Shade:OfferingToTheBeyond","Shade:Brains","Transmutation","Blind","Clumsy","Shade:GreaterAnimation","Shade:FingerOfDeath+1","Shade:Patience+1","Injury","Shade:SoulToxin+1","Shade:DangerousRitual+1","Shade:RitualOffering"],"relics":["Shade:YorickSkull","Nunchaku","PreservedInsect","Oddly Smooth Stone","Golden Idol","Bag of Marbles","Bag of Preparation","Coffee Dripper","Blood Vial","Pen Nib","White Beast Statue","Orichalcum","Elementarium:ElementariumTrophy","Cursed Key","Strange Spoon","Elementarium:GoldenMirage","Darkstone Periapt","Pantograph","Calipers","Shuriken","Whetstone"],"acts_visited":["Exordium","Exordium","TheBeyond"],"potions_floor_usage":[42,45,47,50],"damage_taken":[{"damage":0.0,"enemies":"Cultist","floor":1.0,"turns":4.0},{"damage":1.0,"enemies":"Small Slimes","floor":2.0,"turns":3.0},{"damage":0.0,"enemies":"Jaw Worm","floor":3.0,"turns":3.0},{"damage":9.0,"enemies":"Large Slime","floor":4.0,"turns":5.0},{"damage":24.0,"enemies":"Gremlin Nob","floor":6.0,"turns":5.0},{"damage":10.0,"enemies":"3 Louse","floor":10.0,"turns":3.0},{"damage":19.0,"enemies":"3 Sentries","floor":12.0,"turns":5.0},{"damage":4.0,"enemies":"Red Slaver","floor":14.0,"turns":4.0},{"damage":0.0,"enemies":"The Guardian","floor":16.0,"turns":6.0},{"damage":3.0,"enemies":"Elementarium:2_ELEMENTALS","floor":18.0,"turns":3.0},{"damage":7.0,"enemies":"Elementarium:Cyclone","floor":21.0,"turns":5.0},{"damage":17.0,"enemies":"Elementarium:VoidBeast","floor":22.0,"turns":5.0},{"damage":27.0,"enemies":"Elementarium:WarGolem","floor":25.0,"turns":4.0},{"damage":9.0,"enemies":"Elementarium:FIRE_NOBILITY","floor":27.0,"turns":5.0},{"damage":1.0,"enemies":"Elementarium:3_ELEMENTALS","floor":29.0,"turns":4.0},{"damage":7.0,"enemies":"Elementarium:GolemEmperor","floor":33.0,"turns":8.0},{"damage":5.0,"enemies":"3 Shapes","floor":35.0,"turns":5.0},{"damage":2.0,"enemies":"Nemesis","floor":40.0,"turns":7.0},{"damage":50,"enemies":"3 Darklings","floor":41,"turns":6},{"damage":1,"enemies":"Giant Head","floor":42,"turns":6},{"damage":0,"enemies":"Sphere and 2 Shapes","floor":44,"turns":3},{"damage":26,"enemies":"Nemesis","floor":45,"turns":7},{"damage":0,"enemies":"4 Shapes","floor":46,"turns":4},{"damage":4,"enemies":"Giant Head","floor":47,"turns":8},{"damage":54,"enemies":"Writhing Mass","floor":48,"turns":9},{"damage":69,"enemies":"Time Eater","floor":50,"turns":11}],"seed_played":"1899696958278333255","potions_obtained":[{"floor":1.0,"key":"ColorlessPotion"},{"floor":2.0,"key":"Fire Potion"},{"floor":3.0,"key":"Swift Potion"},{"floor":14.0,"key":"DistilledChaos"},{"floor":21.0,"key":"Swift Potion"},{"floor":25.0,"key":"LiquidBronze"},{"floor":27.0,"key":"SpeedPotion"},{"floor":29.0,"key":"LiquidMemories"},{"floor":33.0,"key":"Swift Potion"},{"floor":35.0,"key":"Block Potion"},{"floor":40,"key":"Ancient Potion"},{"floor":41,"key":"Fruit Juice"},{"floor":42,"key":"LiquidBronze"},{"floor":45,"key":"Explosive Potion"},{"floor":46,"key":"AttackPotion"},{"floor":47,"key":"SteroidPotion"}],"is_trial":false,"path_per_floor":["M","M","M","M","?","E","R","T","T","M","?","E","$","M","R","B",null,"M","?","?","M","M","R","?","E","T","E","R","M","R","?","R","B",null,"M","$","?","?","T","E","M","E","T","M","E","M","E","M","R","B"],"character_chosen":"SHADE","items_purchased":["Bag of Preparation","Shade:StitchTogether","Transmutation","Strange Spoon"],"campfire_rested":2,"item_purchase_floors":[13,13,36,36],"current_hp_per_floor":[59,58,58,49,49,25,44,44,44,34,34,15,15,11,30,30,56,53,53,53,55,40,40,40,26,26,30,30,35,35,35,35,43,54,58,58,58,58,58,56,14,35,41,47,36,40,44,11,11,0,0],"gold":221,"neow_bonus":"UPGRADE_CARD","is_daily":false,"chose_seed":false,"campfire_upgraded":4,"win_rate":0.0,"timestamp":1612122370,"path_taken":["M","?","M","M","?","E","R","?","T","M","?","E","$","M","R","BOSS","M","?","?","?","M","R","?","E","T","E","R","M","R","?","R","BOSS","M","$","?","?","?","E","M","E","T","M","E","M","E","M","R","BOSS"],"items_purchased_type":["Relic","Card","Card","Relic"],"build_version":"2020-12-22","purchased_purges":2,"victory":false,"max_hp_per_floor":[65,65,65,65,65,65,65,65,65,65,65,65,65,65,65,65,65,65,65,65,65,65,65,65,65,65,65,65,65,65,58,58,58,58,58,58,58,58,58,58,58,63,69,69,69,69,69,69,69,69,69],"relic_stats":{"Darkstone Periapt":6,"counters":[26,138],"Golden Idol":134,"PreservedInsect":466,"Pen Nib":[11],"Bag of Preparation":[38],"Whetstone":["Shade:Strike_Shade","Shade:DangerousRitual"],"Orichalcum":[216],"Cursed Key":2,"Blood Vial":30,"Strange Spoon":[32],"Nunchaku":[15],"Shuriken":[3],"Pantograph":25,"obtain_stats":[{"Darkstone Periapt":40,"Calipers":43,"Shade:YorickSkull":0,"Golden Idol":11,"Oddly Smooth Stone":9,"PreservedInsect":8,"Pen Nib":25,"Bag of Preparation":13,"Whetstone":47,"Orichalcum":27,"Cursed Key":34,"White Beast Statue":26,"Elementarium:GoldenMirage":37,"Blood Vial":20,"Strange Spoon":36,"Nunchaku":6,"Elementarium:ElementariumTrophy":33,"Shuriken":45,"Pantograph":42,"Bag of Marbles":12,"Coffee Dripper":17},{"Darkstone Periapt":18,"Calipers":20,"Shade:YorickSkull":0,"Golden Idol":6,"Oddly Smooth Stone":5,"PreservedInsect":5,"Pen Nib":13,"Bag of Preparation":7,"Whetstone":24,"Orichalcum":14,"Cursed Key":16,"White Beast Statue":13,"Elementarium:GoldenMirage":17,"Blood Vial":10,"Strange Spoon":17,"Nunchaku":5,"Elementarium:ElementariumTrophy":16,"Shuriken":22,"Pantograph":20,"Bag of Marbles":7,"Coffee Dripper":9},{"Darkstone Periapt":84,"Calipers":96,"Shade:YorickSkull":0,"Golden Idol":23,"Oddly Smooth Stone":20,"PreservedInsect":20,"Pen Nib":55,"Bag of Preparation":28,"Whetstone":118,"Orichalcum":60,"Cursed Key":72,"White Beast Statue":55,"Elementarium:GoldenMirage":77,"Blood Vial":41,"Strange Spoon":77,"Nunchaku":20,"Elementarium:ElementariumTrophy":72,"Shuriken":106,"Pantograph":96,"Bag of Marbles":28,"Coffee Dripper":38}]},"card_choices":[{"not_picked":["Shade:TouchOfTheGrave","Shade:SanguineRitual"],"picked":"Shade:CloudOfShrapnel","floor":1.0},{"not_picked":["Shade:FleshToFlesh","Shade:SanguineRitual"],"picked":"Shade:PressTheAttack","floor":2.0},{"not_picked":["Shade:SanguineRitual","Shade:CoffinDance"],"picked":"Shade:SpontaneousRitual","floor":3.0},{"not_picked":["Shade:StitchTogether","Shade:GreyBargain"],"picked":"Shade:FreshBones","floor":4.0},{"not_picked":["Shade:GreyBargain","Shade:Excise"],"picked":"Shade:LichForm","floor":6.0},{"not_picked":["Shade:Asphyxiate","Shade:WallOfFlesh"],"picked":"Shade:PotionOfRestlessness","floor":10.0},{"not_picked":["Shade:Asphyxiate","Shade:FingerOfDeath"],"picked":"Shade:GraveStillness","floor":12.0},{"not_picked":["Shade:Trample","Shade:ExtraLimbs","Shade:CoffinDance"],"picked":"SKIP","floor":14.0},{"not_picked":["Shade:LoseControl","Shade:Putrefaction"],"picked":"Shade:OminousRitual","floor":16.0},{"not_picked":["Shade:Excise","Shade:CommandSoldier"],"picked":"Shade:FuneraryJewels","floor":18.0},{"not_picked":["Shade:AncientSpear","Shade:GraveStillness"],"picked":"Shade:Excise+1","floor":21.0},{"not_picked":["Shade:CoffinDance","Shade:Awaken","Shade:Bonestorm"],"picked":"SKIP","floor":22.0},{"not_picked":["Mind Blast","Secret Weapon"],"picked":"Bandage Up","floor":24.0},{"not_picked":["Flash of Steel","Mind Blast"],"picked":"Purity","floor":24.0},{"not_picked":["Shade:Bite_Shade","Shade:SensePrey"],"picked":"Shade:FleshToFlesh+1","floor":25.0},{"not_picked":["Shade:OpenGraves","Shade:RavenousHorde"],"picked":"Shade:PressTheAttack","floor":27.0},{"not_picked":["Shade:CommandSoldier","Shade:AuraOfUnlife"],"picked":"Shade:Bite_Shade","floor":29.0},{"not_picked":["Shade:OneIsEnough","Shade:Tombstone"],"picked":"Shade:OfferingToTheBeyond","floor":33.0},{"not_picked":["Shade:SkeletonArmy","Shade:ExtraLimbs"],"picked":"Shade:Brains","floor":35.0},{"not_picked":["Enlightenment","Flash of Steel"],"picked":"Blind","floor":38.0},{"not_picked":["Shade:CoffinDance","Shade:LastGasp"],"picked":"Shade:GreaterAnimation","floor":40},{"not_picked":["Shade:ExtraLimbs","Shade:FuneraryArmor"],"picked":"Shade:FingerOfDeath+1","floor":41},{"not_picked":["Shade:UnbarTheGrave","Shade:FleshOffering"],"picked":"Shade:Patience+1","floor":42},{"not_picked":["Shade:ClawBack","Shade:OpenGraves","Shade:CoffinDance"],"picked":"SKIP","floor":44},{"not_picked":["Shade:StitchTogether","Shade:SkeletonHug"],"picked":"Shade:SoulToxin+1","floor":45},{"not_picked":["Shade:GraveStillness","Shade:FreshBones"],"picked":"Shade:DangerousRitual","floor":46},{"not_picked":["Shade:StitchTogether","Shade:ExtraLimbs","Shade:SpontaneousRitual"],"picked":"SKIP","floor":47},{"not_picked":["Shade:BoneShards+1","Shade:Awaken"],"picked":"Shade:RitualOffering","floor":48}],"player_experience":1122768,"relics_obtained":[{"floor":6.0,"key":"Nunchaku"},{"floor":8.0,"key":"PreservedInsect"},{"floor":9.0,"key":"Oddly Smooth Stone"},{"floor":12.0,"key":"Bag of Marbles"},{"floor":25.0,"key":"Pen Nib"},{"floor":26.0,"key":"White Beast Statue"},{"floor":27.0,"key":"Orichalcum"},{"floor":40,"key":"Darkstone Periapt"},{"floor":42,"key":"Pantograph"},{"floor":43,"key":"Calipers"},{"floor":45,"key":"Shuriken"},{"floor":47,"key":"Whetstone"}],"event_choices":[{"damage_healed":0.0,"max_hp_gain":0.0,"max_hp_loss":0.0,"gold_gain":0.0,"event_name":"Living Wall","player_choice":"Grow","floor":5.0,"gold_loss":0.0,"damage_taken":0.0,"cards_upgraded":["Shade:SpontaneousRitual"]},{"damage_healed":0.0,"max_hp_gain":0.0,"max_hp_loss":0.0,"gold_gain":0.0,"event_name":"Golden Idol","player_choice":"Take Wound","floor":11.0,"gold_loss":0.0,"damage_taken":0.0,"relics_obtained":["Golden Idol"],"cards_obtained":["Injury"]},{"damage_healed":0.0,"max_hp_gain":0.0,"max_hp_loss":0.0,"gold_gain":50.0,"event_name":"Elementarium:OnrushingOffering","player_choice":"Defend","floor":19.0,"gold_loss":0.0,"damage_taken":0.0,"cards_obtained":["Elementarium:GildedDefend"]},{"damage_healed":0.0,"max_hp_gain":0.0,"max_hp_loss":0.0,"gold_gain":0.0,"event_name":"Elementarium:TarCoveredCasket","player_choice":"Open","floor":20.0,"gold_loss":0.0,"damage_taken":0.0,"relics_obtained":["Blood Vial"],"cards_obtained":["Elementarium:StickyTar"]},{"damage_healed":0.0,"max_hp_gain":0.0,"max_hp_loss":0.0,"gold_gain":0.0,"event_name":"Elementarium:IncubationChamber","player_choice":"Machinery","floor":24.0,"gold_loss":0.0,"damage_taken":0.0},{"damage_healed":0.0,"max_hp_gain":0.0,"max_hp_loss":7.0,"gold_gain":0.0,"event_name":"Elementarium:HeartOfTheVoid","player_choice":"Touch","floor":31.0,"gold_loss":0.0,"damage_taken":0.0,"cards_obtained":["Ghostly"]},{"damage_healed":0.0,"max_hp_gain":0.0,"max_hp_loss":0.0,"gold_gain":0.0,"event_name":"Elementarium:ChestOfTheGoldenMirage","player_choice":"Offer","floor":37.0,"gold_loss":7.0,"damage_taken":0.0,"relics_obtained":["Elementarium:GoldenMirage"]},{"damage_healed":0.0,"max_hp_gain":0.0,"max_hp_loss":0.0,"gold_gain":0.0,"event_name":"SensoryStone","player_choice":"Memory 1","floor":38.0,"gold_loss":0.0,"damage_taken":0.0}],"is_beta":false,"boss_relics":[{"not_picked":["Astrolabe","Velvet Choker"],"picked":"Coffee Dripper"},{"not_picked":["Empty Cage","Snecko Eye"],"picked":"Cursed Key"}],"items_purged_floors":[13,36],"is_endless":false,"potions_floor_spawned":[1,2,3,14,21,22,25,27,29,33,35,40,41,42,44,45,46,47,48],"killed_by":"Time Eater","ascension_level":13}}