{"host":"gf8hyl7jhl0is674","time":1612118243,"event":{"mods":["2.2 Compatiblity","Act Like it!","Aspiration","BaseMod","CapriCore","Chen","Colored Map","Gensokyo","Koishi","Marisa????????","Minty Spire (QoL Compilation)","Onozuka Komachi Mod","Permanent Neow","Reimu??????","Remilia_Scarlet Moed?????·?????3.3.5","Remilia??????","StSLib","The Administrix","The Blue Laboratory","The Immortal","The Jungle","The Servant 0.9.4","Waifu the Spire","Yakumo Yukari mod","Youmu??????"],"gold_per_floor":[115,115,133,145,145,145,176,33,33,33,45,45,90,190,190,294,294,314,327,14,14,14,14,24,58,58,73,93,103,103,118,118,217,217,229,244,254,14,14,14,14,14,14,67,17,34,60,60,60,60],"floor_reached":51,"language":"ENG","playtime":4568,"items_purged":["Defend_RM","Defend_RM"],"score":770,"play_id":"4b599df6-4290-4ee4-b03c-408e95d482bc","local_time":"20210131113723","is_ascension_mode":false,"campfire_choices":[{"data":"RedMoon","floor":6,"key":"SMITH"},{"data":"Riddle With Holes","floor":10,"key":"SMITH"},{"data":"ScarletImprint","floor":12,"key":"SMITH"},{"data":"BloodRain","floor":15,"key":"SMITH"},{"data":"ScarletCoffin","floor":23,"key":"SMITH"},{"data":"DemonKingCradle","floor":32,"key":"SMITH"},{"data":"BloodySeventeenLaser","floor":40,"key":"SMITH"},{"data":"MastersStateliness","floor":49,"key":"SMITH"}],"circlet_count":0,"master_deck":["RedMoon+1","ScarletShoot+1","ScarletDevil+1","MastersStateliness+1","AfternoonTea+1","Deflect+1","Riddle With Holes+1","Dagger Spray","BloodRain+1","ScarletImprint+1","ScarletCoffin+1","VampireSweep+1","GlobalNightmare+1","ReincarnationDial+1","aspiration:Lunge","Corpse Explosion+1","VampireClaw+1","UnstableMagic+1","Stigmanizer+1","MillenniumVampire+1","DemonKingCradle+1","BloodySeventeenLaser+1","VampirishNight+1","MastersStateliness+1","ForecastOfChange","UnstableMagic+1"],"relics":["ScarletHat","aspiration:DSix","Oddly Smooth Stone","Bag of Marbles","RuthlessExorcism:ReiMu","Coffee Dripper","Omamori","Membership Card","Toxic Egg 2","Happy Flower","War Paint","Mastiff:ReiMu","SlaversCollar","Gremlin Horn","TheAbacus","Gambling Chip","Mummified Hand","Vajra"],"acts_visited":["Gensokyo:Gensokyo","Gensokyo:Gensokyoer","Gensokyo:Gensokyoest"],"potions_floor_usage":[24,27,27,50,50],"damage_taken":[{"damage":0,"enemies":"Gensokyo:3_Fairies","floor":1,"turns":3},{"damage":1,"enemies":"Gensokyo:2_Kodama","floor":3,"turns":4},{"damage":0,"enemies":"Gensokyo:Python","floor":4,"turns":4},{"damage":0,"enemies":"Gensokyo:Mamizou","floor":7,"turns":9},{"damage":0,"enemies":"Gensokyo:LivingMonolith","floor":11,"turns":2},{"damage":9,"enemies":"Gensokyo:Reimu","floor":16,"turns":8},{"damage":0,"enemies":"Gensokyo:CosmicMonolith","floor":18,"turns":3},{"damage":0,"enemies":"Gensokyo:2_Gloops","floor":19,"turns":4},{"damage":34,"enemies":"Gensokyo:Wraith","floor":24,"turns":3},{"damage":13,"enemies":"Gensokyo:Reisen","floor":25,"turns":14},{"damage":0,"enemies":"Gensokyo:Chomper_and_Gloop","floor":27,"turns":8},{"damage":3,"enemies":"Gensokyo:Swordslinger","floor":28,"turns":2},{"damage":0,"enemies":"Gensokyo:Monolith_and_Dog","floor":29,"turns":7},{"damage":0,"enemies":"Gensokyo:Slime_Group","floor":31,"turns":4},{"damage":3,"enemies":"Gensokyo:Eternal_Rivals","floor":33,"turns":6},{"damage":0,"enemies":"Gensokyo:3_Bats","floor":35,"turns":1},{"damage":0,"enemies":"Gensokyo:3_Boulders","floor":36,"turns":2},{"damage":0,"enemies":"Gensokyo:SeedOfUnknown","floor":37,"turns":7},{"damage":13,"enemies":"Gensokyo:Doremy","floor":44,"turns":6},{"damage":0,"enemies":"Gensokyo:4_Bats","floor":46,"turns":2},{"damage":0,"enemies":"Gensokyo:Yuyuko","floor":50,"turns":3}],"seed_played":"136352030177105908","potions_obtained":[{"floor":11,"key":"blueLaboratory:RememoryPotion"},{"floor":16,"key":"SpeedPotion"},{"floor":16,"key":"blueLaboratory:HeartbeatPotion"},{"floor":16,"key":"DistilledChaos"},{"floor":19,"key":"blueLaboratory:RecallPotion"},{"floor":25,"key":"SkillPotion"},{"floor":29,"key":"Fire Potion"},{"floor":35,"key":"Strength Potion"},{"floor":44,"key":"Strength Potion"}],"is_trial":false,"path_per_floor":["M","?","M","M","?","R","E","$","T","R","M","R","T","?","R","B",null,"M","M","$","?","?","R","M","E","T","M","M","M","?","M","R","B",null,"M","M","M","$","?","R","?","$","T","E","$","M","T","?","R","B",null],"character_chosen":"REMILIA","items_purchased":["Bag of Marbles","Membership Card","Toxic Egg 2","ReincarnationDial+1","Gremlin Horn","TheAbacus"],"campfire_rested":0,"item_purchase_floors":[8,20,20,20,38,38],"current_hp_per_floor":[75,75,74,74,74,74,74,74,74,74,74,74,74,74,74,67,75,75,75,75,75,75,75,41,39,39,40,38,41,41,50,50,54,75,75,75,75,75,75,75,75,75,75,73,73,75,75,75,75,75],"gold":60,"neow_bonus":"DSIX","is_daily":false,"chose_seed":false,"campfire_upgraded":8,"win_rate":0.0,"timestamp":1612118243,"path_taken":["M","?","M","M","?","R","E","$","T","R","?","R","?","?","R","BOSS","M","M","$","?","?","R","M","E","T","?","M","M","?","M","R","BOSS","M","M","?","$","?","R","?","?","T","E","$","?","?","?","R","BOSS"],"items_purchased_type":["Relic","Relic","Relic","Card","Relic","Relic"],"build_version":"2020-12-22","purchased_purges":2,"victory":true,"max_hp_per_floor":[75,75,75,75,75,75,75,75,75,75,75,75,75,75,75,75,75,75,75,75,75,75,75,75,75,75,75,75,75,75,75,75,75,75,75,75,75,75,75,75,75,75,75,75,75,75,75,75,75,75],"card_choices":[{"not_picked":["FavorOfDestiny","ScarletImprint"],"picked":"ScarletDevil","floor":1},{"not_picked":["ChainGang","VampirishNight"],"picked":"MastersStateliness","floor":3},{"not_picked":["ScarletImprint","FavorOfDestiny"],"picked":"AfternoonTea","floor":4},{"not_picked":["EmergencyRegeneration","ScarletMeister"],"picked":"BloodRain","floor":7},{"not_picked":["CharismaGuard","UltimateOffering"],"picked":"ScarletImprint","floor":11},{"not_picked":["HellCatastrophe","HeartBreak"],"picked":"ScarletCoffin","floor":16},{"not_picked":["FavorOfDestiny","ForbiddenFruit"],"picked":"VampireSweep","floor":18},{"not_picked":["VampireKiss","CharismaGuard"],"picked":"GlobalNightmare+1","floor":19},{"not_picked":["RedRainbow+1","UltimateOffering"],"picked":"VampireClaw+1","floor":24},{"not_picked":["BombardNight+1","HunterOfTheNight"],"picked":"UnstableMagic+1","floor":25},{"not_picked":["DiffusionOfMisfortune","NightDance"],"picked":"Stigmanizer","floor":27},{"not_picked":["VampireKiss","LeisurelyOfLord"],"picked":"MillenniumVampire+1","floor":28},{"not_picked":["BombardNight+1","RedRainbow","ForbiddenFruit+1"],"picked":"SKIP","floor":29},{"not_picked":["UnderTheZenith+1","Stigmanizer"],"picked":"DemonKingCradle","floor":31},{"not_picked":["CeilingFear+1","BloodRain+1"],"picked":"BloodySeventeenLaser","floor":33},{"not_picked":["RedRainbow","EndlessAdversity+1","VampireClaw"],"picked":"SKIP","floor":35},{"not_picked":["BloodHunter+1","CharismaGuard"],"picked":"VampirishNight+1","floor":36},{"not_picked":["BombardNight","UnderTheZenith+1"],"picked":"MastersStateliness+1","floor":37},{"not_picked":["CharismaGuard+1","MiserableFate+1"],"picked":"ForecastOfChange","floor":44},{"not_picked":["EndlessAdversity","RedRainbow+1"],"picked":"UnstableMagic+1","floor":46}],"player_experience":356361,"relics_obtained":[{"floor":7,"key":"Oddly Smooth Stone"},{"floor":13,"key":"RuthlessExorcism:ReiMu"},{"floor":18,"key":"Omamori"},{"floor":25,"key":"Happy Flower"},{"floor":25,"key":"War Paint"},{"floor":26,"key":"Mastiff:ReiMu"},{"floor":43,"key":"Gambling Chip"},{"floor":44,"key":"Mummified Hand"},{"floor":47,"key":"Vajra"}],"event_choices":[],"is_beta":false,"boss_relics":[{"not_picked":["aspiration:FutureDiary","Fusion Hammer"],"picked":"Coffee Dripper"},{"not_picked":["Pandora\u0027s Box","aspiration:WatcherSkillbook"],"picked":"SlaversCollar"}],"items_purged_floors":[38,45],"is_endless":false,"potions_floor_spawned":[11,16,18,19,25,29,35,44,46],"ascension_level":0}}