{"host":"w3d3m1yxg9zt90yy","time":1612083532,"event":{"mods":["BaseMod","Colored Map","Infinite Spire","Minty Spire (QoL Compilation)","Quick Restart","Replay The Spire","Shop Mod","StSLib","The Bladedancer","The Necromancer"],"gold_per_floor":[212,212,225,240,254,289,307,307,331,343,362,362,377,403,403,403,403],"floor_reached":16,"language":"ENG","playtime":680,"items_purged":[],"score":111,"play_id":"5de7c8a9-c4a9-4449-95ce-c76f98b9f1be","local_time":"20210131025852","is_ascension_mode":true,"campfire_choices":[{"floor":15,"key":"REST"}],"circlet_count":0,"master_deck":["Strike_W","Strike_W","Strike_W","Strike_W","Defend_W","Defend_W","Defend_W","Defend_W","Negative_Energy_Arrows","Bone_Wall","Summon_Lich","Bone_Bullets","Negative_Energy_Shield","Negative_Energy_Sphere","Summon_Lich","Thousand_Bone_Knives","Slay_Living","Blood_Curse","Negative_Energy_Sphere"],"relics":["Replay:Wanted Poster","Tiny Chest","infinitespire:PuzzleCube","Potion Belt"],"acts_visited":["Exordium"],"potions_floor_usage":[10,13,13,13],"damage_taken":[{"damage":1,"enemies":"Jaw Worm","floor":1,"turns":6},{"damage":0,"enemies":"Cultist","floor":3,"turns":4},{"damage":3,"enemies":"Small Slimes","floor":4,"turns":3},{"damage":32,"enemies":"Gremlin Gang","floor":5,"turns":4},{"damage":24,"enemies":"Lagavulin","floor":6,"turns":7},{"damage":12,"enemies":"Red Slaver","floor":7,"turns":3},{"damage":0,"enemies":"Exordium Wildlife","floor":10,"turns":3},{"damage":1,"enemies":"Blue Slaver","floor":11,"turns":5},{"damage":1,"enemies":"Exordium Thugs","floor":13,"turns":4},{"damage":26,"enemies":"Slime Boss","floor":16,"turns":3}],"seed_played":"1720005655679159624","potions_obtained":[{"floor":2,"key":"Elixir"},{"floor":2,"key":"EntropicBrew"},{"floor":2,"key":"Elixir"},{"floor":3,"key":"Dexterity Potion"},{"floor":4,"key":"Energy Potion"}],"is_trial":false,"path_per_floor":["M","?","M","M","M","E","M","?","T","M","M","$","M","T","R","B"],"character_chosen":"NECROMANCER","items_purchased":[],"campfire_rested":1,"item_purchase_floors":[],"current_hp_per_floor":[74,74,74,71,39,15,3,3,3,3,2,2,1,1,23,0,0],"gold":403,"neow_bonus":"BOSS_RELIC","is_daily":false,"chose_seed":false,"campfire_upgraded":0,"win_rate":0.0,"timestamp":1612083532,"path_taken":["M","?","M","M","?","E","M","?","T","?","M","?","M","?","R","BOSS"],"items_purchased_type":[],"build_version":"2020-12-22","purchased_purges":0,"victory":false,"max_hp_per_floor":[75,75,75,75,75,75,75,75,75,75,75,75,75,75,75,75,75],"card_choices":[{"not_picked":["Bone_Shift","Blood_Whip"],"picked":"Summon_Lich","floor":1},{"not_picked":["Vampiric_Strike","Negative_Energy_Javelin"],"picked":"Bone_Bullets","floor":3},{"not_picked":["Shade_Step","Spectral_Walk"],"picked":"Negative_Energy_Shield","floor":4},{"not_picked":["Flesh_Made_Foul","Epidemic"],"picked":"Negative_Energy_Sphere","floor":5},{"not_picked":["Death_Coil","Cloudkill"],"picked":"Summon_Lich","floor":6},{"not_picked":["Negative_Energy_Sphere","Spectral_Walk"],"picked":"Thousand_Bone_Knives","floor":7},{"not_picked":["Death_Knell","Death_March_Dance"],"picked":"Slay_Living","floor":10},{"not_picked":["Life_Tap","Negative_Energy_Burst"],"picked":"Blood_Curse","floor":11},{"not_picked":["Consume_Illness","Chill_Blood"],"picked":"Negative_Energy_Sphere","floor":13}],"player_experience":170184,"relics_obtained":[{"floor":6,"key":"Tiny Chest"},{"floor":9,"key":"infinitespire:PuzzleCube"},{"floor":14,"key":"Potion Belt"}],"event_choices":[{"damage_healed":0,"gold_gain":0,"player_choice":"Got Potions","damage_taken":0,"max_hp_gain":0,"max_hp_loss":0,"event_name":"Lab","floor":2,"gold_loss":0},{"damage_healed":0,"gold_gain":0,"player_choice":"Bought 0 Potions","damage_taken":0,"max_hp_gain":0,"max_hp_loss":0,"event_name":"The Woman in Blue","floor":8,"gold_loss":0}],"is_beta":false,"boss_relics":[],"items_purged_floors":[],"is_endless":false,"potions_floor_spawned":[3,4,6],"killed_by":"Slime Boss","ascension_level":1}}