{"host":"9j472d1lqxyi8fmj","time":1612073127,"event":{"mods":["AchievementEnabler","Aspiration","BaseMod","Better Note","BetterRewards","Block Reminder","Colored Powertips","Downfall","Hermit","Hubris","Infinite Spire","Minty Spire (QoL Compilation)","Potion Indicator Mod","Rare Cards Sparkle","Relic Filter","Reliquary","Spicy Shops","StSLib","The Runesmith","Virulent Crown"],"gold_per_floor":[99,112,127,302,320,320,397,397,428,428,428,428,447,465,477,573,573,573,586,586,436,436,453,453,470,470,470,470,470,69,69,84,186,186,186,201,201,201,221,236,261,55,55,69,69,81,97,51,61,61],"floor_reached":51,"language":"ENG","playtime":2629,"items_purged":["hubris:Compulsion","hubris:Envy","hubris:Sloth"],"score":749,"play_id":"0e34d0a4-b538-49ca-9ba7-9f6decc3d3e1","local_time":"20210131010527","is_ascension_mode":false,"campfire_choices":[{"data":"Slimebound:Split","floor":1,"key":"SMITH"},{"data":"Slimebound:TagTeam","floor":8,"key":"SMITH"},{"floor":12,"key":"REST"},{"data":"Slimebound:DuplicatedForm","floor":18,"key":"SMITH"},{"floor":27,"key":"REST"},{"data":"Slimebound:SplitLeeching","floor":29,"key":"SMITH"},{"data":"Slimebound:OneTwoCombo","floor":35,"key":"SMITH"},{"floor":43,"key":"REST"},{"floor":45,"key":"REST"}],"circlet_count":0,"master_deck":["Slimebound:Strike_Slimebound","Slimebound:Strike_Slimebound","Slimebound:Strike_Slimebound","Slimebound:Tackle","Slimebound:Defend_Slimebound","Slimebound:Defend_Slimebound","Slimebound:Defend_Slimebound","Slimebound:Defend_Slimebound","Slimebound:Split+1","Slimebound:CorrosiveSpit","Slimebound:Prepare","Slimebound:LevelUp","Doubt","Slimebound:TagTeam+1","Slimebound:LivingWall","Slimebound:SplitLeeching+1","Slimebound:SplitBruiser+1","Slimebound:ComboTackle","Slimebound:DuplicatedForm+1","Slimebound:SlimeSpikes+1","Slimebound:DuplicatedForm+1","Slimebound:AcidTongue+1","downfall:Bewildered","Slimebound:PressTheAttack+1","Slimebound:Replication","Slimebound:OneTwoCombo+1","Slimebound:SplitSpecialist","Slimebound:TagTeam","Slimebound:Repurpose+1","infinitespire:Starlight","infinitespire:Oblivion","infinitespire:Punishment","Slimebound:RallyTheTroops","Consume+1","Slimebound:RollThrough+1","Capacitor","Slimebound:ServeAndProtect+1","Slimebound:SlimeTap+1"],"relics":["Slimebound:AbsorbEndCombat","reliquary:FeatherDuster","Darkstone Periapt","hubris:Towel","Cursed Key","reliquary:Firecrackers","Bottled Tornado","hubris:Backtick","Slimebound:PotencyRelic","reliquary:Boomerang","aspiration:DefectSkillbook","Juzu Bracelet","Slimebound:SlimedSkullRelic","reliquary:BallBearing","Shuriken"],"acts_visited":["Exordium","TheCity","TheBeyond"],"potions_floor_usage":[19],"damage_taken":[{"damage":9,"enemies":"Jaw Worm","floor":2,"turns":3},{"damage":8,"enemies":"Small Slimes","floor":3,"turns":3},{"damage":18,"enemies":"2 Louse","floor":5,"turns":3},{"damage":16,"enemies":"Gremlin Nob","floor":9,"turns":3},{"damage":0,"enemies":"2 Fungi Beasts","floor":13,"turns":3},{"damage":9,"enemies":"3 Louse","floor":14,"turns":4},{"damage":0,"enemies":"Blue Slaver","floor":15,"turns":3},{"damage":25,"enemies":"SI_SHIV_ARCHETYPE","floor":16,"turns":8},{"damage":26,"enemies":"Shell Parasite","floor":19,"turns":3},{"damage":43,"enemies":"Centurion and Healer","floor":23,"turns":6},{"damage":48,"enemies":"Cultist and Chosen","floor":25,"turns":5},{"damage":8,"enemies":"downfall:FleeingMerchant","floor":30,"turns":4},{"damage":20,"enemies":"Chosen and Byrds","floor":32,"turns":4},{"damage":70,"enemies":"DF_ARCHETYPE_CLAW","floor":33,"turns":6},{"damage":37,"enemies":"3 Shapes","floor":36,"turns":3},{"damage":34,"enemies":"3 Darklings","floor":39,"turns":4},{"damage":35,"enemies":"4 Shapes","floor":40,"turns":3},{"damage":15,"enemies":"downfall:FleeingMerchant","floor":42,"turns":4},{"damage":44,"enemies":"Writhing Mass","floor":44,"turns":4},{"damage":33,"enemies":"Spire Growth","floor":46,"turns":3},{"damage":29,"enemies":"Maw","floor":47,"turns":5},{"damage":15,"enemies":"downfall:FleeingMerchant","floor":48,"turns":2},{"damage":23,"enemies":"Jaw Worm Horde","floor":49,"turns":3},{"damage":56,"enemies":"WA_ARCHETYPE_DIVINITY","floor":50,"turns":7}],"seed_played":"198781215448189618","potions_obtained":[{"floor":2,"key":"SkillPotion"},{"floor":13,"key":"BlessingOfTheForge"},{"floor":14,"key":"EssenceOfSteel"},{"floor":19,"key":"Weak Potion"},{"floor":23,"key":"CultistPotion"}],"is_trial":false,"path_per_floor":["R","M","M","?","M","?","T","R","E","T","?","R","M","M","M","B",null,"R","M","?","?","T","M","T","M","?","R","?","R","$","?","M","B",null,"R","M","AVR","?","M","M","T","$","R","M","R","M","M","$","M","B",null],"character_chosen":"SLIMEBOUND","items_purchased":["Slimebound:OneTwoCombo","Slimebound:SplitSpecialist","Slimebound:SlimedSkullRelic","reliquary:BallBearing","Shuriken"],"campfire_rested":4,"item_purchase_floors":[30,30,42,42,48],"current_hp_per_floor":[77,68,60,60,42,45,45,45,31,31,31,55,59,50,50,29,80,80,71,71,90,96,85,91,75,75,102,102,102,94,94,89,55,102,102,84,84,84,69,49,55,61,93,76,108,90,88,96,98,63],"gold":61,"neow_bonus":"TWENTY_PERCENT_HP_BONUS","is_daily":false,"chose_seed":false,"campfire_upgraded":5,"win_rate":0.0,"timestamp":1612073127,"path_taken":["R","M","M","?","M","?","T","R","E","?","?","R","M","M","M","BOSS","R","M","?","?","?","M","T","M","?","R","?","R","$","?","M","BOSS","R","M","AVR","?","?","M","T","$","R","M","R","M","M","$","M","BOSS"],"items_purchased_type":["Card","Card","Relic","Relic","Relic"],"build_version":"2020-12-22","purchased_purges":3,"victory":true,"max_hp_per_floor":[77,77,77,77,77,80,80,80,80,80,80,80,80,80,80,80,80,80,80,80,90,96,96,102,102,102,102,102,102,102,102,102,102,102,102,102,102,102,102,102,108,108,108,108,108,108,108,108,108,108],"card_choices":[{"not_picked":["Slimebound:ItLooksTasty","Slimebound:SplitAcid"],"picked":"Slimebound:Prepare","floor":2},{"not_picked":["Slimebound:PressTheAttack","Slimebound:ItLooksTasty"],"picked":"Slimebound:LevelUp","floor":3},{"not_picked":["Slimebound:SamplingLick","Slimebound:LeechEnergy"],"picked":"Slimebound:TagTeam","floor":5},{"not_picked":["Slimebound:LeechEnergy","Slimebound:ForwardTackle"],"picked":"Slimebound:LivingWall","floor":9},{"not_picked":["Slimebound:LeechEnergy","Slimebound:FinishingTackle"],"picked":"Slimebound:SplitLeeching","floor":13},{"not_picked":["Slimebound:FinishingTackle","Slimebound:LeechLife"],"picked":"Slimebound:SplitBruiser","floor":14},{"not_picked":["Slimebound:MegaLick","Slimebound:FinishingTackle"],"picked":"Slimebound:ComboTackle","floor":15},{"not_picked":["Slimebound:OozeBath","Slimebound:SelfFormingGoo"],"picked":"Slimebound:DuplicatedForm","floor":16},{"not_picked":["Slimebound:ItLooksTasty","Slimebound:Prepare"],"picked":"Slimebound:SlimeSpikes+1","floor":19},{"not_picked":["Slimebound:RainOfGoop","Slimebound:HungryTackle"],"picked":"Slimebound:AcidTongue+1","floor":23},{"not_picked":["Slimebound:LeechEnergy","Slimebound:FinishingTackle+1"],"picked":"Slimebound:PressTheAttack+1","floor":25},{"not_picked":["Slimebound:GoopSpray","Slimebound:HauntingLick"],"picked":"Slimebound:Replication","floor":30},{"not_picked":["Slimebound:AcidTongue","Slimebound:LivingWall+1","Slimebound:HauntingLick"],"picked":"SKIP","floor":32},{"not_picked":["Slimebound:Recycling","Slimebound:DuplicatedForm"],"picked":"Slimebound:TagTeam","floor":33},{"not_picked":["Slimebound:SplitAcid","Slimebound:HungryTackle+1"],"picked":"Slimebound:Repurpose+1","floor":36},{"not_picked":["Skim","Slimebound:ComboTackle+1","Slimebound:SplitAcid"],"picked":"Consume+1","floor":39},{"not_picked":["Slimebound:DisruptingSlam+1","Slimebound:SpikyOuterGoop","Slimebound:SplitMire"],"picked":"Slimebound:RollThrough+1","floor":40},{"not_picked":["Leap+1","Consume+1","Slimebound:SplitMire+1"],"picked":"Capacitor","floor":42},{"not_picked":["Steam Power","Slimebound:LeechEnergy","Storm+1"],"picked":"Slimebound:ServeAndProtect+1","floor":44},{"not_picked":["Coolheaded","Go for the Eyes+1","Slimebound:Chomp","Slimebound:BestDefense"],"picked":"SKIP","floor":46},{"not_picked":["Slimebound:ComboTackle+1","Slimebound:SamplingLick","Slimebound:RollThrough+1"],"picked":"Slimebound:SlimeTap+1","floor":47},{"not_picked":["Steam","Force Field+1","Slimebound:RollThrough+1","Sweeping Beam"],"picked":"SKIP","floor":48},{"not_picked":["Slimebound:RollThrough+1","Skim","Gash","Storm"],"picked":"SKIP","floor":49}],"player_experience":373217,"relics_obtained":[{"floor":7,"key":"Mummified Hand"},{"floor":9,"key":"reliquary:FeatherDuster"},{"floor":10,"key":"Darkstone Periapt"},{"floor":22,"key":"reliquary:Firecrackers"},{"floor":24,"key":"Bottled Tornado"},{"floor":41,"key":"Juzu Bracelet"}],"event_choices":[{"damage_healed":0,"gold_gain":0,"player_choice":"Forge","damage_taken":0,"max_hp_gain":0,"max_hp_loss":0,"event_name":"Accursed Blacksmith","floor":26,"gold_loss":0,"cards_upgraded":["Slimebound:SplitBruiser"]}],"is_beta":false,"boss_relics":[{"not_picked":["hubris:HollowSoul","hubris:CrackedHourglass"],"picked":"Cursed Key"},{"not_picked":["Runic Dome","aspiration:IroncladSkillbook"],"picked":"hubris:Backtick"}],"items_purged_floors":[30,30,48],"is_endless":false,"potions_floor_spawned":[2,13,14,15,19,23,25,32,40,44,47],"ascension_level":0}}