{"host":"ewe4oe702q4ujr6i","time":1612097609,"event":{"mods":["BaseMod","Colored Map","Colored Powertips","DeckTracker","Minty Spire (QoL Compilation)","SuperFastMode"],"gold_per_floor":[111,111,129,142,153,153,228,228,228,243,243,253,253,268,268,268,268],"floor_reached":16,"language":"KOR","playtime":293,"items_purged":[],"score":94,"play_id":"1e35535a-f029-463d-8540-09b6c34bf1ed","local_time":"20210131215329","is_ascension_mode":false,"campfire_choices":[{"data":"Dramatic Entrance","floor":6,"key":"SMITH"},{"data":"Blur","floor":8,"key":"SMITH"},{"data":"Catalyst","floor":13,"key":"SMITH"},{"floor":15,"key":"REST"}],"circlet_count":0,"master_deck":["Strike_G","Strike_G","Strike_G","Strike_G","Strike_G","Defend_G","Defend_G","Defend_G","Defend_G","Defend_G","Survivor","Neutralize","Dramatic Entrance+1","Deadly Poison","Pain","Blur+1","Dagger Throw","Catalyst+1","Backstab"],"relics":["Ring of the Snake","WarpedTongs","Art of War"],"acts_visited":["Exordium"],"potions_floor_usage":[],"damage_taken":[{"damage":1,"enemies":"Jaw Worm","floor":1,"turns":4},{"damage":4,"enemies":"Cultist","floor":3,"turns":3},{"damage":0,"enemies":"Small Slimes","floor":4,"turns":2},{"damage":18,"enemies":"Red Slaver","floor":5,"turns":5},{"damage":0,"enemies":"Exordium Wildlife","floor":10,"turns":1},{"damage":0,"enemies":"Looter","floor":12,"turns":2},{"damage":2,"enemies":"3 Louse","floor":14,"turns":1},{"damage":0,"enemies":"The Guardian","floor":16,"turns":1}],"seed_played":"-4406119730176896239","potions_obtained":[{"floor":3,"key":"SteroidPotion"},{"floor":10,"key":"SneckoOil"},{"floor":11,"key":"Fire Potion"}],"is_trial":false,"path_per_floor":["M","?","M","M","M","R","?","R","T","M","?","M","R","M","R","B"],"character_chosen":"THE_SILENT","items_purchased":[],"campfire_rested":1,"item_purchase_floors":[],"current_hp_per_floor":[69,69,65,65,47,47,47,47,47,47,47,47,47,45,66,66,66],"gold":268,"neow_bonus":"RANDOM_COLORLESS","is_daily":false,"chose_seed":false,"campfire_upgraded":3,"win_rate":0.0,"timestamp":1612097609,"path_taken":["M","?","M","M","?","R","?","R","T","M","?","M","R","M","R","BOSS"],"items_purchased_type":[],"build_version":"2020-12-22","purchased_purges":0,"victory":false,"max_hp_per_floor":[70,70,70,70,70,70,70,70,70,70,70,70,70,70,70,70,70],"card_choices":[{"not_picked":["Dark Shackles","Bandage Up"],"picked":"Dramatic Entrance","floor":0},{"not_picked":["Flying Knee","Slice"],"picked":"Deadly Poison","floor":1},{"not_picked":["Blade Dance","Flying Knee"],"picked":"Blur","floor":3},{"not_picked":["Leg Sweep","Bane","Skewer"],"picked":"SKIP","floor":4},{"not_picked":["Outmaneuver","Bane"],"picked":"Dagger Throw","floor":5},{"not_picked":["Doppelganger","Quick Slash"],"picked":"Catalyst","floor":10},{"not_picked":["Prepared","Underhanded Strike","Predator"],"picked":"SKIP","floor":12},{"not_picked":["Prepared","Riddle With Holes"],"picked":"Backstab","floor":14}],"player_experience":183367,"relics_obtained":[{"floor":9,"key":"Art of War"}],"event_choices":[{"damage_healed":0,"gold_gain":0,"player_choice":"Rummage","damage_taken":0,"relics_obtained":["WarpedTongs"],"max_hp_gain":0,"max_hp_loss":0,"event_name":"Accursed Blacksmith","floor":2,"gold_loss":0,"cards_obtained":["Pain"]},{"damage_healed":0,"gold_gain":75,"player_choice":"Gained Gold","damage_taken":0,"max_hp_gain":0,"max_hp_loss":0,"event_name":"Golden Wing","floor":7,"gold_loss":0},{"damage_healed":0,"gold_gain":0,"player_choice":"Got Potions","damage_taken":0,"max_hp_gain":0,"max_hp_loss":0,"event_name":"Lab","floor":11,"gold_loss":0}],"is_beta":false,"boss_relics":[],"items_purged_floors":[],"is_endless":false,"potions_floor_spawned":[3,10,14],"killed_by":"The Guardian","ascension_level":0}}