{"host":"w7tt687j332gugiq","time":1612100000,"event":{"mods":["BaseMod","Minty Spire (QoL Compilation)","StSLib"],"gold_per_floor":[115,134,84,84,95,127,127,153,177,196,208,222,239,249,249,345,345,360,168,184,34,50,77,97,107,107,87,98,98,113,131,131,227,227,239,239,289,142,168,200,1,1,24,39,39,50,78,78,78,78,78,78,15,48,48,48],"floor_reached":55,"language":"ZHS","playtime":1950,"items_purged":["Strike_G","Strike_G","Defend_G"],"score":1291,"play_id":"ecc024c0-098d-47ba-8906-53a7d305e15b","local_time":"20210131213320","is_ascension_mode":true,"campfire_choices":[{"data":"All Out Attack","floor":7.0,"key":"SMITH"},{"floor":15.0,"key":"REST"},{"floor":29.0,"key":"REST"},{"floor":32.0,"key":"REST"},{"data":"Cloak And Dagger","floor":42.0,"key":"SMITH"},{"data":"Cloak And Dagger","floor":45.0,"key":"SMITH"},{"floor":49.0,"key":"RECALL"},{"data":"Cloak And Dagger","floor":52.0,"key":"SMITH"}],"circlet_count":0,"master_deck":["Defend_G","Defend_G","Defend_G","Survivor","Neutralize","All Out Attack+1","Slice","Acrobatics","Unload","Blur","Calculated Gamble","Backflip","Night Terror","Prepared+1","Accuracy+1","Choke+1","Blade Dance+1","Slice","Prepared","Storm of Steel","Backflip","Blade Dance","Cloak And Dagger+1","CurseOfTheBell","Cloak And Dagger+1","Infinite Blades+1","Cloak And Dagger+1","Cloak And Dagger","Blade Dance+1","Adrenaline"],"relics":["Runic Pyramid","CultistMask","Lantern","Anchor","Astrolabe","Membership Card","Sling","Orichalcum","Kunai","Calling Bell","Bag of Marbles","Letter Opener","Ginger","Calipers","Shuriken","Bronze Scales","Pen Nib","Lee\u0027s Waffle","Ornamental Fan","Omamori","Turnip","Bottled Tornado"],"acts_visited":["Exordium","TheCity","TheBeyond","TheEnding"],"potions_floor_usage":[55],"damage_taken":[{"damage":2.0,"enemies":"Jaw Worm","floor":1.0,"turns":4.0},{"damage":0.0,"enemies":"Cultist","floor":2.0,"turns":3.0},{"damage":0.0,"enemies":"Small Slimes","floor":5.0,"turns":3.0},{"damage":21.0,"enemies":"3 Sentries","floor":6.0,"turns":7.0},{"damage":26.0,"enemies":"Lagavulin","floor":8.0,"turns":7.0},{"damage":0.0,"enemies":"Gremlin Gang","floor":10.0,"turns":3.0},{"damage":0.0,"enemies":"2 Fungi Beasts","floor":11.0,"turns":2.0},{"damage":2.0,"enemies":"Looter","floor":12.0,"turns":4.0},{"damage":8.0,"enemies":"Exordium Wildlife","floor":13.0,"turns":4.0},{"damage":0.0,"enemies":"Blue Slaver","floor":14.0,"turns":3.0},{"damage":13.0,"enemies":"The Guardian","floor":16.0,"turns":15.0},{"damage":20.0,"enemies":"Shell Parasite","floor":18.0,"turns":6.0},{"damage":16.0,"enemies":"Spheric Guardian","floor":20.0,"turns":4.0},{"damage":0.0,"enemies":"Centurion and Healer","floor":22.0,"turns":4.0},{"damage":10.0,"enemies":"Slavers","floor":23.0,"turns":3.0},{"damage":1.0,"enemies":"3 Cultists","floor":24.0,"turns":4.0},{"damage":6.0,"enemies":"Sentry and Sphere","floor":25.0,"turns":5.0},{"damage":0.0,"enemies":"Centurion and Healer","floor":28.0,"turns":3.0},{"damage":5.0,"enemies":"3 Cultists","floor":30.0,"turns":5.0},{"damage":5.0,"enemies":"Shelled Parasite and Fungi","floor":31.0,"turns":2.0},{"damage":34.0,"enemies":"Champ","floor":33.0,"turns":9.0},{"damage":23.0,"enemies":"3 Darklings","floor":35.0,"turns":5.0},{"damage":8.0,"enemies":"Mind Bloom Boss Battle","floor":37.0,"turns":8.0},{"damage":12.0,"enemies":"Reptomancer","floor":40.0,"turns":6.0},{"damage":0.0,"enemies":"3 Shapes","floor":44.0,"turns":3.0},{"damage":2.0,"enemies":"3 Darklings","floor":46.0,"turns":3.0},{"damage":0.0,"enemies":"Giant Head","floor":47.0,"turns":4.0},{"damage":27.0,"enemies":"Donu and Deca","floor":50.0,"turns":6.0},{"damage":26.0,"enemies":"Shield and Spear","floor":54.0,"turns":5.0},{"damage":74,"enemies":"The Heart","floor":55,"turns":6}],"seed_played":"-8525448876697511787","potions_obtained":[{"floor":1.0,"key":"CunningPotion"},{"floor":5.0,"key":"BlessingOfTheForge"},{"floor":8.0,"key":"LiquidMemories"},{"floor":12.0,"key":"SpeedPotion"},{"floor":14.0,"key":"GhostInAJar"},{"floor":18.0,"key":"Weak Potion"},{"floor":23.0,"key":"PowerPotion"},{"floor":25.0,"key":"Explosive Potion"},{"floor":27.0,"key":"LiquidMemories"},{"floor":28.0,"key":"SkillPotion"},{"floor":30.0,"key":"CultistPotion"},{"floor":31.0,"key":"Weak Potion"},{"floor":35.0,"key":"EssenceOfSteel"},{"floor":46.0,"key":"SpeedPotion"}],"is_trial":false,"path_per_floor":["M","M","?","?","M","E","R","E","T","M","M","M","M","M","R","B",null,"M","$","M","$","M","E","M","M","T","?","M","R","M","M","R","B",null,"M","?","?","$","T","E","$","R","T","M","R","M","E","?","R","B",null,"R","$","E","B"],"character_chosen":"THE_SILENT","items_purchased":["Membership Card","Sling","Slice","Shuriken","Block Potion","Lee\u0027s Waffle","Ornamental Fan"],"campfire_rested":3,"item_purchase_floors":[19,21,21,38,38,41,41],"current_hp_per_floor":[61,61,61,61,61,40,40,14,14,14,14,12,4,4,25,12,56,36,36,20,20,20,10,9,3,3,3,3,24,19,14,35,1,53,30,30,22,22,22,10,77,77,77,77,77,75,75,75,75,48,70,70,70,44,0,0],"gold":48,"neow_bonus":"BOSS_RELIC","is_daily":false,"chose_seed":false,"campfire_upgraded":4,"win_rate":0.0,"timestamp":1612100000,"path_taken":["M","M","?","?","M","E","R","E","T","M","M","M","M","M","R","BOSS","M","$","M","$","M","E","?","M","T","?","M","R","?","M","R","BOSS","M","?","?","$","?","E","$","R","T","M","R","M","E","?","R","BOSS","R","$","E","BOSS"],"items_purchased_type":["Relic","Relic","Card","Relic","Potion","Relic","Relic"],"build_version":"2020-12-22","purchased_purges":3,"victory":false,"max_hp_per_floor":[70,70,70,70,70,70,70,70,70,70,70,70,70,70,70,70,70,70,70,70,70,70,70,70,70,70,70,70,70,70,70,70,70,70,70,70,70,70,70,70,77,77,77,77,77,77,77,77,77,77,77,77,77,77,77,77],"card_choices":[{"not_picked":["Blade Dance","Setup"],"picked":"All Out Attack","floor":1.0},{"not_picked":["Skewer","Caltrops"],"picked":"Slice","floor":2.0},{"not_picked":["Quick Slash","Infinite Blades"],"picked":"Acrobatics","floor":5.0},{"not_picked":["Flying Knee","Riddle With Holes","Masterful Stab"],"picked":"SKIP","floor":6.0},{"not_picked":["Underhanded Strike","Eviscerate","Poisoned Stab"],"picked":"SKIP","floor":8.0},{"not_picked":["Predator","Reflex"],"picked":"Unload","floor":10.0},{"not_picked":["All Out Attack","Underhanded Strike"],"picked":"Blur","floor":11.0},{"not_picked":["Flechettes","Dodge and Roll"],"picked":"Calculated Gamble","floor":12.0},{"not_picked":["Sucker Punch","Reflex"],"picked":"Backflip","floor":13.0},{"not_picked":["Catalyst","Skewer","Poisoned Stab"],"picked":"SKIP","floor":14.0},{"not_picked":["Storm of Steel","Envenom"],"picked":"Night Terror","floor":16.0},{"not_picked":["Dagger Throw+1","Quick Slash+1"],"picked":"Blade Dance+1","floor":18.0},{"not_picked":["Masterful Stab","Terror","Setup"],"picked":"SKIP","floor":20.0},{"not_picked":["Skewer","Quick Slash"],"picked":"Prepared","floor":22.0},{"not_picked":["Crippling Poison","Finisher","Dodge and Roll+1"],"picked":"SKIP","floor":23.0},{"not_picked":["Poisoned Stab","Deflect"],"picked":"Storm of Steel","floor":24.0},{"not_picked":["Dodge and Roll","Heel Hook+1"],"picked":"Backflip","floor":25.0},{"not_picked":["Underhanded Strike+1","Deadly Poison"],"picked":"Blade Dance","floor":28.0},{"not_picked":["Leg Sweep","Dagger Spray","Eviscerate"],"picked":"SKIP","floor":30.0},{"not_picked":["Bane","Sucker Punch"],"picked":"Cloak And Dagger","floor":31.0},{"not_picked":["Phantasmal Killer","Night Terror"],"picked":"Grand Finale","floor":33.0},{"not_picked":["Dash","Finisher"],"picked":"Cloak And Dagger","floor":35.0},{"not_picked":["Backstab","Masterful Stab+1"],"picked":"Infinite Blades+1","floor":37.0},{"not_picked":["Dagger Throw+1","Deadly Poison","Storm of Steel"],"picked":"SKIP","floor":40.0},{"not_picked":["Deflect+1","Bouncing Flask"],"picked":"Cloak And Dagger","floor":44.0},{"not_picked":["Quick Slash","Catalyst+1"],"picked":"Cloak And Dagger","floor":46.0},{"not_picked":["Backflip","Blur"],"picked":"Blade Dance+1","floor":47.0},{"not_picked":["Tactician+1","Predator+1"],"picked":"Adrenaline","floor":54.0}],"player_experience":151149,"relics_obtained":[{"floor":6.0,"key":"Lantern"},{"floor":8.0,"key":"Anchor"},{"floor":23.0,"key":"Orichalcum"},{"floor":26.0,"key":"Kunai"},{"floor":34.0,"key":"Bag of Marbles"},{"floor":34.0,"key":"Letter Opener"},{"floor":34.0,"key":"Ginger"},{"floor":37.0,"key":"Calipers"},{"floor":39.0,"key":"Bronze Scales"},{"floor":40.0,"key":"Pen Nib"},{"floor":43.0,"key":"Omamori"},{"floor":47.0,"key":"Turnip"},{"floor":54.0,"key":"Bottled Tornado"}],"event_choices":[{"cards_removed":["Strike_G"],"damage_healed":0.0,"max_hp_gain":0.0,"max_hp_loss":0.0,"gold_gain":0.0,"event_name":"The Cleric","player_choice":"Card Removal","floor":3.0,"gold_loss":50.0,"damage_taken":0.0},{"damage_healed":0.0,"max_hp_gain":0.0,"max_hp_loss":0.0,"gold_gain":0.0,"event_name":"FaceTrader","player_choice":"Trade","floor":4.0,"gold_loss":0.0,"damage_taken":0.0,"relics_obtained":["CultistMask"]},{"damage_healed":0.0,"max_hp_gain":0.0,"max_hp_loss":0.0,"gold_gain":0.0,"event_name":"The Woman in Blue","player_choice":"Bought 1 Potion","floor":27.0,"gold_loss":0.0,"damage_taken":0.0},{"cards_removed":["Grand Finale"],"damage_healed":0.0,"max_hp_gain":0.0,"max_hp_loss":0.0,"gold_gain":0.0,"event_name":"Falling","player_choice":"Removed Attack","floor":36.0,"gold_loss":0.0,"damage_taken":0.0},{"damage_healed":0.0,"max_hp_gain":0.0,"max_hp_loss":0.0,"gold_gain":0.0,"event_name":"MindBloom","player_choice":"Fight","floor":37.0,"gold_loss":0.0,"damage_taken":0.0},{"damage_healed":0.0,"max_hp_gain":0.0,"max_hp_loss":0.0,"gold_gain":0.0,"event_name":"SensoryStone","player_choice":"Memory 1","floor":48.0,"gold_loss":0.0,"damage_taken":0.0}],"is_beta":false,"boss_relics":[{"not_picked":["SacredBark","Tiny House"],"picked":"Astrolabe"},{"not_picked":["Coffee Dripper","Philosopher\u0027s Stone"],"picked":"Calling Bell"}],"items_purged_floors":[19,21,53],"is_endless":false,"potions_floor_spawned":[1,5,8,12,14,18,23,25,28,30,31,35,46],"killed_by":"The Heart","ascension_level":7}}