{"host":"gf8hyl7jhl0is674","time":1612063973,"event":{"mods":["2.2 Compatiblity","Act Like it!","Aspiration","BaseMod","Chen","Colored Map","Gensokyo","Koishi","KomeijiMod","Marisa????????","Minty Spire (QoL Compilation)","Onozuka Komachi Mod","Permanent Neow","Remilia_Scarlet Moed?????·?????3.3.5","StSLib","The Administrix","The Blue Laboratory","The Jungle","The Servant 0.9.4","Waifu the Spire","Yakumo Yukari mod","Yuyuko"],"gold_per_floor":[179,195,42,42,58,85,100,100,100,100,117,117,117,151,151,246,246,257,257,35,35,35,70,89,89,89,104,121,121,133,168,168,265,265,282,282,31,84,95,121,137,151,178,178,178,189,222,233,233,233,233,233,54,82,82],"floor_reached":56,"language":"ENG","playtime":6510,"items_purged":["Strike_Remiria","Strike_Remiria","Defend_Remirira"],"score":1257,"play_id":"da7fd1c9-8bae-4482-97df-84918653078b","local_time":"20210130203253","is_ascension_mode":false,"campfire_choices":[{"floor":10,"key":"RECALL"},{"data":"Absorbed","floor":12,"key":"SMITH"},{"data":"DemonLordWalk","floor":15,"key":"SMITH"},{"data":"Culling","floor":29,"key":"SMITH"},{"data":"SealingFear","floor":32,"key":"SMITH"},{"data":"Cripple","floor":44,"key":"SMITH"},{"data":"BodyStrengthen","floor":49,"key":"SMITH"},{"data":"RedtheNightlessCastle","floor":52,"key":"SMITH"}],"circlet_count":0,"master_deck":["Strike_Remiria+1","Absorbed+1","Scratch","CruelSlaughter","DoubleEdge","Exsanguinate","Warpath","VampireKiss_Remiria+1","DemonLordWalk+1","RedtheNightlessCastle+1","BodyStrengthen+1","NaturallyHealing","SealingFear+1","Feint","DemonsDinnerFork_Remiria","Culling+1","RocketKickup+1","TrickFate","AllTheWorldInNightmare","Cripple+1","Storm of Steel","Distraction","BloodSurge+1","BloodySuit","Exsanguinate+1","Tearing+1","BloodCleaner+1","BloodPact+1","Madness","CombatMeter","DamonLordCradle_Remiria+1"],"relics":["ThirstyCrossSpe","Blood Vial","aspiration:HiddenCompartment","aspiration:ChemicalBlood","Eternal Feather","Philosopher\u0027s Stone","Toy Ornithopter","Ornamental Fan","Bottled Lightning","Mercury Hourglass","aspiration:RitualDagger","Oddly Smooth Stone","Bag of Preparation","HornCleat","Smiling Mask","Darkstone Periapt","Whetstone"],"acts_visited":["Gensokyo:Gensokyo","Gensokyo:Gensokyoer","Gensokyo:Gensokyoest","TheEnding"],"potions_floor_usage":[6,14,16,18,23,28,30,33,33,39,47,47,50,50,54,54,54,55,55,55,55],"damage_taken":[{"damage":2,"enemies":"Gensokyo:Gryphon","floor":1,"turns":4},{"damage":0,"enemies":"Gensokyo:Python","floor":2,"turns":3},{"damage":4,"enemies":"Gensokyo:3_Fairies","floor":5,"turns":4},{"damage":68,"enemies":"Gensokyo:Aya","floor":6,"turns":7},{"damage":0,"enemies":"Gensokyo:3_Kodama","floor":7,"turns":1},{"damage":6,"enemies":"Gensokyo:Kitsune","floor":11,"turns":4},{"damage":29,"enemies":"Gensokyo:Cirno","floor":14,"turns":7},{"damage":11,"enemies":"Gensokyo:Reimu","floor":16,"turns":7},{"damage":13,"enemies":"Gensokyo:3_Dogs","floor":18,"turns":5},{"damage":26,"enemies":"Gensokyo:Koishi","floor":23,"turns":7},{"damage":10,"enemies":"Gensokyo:Chomper","floor":24,"turns":4},{"damage":13,"enemies":"Gensokyo:Slime_Group","floor":27,"turns":5},{"damage":23,"enemies":"Gensokyo:3_Gloops","floor":28,"turns":4},{"damage":12,"enemies":"Gensokyo:Wraith","floor":30,"turns":5},{"damage":12,"enemies":"Gensokyo:Reisen","floor":31,"turns":6},{"damage":20,"enemies":"Gensokyo:Eternal_Rivals","floor":33,"turns":8},{"damage":14,"enemies":"Gensokyo:3_Bats","floor":35,"turns":5},{"damage":10,"enemies":"Gensokyo:3_Boulders","floor":39,"turns":4},{"damage":6,"enemies":"Gensokyo:Doremy","floor":40,"turns":4},{"damage":35,"enemies":"Gensokyo:SeedOfUnknown","floor":41,"turns":7},{"damage":3,"enemies":"Gensokyo:4_Bats","floor":42,"turns":1},{"damage":28,"enemies":"Gensokyo:3_Boulders","floor":46,"turns":4},{"damage":12,"enemies":"Gensokyo:Marisa","floor":47,"turns":5},{"damage":15,"enemies":"Gensokyo:Rafflesia","floor":48,"turns":6},{"damage":43,"enemies":"Gensokyo:Yuyuko","floor":50,"turns":9},{"damage":53,"enemies":"Shield and Spear","floor":54,"turns":5},{"damage":56,"enemies":"The Heart","floor":55,"turns":5}],"seed_played":"38461452063828422","potions_obtained":[{"floor":2,"key":"blueLaboratory:BottleOfVodka"},{"floor":6,"key":"Weak Potion"},{"floor":7,"key":"Ancient Potion"},{"floor":14,"key":"Strength Potion"},{"floor":28,"key":"SkillPotion"},{"floor":33,"key":"blueLaboratory:PyrophylliteBrew"},{"floor":42,"key":"blueLaboratory:PhilterOfMotion"},{"floor":46,"key":"Fire Potion"},{"floor":47,"key":"Block Potion"}],"is_trial":false,"path_per_floor":["M","M","$","?","M","E","M","?","T","R","M","R","T","?","R","B",null,"M","?","$","?","?","E","M","?","T","M","M","R","M","E","R","B",null,"M","?","$","T","M","E","M","M","T","R","?","M","E","M","R","B",null,"R","$","E","B",null],"character_chosen":"RemiriaScarlet","items_purchased":["Blood Vial","Toy Ornithopter","Oddly Smooth Stone","Madness","CombatMeter"],"campfire_rested":0,"item_purchase_floors":[3,20,37,53,53],"current_hp_per_floor":[98,98,98,98,96,53,55,85,85,85,87,87,87,79,88,85,100,87,87,87,87,97,87,97,100,100,95,100,100,96,91,100,82,100,100,100,100,100,97,99,79,78,78,93,93,73,81,75,90,90,100,100,100,66,32],"gold":82,"neow_bonus":"REMOVE_CARD","is_daily":false,"chose_seed":false,"campfire_upgraded":7,"win_rate":0.0,"timestamp":1612063973,"path_taken":["M","M","$","?","M","E","M","?","T","R","?","R","?","?","R","BOSS","M","?","$","?","?","E","?","?","T","M","M","R","M","E","R","BOSS","M","?","$","?","?","E","M","M","T","R","?","M","E","M","R","BOSS","R","$","E","BOSS"],"items_purchased_type":["Relic","Relic","Relic","Card","Card"],"build_version":"2020-12-22","purchased_purges":3,"victory":true,"max_hp_per_floor":[100,100,100,100,100,100,100,100,100,100,100,100,100,100,100,100,100,100,100,100,100,100,100,100,100,100,100,100,100,100,100,100,100,100,100,100,100,100,100,100,100,100,100,100,100,100,100,100,100,100,100,100,100,102,102],"card_choices":[{"not_picked":["Warpath","BloodySuit"],"picked":"CruelSlaughter","floor":1},{"not_picked":["FastHealing","FateEnsemble"],"picked":"DoubleEdge","floor":2},{"not_picked":["DoubleEdge","BodyStrengthen"],"picked":"Exsanguinate","floor":5},{"not_picked":["TricksterDevil","QueenOfMidnight"],"picked":"Warpath","floor":6},{"not_picked":["DoubleEdge","ServantFlier"],"picked":"VampireKiss_Remiria","floor":7},{"not_picked":["ServantFlier","CruelSlaughter"],"picked":"DemonLordWalk","floor":11},{"not_picked":["Rewrite","DoubleEdge","Warpath"],"picked":"SKIP","floor":14},{"not_picked":["FitfulNightmare","RemiliaStalker"],"picked":"RedtheNightlessCastle","floor":16},{"not_picked":["BloodCollect","DemonsDinnerFork_Remiria"],"picked":"BodyStrengthen","floor":18},{"not_picked":["FastHealing+1","Exsanguinate"],"picked":"SealingFear","floor":23},{"not_picked":["BloodCollect+1","BloodyMagicSquare"],"picked":"Feint","floor":24},{"not_picked":["BodyStrengthen+1","Warpath+1"],"picked":"DemonsDinnerFork_Remiria","floor":27},{"not_picked":["BadLadyScramble","FierceSweep"],"picked":"Culling","floor":28},{"not_picked":["NightDance","ServantFlier"],"picked":"RocketKickup","floor":30},{"not_picked":["Warpath","BloodCleaner"],"picked":"TrickFate","floor":31},{"not_picked":["RemiliaStretch_Remiria","RedtheNightlessCastle"],"picked":"AllTheWorldInNightmare","floor":33},{"not_picked":["BloodCollect+1","FierceSweep"],"picked":"Cripple","floor":35},{"not_picked":["BloodCollect","Paradox"],"picked":"BloodSurge+1","floor":39},{"not_picked":["RocketKickup","Tepes+1"],"picked":"BloodySuit","floor":40},{"not_picked":["TricksterDevil+1","PainBurst+1"],"picked":"Exsanguinate+1","floor":41},{"not_picked":["TricksterDevil+1","RocketKickup"],"picked":"Tearing+1","floor":42},{"not_picked":["TrickFate+1","DemonLordWalk+1","DoubleEdge+1"],"picked":"SKIP","floor":46},{"not_picked":["BloodSurge+1","RocketKickup"],"picked":"BloodCleaner+1","floor":47},{"not_picked":["DemonsDinnerFork_Remiria+1","ChainGang"],"picked":"BloodPact+1","floor":48},{"not_picked":["HeartBreak_Remiria","DemonsDinnerFork_Remiria+1"],"picked":"DamonLordCradle_Remiria+1","floor":54}],"player_experience":356361,"relics_obtained":[{"floor":6,"key":"aspiration:HiddenCompartment"},{"floor":13,"key":"aspiration:ChemicalBlood"},{"floor":14,"key":"Eternal Feather"},{"floor":23,"key":"Ornamental Fan"},{"floor":26,"key":"Bottled Lightning"},{"floor":31,"key":"Mercury Hourglass"},{"floor":38,"key":"Bag of Preparation"},{"floor":40,"key":"HornCleat"},{"floor":43,"key":"Smiling Mask"},{"floor":47,"key":"Darkstone Periapt"},{"floor":54,"key":"Whetstone"}],"event_choices":[],"is_beta":false,"boss_relics":[{"not_picked":["Fusion Hammer","SacredBark"],"picked":"Philosopher\u0027s Stone"},{"not_picked":["Astrolabe","aspiration:WatcherSkillbook"],"picked":"aspiration:RitualDagger"}],"items_purged_floors":[20,37,53],"is_endless":false,"potions_floor_spawned":[2,6,7,14,28,33,46,47,48],"ascension_level":0}}