{"host":"rq7gz685gkaokql0","time":1612065165,"event":{"mods":["BaseMod","Hubris","Infinite Spire","Minty Spire (QoL Compilation)","Replay The Spire","StSLib"],"gold_per_floor":[113,113,113,131,131,161,161,229,229,229,229],"floor_reached":10,"language":"ENG","playtime":309,"items_purged":[],"score":178,"play_id":"62ff93e8-df74-430b-aa2f-d96a37d26f72","local_time":"20210130175245","is_ascension_mode":true,"campfire_choices":[{"data":"ReplayTheSpireMod:Limb From Limb","floor":7,"key":"SMITH"}],"circlet_count":0,"master_deck":["AscendersBane","Strike_R","Strike_R","Strike_R","Strike_R","Strike_R","Defend_R","Defend_R","Defend_R","Defend_R","Bash+1","Thunderclap","Pain","Wild Strike","Self Repair+1","ReplayTheSpireMod:Limb From Limb+1","Defragment"],"relics":["NeowsBlessing","WarpedTongs","Iron Core","Strawberry","CeramicFish","hubris:GlazedTorus"],"acts_visited":["Exordium"],"potions_floor_usage":[],"damage_taken":[{"damage":0,"enemies":"Small Slimes","floor":1,"turns":1},{"damage":2,"enemies":"2 Louse","floor":4,"turns":2},{"damage":1,"enemies":"Gremlin Nob","floor":6,"turns":1},{"damage":61,"enemies":"3 Sentries","floor":8,"turns":9},{"damage":19,"enemies":"Replay:BlueRogue","floor":10,"turns":3}],"seed_played":"-8502447045040144135","potions_obtained":[],"is_trial":false,"path_per_floor":["M","?","?","M","?","E","R","?","T","E"],"character_chosen":"IRONCLAD","items_purchased":[],"campfire_rested":0,"item_purchase_floors":[],"current_hp_per_floor":[74,74,74,75,75,81,81,30,30,11,11],"gold":229,"neow_bonus":"THREE_ENEMY_KILL","is_daily":false,"chose_seed":false,"campfire_upgraded":1,"win_rate":0.0,"timestamp":1612065165,"path_taken":["M","?","?","?","?","E","R","?","T","E"],"items_purchased_type":[],"build_version":"2020-12-22","purchased_purges":0,"victory":false,"max_hp_per_floor":[75,75,75,75,75,82,82,82,82,82,82],"card_choices":[{"not_picked":["Havoc","Reckless Charge"],"picked":"Thunderclap","floor":1},{"not_picked":["hubris:SharpeningStone","Second Wind"],"picked":"Wild Strike","floor":4},{"not_picked":["Brutality","hubris:ReadiedAction"],"picked":"ReplayTheSpireMod:Limb From Limb","floor":6},{"not_picked":["Beam Cell","Force Field"],"picked":"Defragment","floor":8}],"player_experience":1221829,"relics_obtained":[{"floor":6,"key":"Strawberry"},{"floor":9,"key":"hubris:GlazedTorus"}],"event_choices":[{"damage_healed":0,"gold_gain":0,"player_choice":"Rummage","damage_taken":0,"relics_obtained":["WarpedTongs"],"max_hp_gain":0,"max_hp_loss":0,"event_name":"Accursed Blacksmith","floor":3,"gold_loss":0,"cards_obtained":["Pain"]},{"damage_healed":0,"gold_gain":30,"player_choice":"Searched \u00273\u0027 times","damage_taken":0,"relics_obtained":["CeramicFish"],"max_hp_gain":0,"max_hp_loss":0,"event_name":"Dead Adventurer","floor":8,"gold_loss":0}],"is_beta":false,"boss_relics":[],"items_purged_floors":[],"is_endless":false,"potions_floor_spawned":[],"killed_by":"Replay:BlueRogue","ascension_level":20}}