{"host":"卖鱼强","time":1612088136,"event":{"mods":["BaseMod","Downfall","Minty Spire (QoL Compilation)","Quick Restart","Replay The Spire","RumiaBox-露米娅的神秘盒子","StSLib","TestMod","YuGiOh","[IsaacMod]以撒尖塔","【功能Mod】混沌之环修复补丁"],"gold_per_floor":[99,112,112,0,12,12,64,80,93,78,78,103,131,145,165,268,268,68,78,178,178,196,223,300,300,140,155,169,188,219,236,252,351,351,251,101,115,134,202,215,215,215,215,215,215,215,227,152,170,170,170,197,44,44,44,44],"floor_reached":55,"language":"ZHS","playtime":5413,"items_purged":["Slimebound:Defend_Slimebound","Slimebound:Strike_Slimebound"],"score":861,"play_id":"e94a3cc2-a117-4156-9174-93ce82a7aeff","local_time":"20210131181536","is_ascension_mode":false,"campfire_choices":[{"floor":1,"key":"RECALL"},{"floor":11,"key":"REST"},{"data":"Slimebound:OozeBath","floor":18,"key":"SMITH"},{"floor":25,"key":"REST"},{"data":"Slimebound:OneTwoCombo","floor":35,"key":"SMITH"},{"floor":45,"key":"REST"},{"floor":54,"key":"REST"}],"circlet_count":0,"master_deck":["Slimebound:Strike_Slimebound","Slimebound:Strike_Slimebound","Slimebound:Tackle","Slimebound:Defend_Slimebound","Slimebound:Defend_Slimebound","Slimebound:Defend_Slimebound","Slimebound:Split","Slimebound:CorrosiveSpit","Slimebound:SlimeSpikes","Slimebound:SplitMire","Replay:SS_forest_2","Slimebound:RejuvenatingLick","Slimebound:Repurpose","Slimebound:RainOfGoop","Slimebound:SpikyOuterGoop","Slimebound:SplitMire","Slimebound:Repurpose","Slimebound:OozeBath","Slimebound:Replication","Slimebound:Equalize+1","Slimebound:SplitLeeching","Slimebound:LeechEnergy","Slimebound:RainOfGoop","Slimebound:AcidTongue","Slimebound:ProtectTheBoss","Slimebound:OneTwoCombo+1","Slimebound:MinionMaster","Slimebound:LeechEnergy+1","Slimebound:Repurpose+1","Slimebound:HauntingLick+1","Slimebound:Darklings","Slimebound:PressTheAttack+1","expansioncontent:QuickStudy","Slimebound:Equalize","Slimebound:OneTwoCombo"],"relics":["Slimebound:AbsorbEndCombatUpgraded","testmod-TestBox","HushsDoor","Leech","testmod-AssaultLearning","Shuriken","BelialBook","PreservedInsect","downfall:HeartBlessingRed","downfall:HeartBlessingBlue","MagicDraw3","ReplayFunnel","Replay:Ringing Soul","Replay:Bottled Snecko","testmod-SaigiyounoYou","GuppysTail","downfall:HeartBlessingGreen","InkBottle","Juzu Bracelet","Pet Ghost","Vajra","Slimebound:AggressiveSlimeRelic"],"acts_visited":["Exordium","TheCity","TheBeyond","TheEnding"],"potions_floor_usage":[33,50,50,55],"damage_taken":[{"damage":5,"enemies":"Small Slimes","floor":2,"turns":3},{"damage":0,"enemies":"downfall:FleeingMerchant","floor":4,"turns":4},{"damage":6,"enemies":"Cultist","floor":5,"turns":3},{"damage":2,"enemies":"2 Louse","floor":8,"turns":2},{"damage":0,"enemies":"2 Fungi Beasts","floor":9,"turns":2},{"damage":10,"enemies":"downfall:FleeingMerchant","floor":10,"turns":4},{"damage":25,"enemies":"Lagavulin","floor":13,"turns":5},{"damage":10,"enemies":"Exordium Thugs","floor":14,"turns":3},{"damage":1,"enemies":"Exordium Wildlife","floor":15,"turns":2},{"damage":22,"enemies":"IC_STATUS_ARCHETYPE","floor":16,"turns":5},{"damage":9,"enemies":"Shell Parasite","floor":19,"turns":4},{"damage":19,"enemies":"SI_SHIV_ARCHETYPE","floor":20,"turns":5},{"damage":10,"enemies":"Centurion and Healer","floor":22,"turns":5},{"damage":39,"enemies":"Slavers","floor":23,"turns":4},{"damage":15,"enemies":"downfall:FleeingMerchant","floor":26,"turns":4},{"damage":17,"enemies":"Sentry and Sphere","floor":27,"turns":4},{"damage":7,"enemies":"Cultist and Chosen","floor":28,"turns":5},{"damage":7,"enemies":"Snecko","floor":29,"turns":4},{"damage":12,"enemies":"Replay:Snechameleon","floor":30,"turns":4},{"damage":20,"enemies":"Sentry and Sphere","floor":31,"turns":4},{"damage":10,"enemies":"Chosen and Byrds","floor":32,"turns":4},{"damage":62,"enemies":"DF_ARCHETYPE_CLAW","floor":33,"turns":7},{"damage":11,"enemies":"Orb Walker","floor":37,"turns":3},{"damage":30,"enemies":"3 Darklings","floor":38,"turns":4},{"damage":36,"enemies":"Spire Growth","floor":40,"turns":5},{"damage":36,"enemies":"Sphere and 2 Shapes","floor":47,"turns":4},{"damage":22,"enemies":"downfall:FleeingMerchant","floor":48,"turns":4},{"damage":51,"enemies":"Writhing Mass","floor":49,"turns":4},{"damage":119,"enemies":"SI_POISON_ARCHETYPE","floor":50,"turns":6},{"damage":88,"enemies":"downfall:CharBossMerchant","floor":52,"turns":7},{"damage":194,"enemies":"downfall:NeowBoss","floor":55,"turns":15}],"seed_played":"-5986854212013783025","potions_obtained":[{"floor":5,"key":"Elixir"},{"floor":9,"key":"Fire Potion"},{"floor":13,"key":"Dexterity Potion"},{"floor":28,"key":"DuplicationPotion"},{"floor":47,"key":"Fire Potion"},{"floor":52,"key":"Weak Potion"}],"is_trial":false,"path_per_floor":["R","M","?","$","M","?","T","M","M","$","R","T","E","M","M","B",null,"R","M","?","?","M","E","T","R","$","M","M","M","E","M","M","B",null,"R","?","M","M","?","M","T","?","?","?","R","?","M","$","M","B",null,"E","$","R","B"],"character_chosen":"SLIMEBOUND","items_purchased":["Replay:SS_forest_2","Slimebound:RainOfGoop","GuppysTail","expansioncontent:QuickStudy","Pet Ghost","Slimebound:AggressiveSlimeRelic"],"campfire_rested":4,"item_purchase_floors":[4,26,34,48,48,53],"current_hp_per_floor":[71,66,59,67,65,40,40,43,47,49,70,70,52,53,62,51,71,81,80,69,54,76,68,68,81,77,81,86,90,93,81,93,56,86,86,96,96,102,102,86,86,86,86,89,108,108,93,111,106,24,114,93,93,117,0,0,0],"gold":44,"neow_bonus":"TEN_PERCENT_HP_BONUS","is_daily":false,"chose_seed":false,"campfire_upgraded":2,"win_rate":0.0,"timestamp":1612088136,"path_taken":["R","M","?","?","?","?","T","M","M","?","R","?","E","?","M","BOSS","R","M","?","?","M","E","T","R","$","M","M","M","E","M","M","BOSS","R","?","M","M","?","M","T","?","?","?","R","?","M","?","M","BOSS","E","$","R","BOSS"],"items_purchased_type":["Card","Card","Relic","Card","Relic","Relic"],"build_version":"2020-12-18","purchased_purges":2,"victory":false,"max_hp_per_floor":[71,71,71,71,71,71,71,71,71,71,71,71,71,71,71,71,71,81,81,81,81,81,81,81,81,84,87,90,90,93,93,93,96,86,86,96,99,102,102,105,105,105,105,108,108,108,108,111,114,114,114,117,117,117,117,117,117],"card_choices":[{"not_picked":["Slimebound:Teamwork","Bomb"],"picked":"Slimebound:SlimeSpikes","floor":2},{"not_picked":["Slimebound:FlameTackle","Slimebound:LeechEnergy"],"picked":"Slimebound:SplitMire","floor":4},{"not_picked":["Slimebound:SlimeBarrage","Slimebound:LivingWall"],"picked":"Slimebound:RejuvenatingLick","floor":5},{"not_picked":["Slimebound:LeechingTouch","Slimebound:ComboTackle"],"picked":"Slimebound:Repurpose","floor":8},{"not_picked":["Slimebound:SplitBruiser","Slimebound:ForwardTackle"],"picked":"Slimebound:RainOfGoop","floor":9},{"not_picked":["Slimebound:SamplingLick","Slimebound:ProtectTheBoss"],"picked":"Slimebound:SpikyOuterGoop","floor":10},{"not_picked":["Slimebound:ForwardTackle","Slimebound:GoopTackle"],"picked":"Slimebound:SplitMire","floor":13},{"not_picked":["Slimebound:Grow","Slimebound:SamplingLick"],"picked":"Slimebound:OozeBath","floor":14},{"not_picked":["Slimebound:SlimeBarrage","Slimebound:SamplingLick"],"picked":"Slimebound:Repurpose","floor":15},{"not_picked":["Slimebound:PrepareCrush","Slimebound:Teamwork"],"picked":"Slimebound:OozeBath","floor":16},{"not_picked":["Slimebound:SamplingLick","Slimebound:ComboTackle+1"],"picked":"Slimebound:Replication","floor":19},{"not_picked":["Slimebound:ForwardTackle+1","Slimebound:SplitBruiser"],"picked":"Slimebound:Equalize+1","floor":20},{"not_picked":["Slimebound:BestDefense","Slimebound:Prepare","Slimebound:LivingWall"],"picked":"SKIP","floor":22},{"not_picked":["Slimebound:DouseInSlime","Slimebound:Prepare"],"picked":"Slimebound:SplitLeeching","floor":23},{"not_picked":["Slimebound:ForwardTackle","Slimebound:BestDefense"],"picked":"Slimebound:LeechEnergy","floor":26},{"not_picked":["Slimebound:TongueLash","Slimebound:LeechingTouch"],"picked":"Slimebound:AcidTongue","floor":27},{"not_picked":["Slimebound:GrowthPunch","Slimebound:SlimeSpikes+1"],"picked":"Slimebound:ProtectTheBoss","floor":28},{"not_picked":["Slimebound:LivingWall","Slimebound:SplitAcid","Slimebound:SplitBruiser"],"picked":"SKIP","floor":29},{"not_picked":["Slimebound:Gluttony","Slimebound:SplitLeeching+1"],"picked":"Slimebound:OneTwoCombo","floor":30},{"not_picked":["Slimebound:Schlurp","Slimebound:ComboTackle","Slimebound:RainOfGoop+1"],"picked":"SKIP","floor":31},{"not_picked":["Slimebound:Grow","Slimebound:ProtectTheBoss","Slimebound:GoopTackle"],"picked":"SKIP","floor":32},{"not_picked":["Slimebound:Teamwork","Slimebound:Overexert"],"picked":"Slimebound:MinionMaster","floor":33},{"not_picked":["Slimebound:ForwardTackle","Slimebound:GoopTackle+1"],"picked":"Slimebound:LeechEnergy+1","floor":37},{"not_picked":["Slimebound:RollThrough+1","Slimebound:SplitLeeching+1"],"picked":"Slimebound:Repurpose+1","floor":38},{"not_picked":["Slimebound:ViciousTackle","Slimebound:SplitMire+1"],"picked":"Slimebound:HauntingLick+1","floor":40},{"not_picked":["Slimebound:SplitAcid+1","Slimebound:SamplingLick","Slimebound:SlimeSpikes"],"picked":"SKIP","floor":47},{"not_picked":["Slimebound:LeechEnergy","Slimebound:FinishingTackle"],"picked":"Slimebound:PressTheAttack+1","floor":48},{"not_picked":["Slimebound:LeechEnergy+1","Slimebound:Schlurp"],"picked":"Slimebound:Equalize","floor":49},{"not_picked":["Slimebound:RollThrough+1","Slimebound:SlimeBarrage+1"],"picked":"Slimebound:OneTwoCombo","floor":52}],"player_experience":0,"relics_obtained":[{"floor":12,"key":"BelialBook"},{"floor":13,"key":"PreservedInsect"},{"floor":20,"key":"MagicDraw3"},{"floor":24,"key":"Replay:Ringing Soul"},{"floor":30,"key":"Replay:Bottled Snecko"},{"floor":39,"key":"InkBottle"},{"floor":41,"key":"GodSword4"},{"floor":52,"key":"Vajra"}],"event_choices":[{"damage_healed":0,"gold_gain":0,"player_choice":"Ignored","damage_taken":7,"max_hp_gain":0,"max_hp_loss":0,"event_name":"恩洛斯的盘子","floor":3,"gold_loss":0},{"damage_healed":0,"gold_gain":0,"player_choice":"Success","damage_taken":25,"relics_obtained":["Shuriken"],"max_hp_gain":0,"max_hp_loss":0,"event_name":"Scrap Ooze","floor":6,"gold_loss":0},{"damage_healed":0,"gold_gain":0,"player_choice":"Swap Relic","damage_taken":0,"relics_obtained":["Juzu Bracelet"],"max_hp_gain":0,"max_hp_loss":0,"event_name":"给自己的盒子","floor":43,"relics_lost":["GodSword4"],"gold_loss":0}],"is_beta":true,"boss_relics":[{"not_picked":["Calling Bell","testmod-TimeTraveler"],"picked":"Slimebound:AbsorbEndCombatUpgraded"},{"not_picked":[]},{"not_picked":["testmod-IncinerationGenerator","Kintsugi"],"picked":"testmod-SaigiyounoYou"},{"not_picked":[]}],"items_purged_floors":[26,48],"is_endless":false,"potions_floor_spawned":[5,9,13,14,16,20,23,27,28,30,47,49,52],"killed_by":"downfall:NeowBoss","ascension_level":0}}