{"host":"fbf4ff5zs5coz2xl","time":1612127821,"event":{"mods":["BaseMod","Downfall","Minty Spire (QoL Compilation)","Permanent Neow","StSLib"],"gold_per_floor":[99,117,128,228,241,241,241,251,278,296,58,84,95,95,109,109,109,109],"floor_reached":16,"language":"ENG","playtime":1301,"items_purged":["Writhe"],"score":195,"play_id":"c8db6d1f-d7fd-461d-8d79-265c5d7efa68","local_time":"20210131141701","is_ascension_mode":true,"campfire_choices":[{"data":"hexamod:Float","floor":1,"key":"SMITH"},{"data":"hexamod:Rewind","floor":6,"key":"SMITH"}],"circlet_count":0,"master_deck":["hexamod:Strike","hexamod:Strike","hexamod:Strike","hexamod:Strike","hexamod:Defend","hexamod:Defend","hexamod:Defend","hexamod:Defend","hexamod:Sear","hexamod:Float+1","hexamod:VolcanoVisage","hexamod:ThermalTransfer","hexamod:Rewind+1","CurseOfTheBell","CurseOfTheBell","hexamod:BacktrackSmack","hexamod:SuperheatedStrike","hexamod:BurningTouch","hexamod:FirstSeal","hexamod:Hexaguard"],"relics":["hexamod:SpiritBrand","downfall:ExtraCursedBell","PreservedInsect","Letter Opener","CaptainsWheel","Thread and Needle","Juzu Bracelet","Kunai"],"acts_visited":["Exordium"],"potions_floor_usage":[9,16,16],"damage_taken":[{"damage":0,"enemies":"Cultist","floor":2,"turns":4},{"damage":2,"enemies":"Jaw Worm","floor":3,"turns":3},{"damage":9,"enemies":"2 Louse","floor":5,"turns":3},{"damage":6,"enemies":"Exordium Thugs","floor":8,"turns":4},{"damage":15,"enemies":"3 Sentries","floor":9,"turns":5},{"damage":0,"enemies":"Blue Slaver","floor":10,"turns":3},{"damage":1,"enemies":"downfall:FleeingMerchant","floor":11,"turns":4},{"damage":0,"enemies":"Gremlin Nob","floor":12,"turns":3},{"damage":2,"enemies":"Exordium Wildlife","floor":13,"turns":4},{"damage":5,"enemies":"Red Slaver","floor":15,"turns":3},{"damage":37,"enemies":"SI_SHIV_ARCHETYPE","floor":16,"turns":7}],"seed_played":"6996544350251438018","potions_obtained":[{"floor":5,"key":"champ:CounterPotion"},{"floor":9,"key":"SkillPotion"},{"floor":13,"key":"Swift Potion"},{"floor":14,"key":"Guardian:BlockOnCardUsePotion"}],"is_trial":false,"path_per_floor":["R","M","M","?","M","R","T","M","E","M","$","E","M","?","M","B"],"character_chosen":"THE_SPIRIT","items_purchased":["Juzu Bracelet"],"campfire_rested":0,"item_purchase_floors":[11],"current_hp_per_floor":[63,63,61,61,52,52,52,46,31,31,30,30,35,35,37,0,0,0],"gold":109,"neow_bonus":"ONE_RANDOM_RARE_CARD","is_daily":false,"chose_seed":false,"campfire_upgraded":2,"win_rate":0.0,"timestamp":1612127821,"path_taken":["R","M","?","?","M","R","T","M","E","M","$","E","M","?","M","BOSS"],"items_purchased_type":["Relic"],"build_version":"2020-12-22","purchased_purges":1,"victory":false,"max_hp_per_floor":[70,70,70,70,70,70,70,70,70,70,70,70,70,70,70,70,70,70],"card_choices":[{"not_picked":["hexamod:RecurringNightmare","hexamod:SwordOfDarkness"],"picked":"hexamod:ThermalTransfer","floor":2},{"not_picked":["hexamod:NightmareGuise","hexamod:GhostShield"],"picked":"hexamod:Rewind","floor":3},{"not_picked":["hexamod:AdvancingGuard","hexamod:ThirdSeal"],"picked":"hexamod:BacktrackSmack","floor":5},{"not_picked":["hexamod:SwordOfDarkness","hexamod:PhantomFireball","hexamod:GhostOfSpireFuture"],"picked":"SKIP","floor":8},{"not_picked":["hexamod:BacktrackSmack","hexamod:Firestarter"],"picked":"hexamod:SuperheatedStrike","floor":9},{"not_picked":["hexamod:NightmareGuise","hexamod:GhostLash","hexamod:ShieldOfDarkness"],"picked":"SKIP","floor":10},{"not_picked":["hexamod:NecessarySacrifice","hexamod:Haunt"],"picked":"hexamod:BurningTouch","floor":11},{"not_picked":["hexamod:BurningTouch","hexamod:RadiantFlame"],"picked":"hexamod:FirstSeal","floor":12},{"not_picked":["hexamod:GhostLash","hexamod:BacktrackSmack","hexamod:HauntingEcho"],"picked":"SKIP","floor":13},{"not_picked":["hexamod:NecessarySacrifice","hexamod:BurningTouch"],"picked":"hexamod:Hexaguard","floor":15}],"player_experience":557309,"relics_obtained":[{"floor":4,"key":"PreservedInsect"},{"floor":4,"key":"Letter Opener"},{"floor":4,"key":"CaptainsWheel"},{"floor":9,"key":"Thread and Needle"},{"floor":12,"key":"Kunai"}],"event_choices":[{"damage_healed":0,"gold_gain":0,"player_choice":"Got Potions","damage_taken":0,"max_hp_gain":0,"max_hp_loss":0,"event_name":"Lab","floor":14,"gold_loss":0}],"is_beta":false,"boss_relics":[],"items_purged_floors":[11],"is_endless":false,"potions_floor_spawned":[5,9,13,15],"killed_by":"SI_SHIV_ARCHETYPE","ascension_level":8}}