{"host":"5x08nt64u3vxxcfi","time":1612081177,"event":{"mods":["BaseMod","Minty Spire (QoL Compilation)","StSLib","SuperFastMode"],"gold_per_floor":[117,135,152,152,165,165,165,191,191,211,235,84,123,146,146,146,146],"floor_reached":16,"language":"KOR","playtime":371,"items_purged":["Strike_G"],"score":211,"play_id":"beadf1ba-62d9-4da5-87c5-49f5ab855ddc","local_time":"20210131171937","is_ascension_mode":true,"campfire_choices":[{"data":"Die Die Die","floor":6,"key":"SMITH"},{"data":"Leg Sweep","floor":15,"key":"SMITH"}],"circlet_count":0,"master_deck":["AscendersBane","Strike_G","Strike_G","Strike_G","Defend_G","Defend_G","Defend_G","Defend_G","Defend_G","Survivor","Neutralize","Die Die Die+1","Crippling Poison","Well Laid Plans","Dodge and Roll","Dash","Blade Dance","Acrobatics","Leg Sweep+1","Accuracy","Dagger Throw","Quick Slash"],"relics":["Ring of the Snake","MealTicket","CeramicFish","Ninja Scroll"],"acts_visited":["Exordium"],"potions_floor_usage":[8,13,13],"damage_taken":[{"damage":0,"enemies":"Cultist","floor":1,"turns":3},{"damage":4,"enemies":"Jaw Worm","floor":2,"turns":5},{"damage":0,"enemies":"2 Louse","floor":3,"turns":1},{"damage":7,"enemies":"Red Slaver","floor":5,"turns":6},{"damage":23,"enemies":"Lagavulin","floor":8,"turns":8},{"damage":0,"enemies":"Exordium Wildlife","floor":10,"turns":1},{"damage":13,"enemies":"Blue Slaver","floor":11,"turns":4},{"damage":17,"enemies":"Gremlin Nob","floor":13,"turns":4},{"damage":0,"enemies":"3 Louse","floor":14,"turns":1},{"damage":19,"enemies":"The Guardian","floor":16,"turns":6}],"seed_played":"-8152423733717298265","potions_obtained":[{"floor":3,"key":"CunningPotion"},{"floor":5,"key":"AttackPotion"},{"floor":10,"key":"BlessingOfTheForge"}],"is_trial":false,"path_per_floor":["M","M","M","?","M","R","?","E","T","M","M","$","E","M","R","B"],"character_chosen":"THE_SILENT","items_purchased":["Accuracy"],"campfire_rested":0,"item_purchase_floors":[12],"current_hp_per_floor":[59,55,55,60,53,53,53,30,30,30,17,32,15,15,15,0,0],"gold":146,"neow_bonus":"THREE_RARE_CARDS","is_daily":false,"chose_seed":false,"campfire_upgraded":2,"win_rate":0.0,"timestamp":1612081177,"path_taken":["M","?","M","?","M","R","?","E","T","?","M","$","E","M","R","BOSS"],"items_purchased_type":["Card"],"build_version":"2020-12-22","purchased_purges":1,"victory":false,"max_hp_per_floor":[60,60,60,65,65,65,65,65,65,65,65,65,65,65,65,65,65],"card_choices":[{"not_picked":["Tools of the Trade","Envenom"],"picked":"Die Die Die","floor":0},{"not_picked":["Slice","Tactician"],"picked":"Crippling Poison","floor":1},{"not_picked":["Sucker Punch","Underhanded Strike"],"picked":"Well Laid Plans","floor":2},{"not_picked":["Acrobatics","Flechettes"],"picked":"Dodge and Roll","floor":3},{"not_picked":["Poisoned Stab","Cloak And Dagger"],"picked":"Dash","floor":5},{"not_picked":["Cloak And Dagger","Backstab"],"picked":"Blade Dance","floor":8},{"not_picked":["Reflex","Skewer"],"picked":"Acrobatics","floor":10},{"not_picked":["Doppelganger","Deadly Poison"],"picked":"Leg Sweep","floor":11},{"not_picked":["Expertise","Sucker Punch"],"picked":"Dagger Throw","floor":13},{"not_picked":["Cloak And Dagger","Catalyst"],"picked":"Quick Slash","floor":14}],"player_experience":120158,"relics_obtained":[{"floor":8,"key":"MealTicket"},{"floor":9,"key":"CeramicFish"},{"floor":13,"key":"Ninja Scroll"}],"event_choices":[{"damage_healed":0,"gold_gain":0,"player_choice":"Donut","damage_taken":0,"max_hp_gain":5,"max_hp_loss":0,"event_name":"Big Fish","floor":4,"gold_loss":0},{"cards_removed":["Strike_G"],"damage_healed":0,"gold_gain":0,"player_choice":"Offered Basic","damage_taken":0,"max_hp_gain":0,"max_hp_loss":0,"event_name":"Bonfire Elementals","floor":7,"gold_loss":0}],"is_beta":false,"boss_relics":[],"items_purged_floors":[12],"is_endless":false,"potions_floor_spawned":[3,5,10],"killed_by":"The Guardian","ascension_level":17}}