{"host":"mconkkfc0dudtfx5","time":1612085391,"event":{"mods":["BaseMod","Highlight Path","Lobotomy","Marisa£®ÏF”Í°°ƒß¿Ì…≥£©","Minty Spire (QoL Compilation)","Shop Mod","StSLib","The Bug Knight","The Servant 0.9.4"],"gold_per_floor":[121,148,148,98,98,98,135,163,190,200,200,232,268,340,340,360,360],"floor_reached":16,"language":"ZHS","playtime":1193,"items_purged":[],"score":112,"play_id":"6fb73310-ba61-4b17-bdc0-7a0a64b92edd","local_time":"20210131172951","is_ascension_mode":false,"campfire_choices":[{"data":"EarthLightRay","floor":6.0,"key":"SMITH"},{"floor":11.0,"key":"REST"},{"floor":15.0,"key":"REST"}],"circlet_count":0,"master_deck":["Strike_MRS","Strike_MRS","Strike_MRS+1","Strike_MRS","Defend_MRS","Defend_MRS","Defend_MRS","Defend_MRS","MasterSpark","UpSweep+1","Robbery","EarthLightRay+1","SuperPerseids","TreasureHunter","WitchOfGreed","PowerUp"],"relics":["MiniHakkero","Lantern","Bag of Marbles","Nunchaku","Omamori","HandmadeGrimoire"],"acts_visited":["Exordium"],"potions_floor_usage":[],"damage_taken":[{"damage":0.0,"enemies":"Small Slimes","floor":1.0,"turns":3.0},{"damage":14.0,"enemies":"2 Louse","floor":2.0,"turns":3.0},{"damage":32.0,"enemies":"Gremlin Nob","floor":7.0,"turns":4.0},{"damage":0.0,"enemies":"Cultist","floor":8.0,"turns":2.0},{"damage":3.0,"enemies":"Red Slaver","floor":10.0,"turns":2.0},{"damage":7.0,"enemies":"3 Louse","floor":12.0,"turns":2.0},{"damage":18.0,"enemies":"Exordium Thugs","floor":13.0,"turns":4.0},{"damage":25.0,"enemies":"3 Sentries","floor":14.0,"turns":7.0},{"damage":53,"enemies":"Hexaghost","floor":16,"turns":8}],"seed_played":"-612840733665914071","potions_obtained":[{"floor":7.0,"key":"Regen Potion"},{"floor":8.0,"key":"Energy Potion"},{"floor":12.0,"key":"DuplicationPotion"},{"floor":14.0,"key":"SmokeBomb"}],"is_trial":false,"path_per_floor":["M","M","?","?","?","R","E","M","T","M","R","M","M","E","R","B"],"character_chosen":"MARISA","items_purchased":[],"campfire_rested":2,"item_purchase_floors":[],"current_hp_per_floor":[75,61,61,61,46,46,20,20,20,23,45,44,32,28,50,3,3],"gold":360,"neow_bonus":"THREE_CARDS","is_daily":false,"chose_seed":false,"campfire_upgraded":1,"win_rate":0.0,"timestamp":1612085391,"path_taken":["M","M","?","?","?","R","E","M","T","M","R","M","M","E","R","BOSS"],"items_purchased_type":[],"build_version":"2020-12-22","purchased_purges":0,"victory":false,"max_hp_per_floor":[75,75,75,75,75,75,75,75,75,75,75,75,75,75,75,75,75],"card_choices":[{"not_picked":["UnstableBomb","ChargeUpSpray"],"picked":"Robbery","floor":0.0},{"not_picked":["MilkyWay","MeteoricShower"],"picked":"EarthLightRay","floor":1.0},{"not_picked":["6A","AsteroidBelt","DoubleSpark"],"picked":"SKIP","floor":2.0},{"not_picked":["DC","GrandCross"],"picked":"SuperPerseids","floor":7.0},{"not_picked":["Occultation","DeepEcoloBomb"],"picked":"TreasureHunter","floor":8.0},{"not_picked":["DC","MysteriousBeam"],"picked":"WitchOfGreed","floor":10.0},{"not_picked":["StarlightTyphoon","IllusionStar","UnstableBomb"],"picked":"SKIP","floor":12.0},{"not_picked":["Acceleration","GrandCross","ManaConvection"],"picked":"SKIP","floor":13.0},{"not_picked":["GravityBeat","NonDirectionalLaser"],"picked":"PowerUp","floor":14.0}],"player_experience":210465,"relics_obtained":[{"floor":7.0,"key":"Bag of Marbles"},{"floor":9.0,"key":"Nunchaku"},{"floor":14.0,"key":"Omamori"},{"floor":14.0,"key":"HandmadeGrimoire"}],"event_choices":[{"damage_healed":0.0,"max_hp_gain":0.0,"max_hp_loss":0.0,"gold_gain":0.0,"event_name":"Big Fish","player_choice":"Box","floor":3.0,"gold_loss":0.0,"damage_taken":0.0,"relics_obtained":["Lantern"],"cards_obtained":["Regret"]},{"cards_removed":["Regret"],"damage_healed":0.0,"max_hp_gain":0.0,"max_hp_loss":0.0,"gold_gain":0.0,"event_name":"The Cleric","player_choice":"Card Removal","floor":4.0,"gold_loss":50.0,"damage_taken":0.0},{"damage_healed":0.0,"max_hp_gain":0.0,"max_hp_loss":0.0,"gold_gain":0.0,"event_name":"Shining Light","player_choice":"Entered Light","floor":5.0,"gold_loss":0.0,"damage_taken":15.0,"cards_upgraded":["UpSweep","Strike_MRS"]}],"is_beta":false,"boss_relics":[],"items_purged_floors":[],"is_endless":false,"potions_floor_spawned":[7,8,12,13],"killed_by":"Hexaghost","ascension_level":0}}