{"host":"52m1o8iwwagurbjs","time":1612129940,"event":{"mods":["AchievementEnabler","BaseMod","Bestiary","Colored Powertips","GifTheSpireLib","Minty Spire (QoL Compilation)","Quick Restart","RNG Fix","Relic Stats","StSLib"],"gold_per_floor":[110,120,132,132,147,177,211,211,291,291,326,359,376,402,402,502,502,521,620,630,630,630,661,661,35,113,144,144,144,156,167,167,269,269,282,299,349,366,266,266,266,266,266,276,309,584,600,475,475,475,475,475,132,132,132],"floor_reached":54,"language":"ENG","playtime":4311,"items_purged":["Pain","Strike_B+1","Regret","Reprogram"],"score":831,"play_id":"1472994c-c504-4333-b574-9168e33a71a8","local_time":"20210131165220","is_ascension_mode":true,"campfire_choices":[{"floor":8.0,"key":"REST"},{"floor":10.0,"key":"REST"},{"floor":15.0,"key":"REST"},{"data":"Loop","floor":28.0,"key":"SMITH"},{"floor":32.0,"key":"REST"},{"data":"Creative AI","floor":40.0,"key":"SMITH"},{"data":"Buffer","floor":42.0,"key":"SMITH"},{"floor":49,"key":"RECALL"},{"data":"White Noise","floor":52,"key":"SMITH"}],"circlet_count":0,"master_deck":["Defend_B+1","Defend_B+1","Defend_B+1","Zap","Dualcast","Streamline","Chill+1","Leap","White Noise+1","Cold Snap","Tempest+1","Compile Driver","Undo","Buffer+1","Conserve Battery","Loop+1","Reboot","Gash","Chill","Auto Shields","Coolheaded","Electrodynamics","Creative AI+1","Ball Lightning","Loop+1","White Noise+1","White Noise+1"],"relics":["Cracked Core","WingedGreaves","Ice Cream","Incense Burner","White Beast Statue","Mercury Hourglass","Ornamental Fan","InkBottle","Runic Pyramid","WarpedTongs","Bag of Preparation","Lizard Tail","Chemical X","War Paint","Meat on the Bone","TungstenRod","Empty Cage","StoneCalendar","HornCleat","DollysMirror"],"acts_visited":["Exordium","TheCity","TheBeyond","TheEnding"],"potions_floor_usage":[45,50],"damage_taken":[{"damage":3.0,"enemies":"Jaw Worm","floor":1.0,"turns":3.0},{"damage":6.0,"enemies":"Cultist","floor":2.0,"turns":3.0},{"damage":2.0,"enemies":"2 Louse","floor":3.0,"turns":2.0},{"damage":1.0,"enemies":"Exordium Thugs","floor":5.0,"turns":4.0},{"damage":22.0,"enemies":"Lagavulin","floor":6.0,"turns":6.0},{"damage":26.0,"enemies":"Gremlin Nob","floor":7.0,"turns":4.0},{"damage":27.0,"enemies":"Lagavulin","floor":11.0,"turns":5.0},{"damage":11.0,"enemies":"Gremlin Nob","floor":12.0,"turns":4.0},{"damage":3.0,"enemies":"Blue Slaver","floor":13.0,"turns":3.0},{"damage":8.0,"enemies":"Lagavulin","floor":14.0,"turns":7.0},{"damage":0.0,"enemies":"Slime Boss","floor":16.0,"turns":8.0},{"damage":4.0,"enemies":"3 Byrds","floor":18.0,"turns":6.0},{"damage":11.0,"enemies":"Shell Parasite","floor":20.0,"turns":7.0},{"damage":20.0,"enemies":"Book of Stabbing","floor":23.0,"turns":6.0},{"damage":14.0,"enemies":"Slavers","floor":27.0,"turns":4.0},{"damage":0.0,"enemies":"Sentry and Sphere","floor":30.0,"turns":4.0},{"damage":0.0,"enemies":"Snecko","floor":31.0,"turns":4.0},{"damage":18.0,"enemies":"Champ","floor":33.0,"turns":12.0},{"damage":20.0,"enemies":"Orb Walker","floor":35.0,"turns":6.0},{"damage":0.0,"enemies":"3 Darklings","floor":36.0,"turns":4.0},{"damage":20.0,"enemies":"Mind Bloom Boss Battle","floor":37.0,"turns":8.0},{"damage":0.0,"enemies":"Transient","floor":38.0,"turns":5.0},{"damage":13,"enemies":"Jaw Worm Horde","floor":44,"turns":5},{"damage":69,"enemies":"Giant Head","floor":45,"turns":13},{"damage":0,"enemies":"Maw","floor":47,"turns":7},{"damage":52,"enemies":"Time Eater","floor":50,"turns":13},{"damage":77,"enemies":"Shield and Spear","floor":54,"turns":6}],"seed_played":"3462454993901921663","potions_obtained":[{"floor":5.0,"key":"ColorlessPotion"},{"floor":7.0,"key":"Dexterity Potion"},{"floor":11.0,"key":"Block Potion"},{"floor":12.0,"key":"Fruit Juice"},{"floor":13.0,"key":"PotionOfCapacity"},{"floor":14.0,"key":"Explosive Potion"},{"floor":16.0,"key":"DistilledChaos"},{"floor":18.0,"key":"Strength Potion"},{"floor":23.0,"key":"Dexterity Potion"},{"floor":27.0,"key":"SkillPotion"},{"floor":31.0,"key":"PowerPotion"},{"floor":33.0,"key":"Weak Potion"},{"floor":35.0,"key":"Regen Potion"},{"floor":36.0,"key":"FocusPotion"},{"floor":38.0,"key":"PotionOfCapacity"},{"floor":45,"key":"Regen Potion"}],"is_trial":false,"path_per_floor":["M","M","M","?","M","E","E","R","T","R","E","E","M","E","R","B",null,"M","?","M","?","?","E","?","$","T","E","R","?","M","M","R","B",null,"M","M","?","M","$","R","?","R","T","M","E","?","M","$","R","B",null,"R","$","E"],"character_chosen":"DEFECT","items_purchased":["Chemical X","War Paint","Fire Potion","Reboot","Gash","DollysMirror","FocusPotion"],"campfire_rested":4,"item_purchase_floors":[25,25,25,25,25,53,53],"current_hp_per_floor":[65,59,57,57,56,34,8,28,28,48,21,10,7,4,25,25,73,69,69,58,58,58,38,38,38,38,36,36,36,48,48,69,51,73,53,53,45,45,45,45,45,45,45,44,46,46,46,46,46,21,69,69,69,0,0],"gold":132,"neow_bonus":"ONE_RARE_RELIC","is_daily":false,"chose_seed":false,"campfire_upgraded":4,"win_rate":0.0,"timestamp":1612129940,"path_taken":["M","M","M","?","?","E","E","R","T","R","E","E","M","E","R","BOSS","M","?","?","?","?","E","?","$","T","E","R","?","M","M","R","BOSS","M","M","?","M","$","R","?","R","T","M","E","?","?","$","R","BOSS","R","$","E"],"items_purchased_type":["Relic","Relic","Potion","Card","Card","Relic","Potion"],"build_version":"2020-12-22","purchased_purges":4,"victory":false,"max_hp_per_floor":[68,68,68,68,68,68,68,68,68,68,68,68,68,73,73,73,73,73,73,73,73,73,73,73,73,73,73,73,73,73,73,73,73,73,73,73,73,73,73,73,69,69,69,69,69,69,69,69,69,69,69,69,69,69,69],"relic_stats":{"counters":[27,155],"StoneCalendar":[114],"Bag of Preparation":[26],"War Paint":["White Noise","Tempest"],"Mercury Hourglass":[403],"WarpedTongs":[95],"Lizard Tail":34,"Ornamental Fan":[44],"Chemical X":[13],"obtain_stats":[{"Ice Cream":6,"StoneCalendar":37,"Incense Burner":7,"Bag of Preparation":23,"War Paint":25,"Empty Cage":34,"White Beast Statue":9,"Mercury Hourglass":11,"WarpedTongs":22,"Lizard Tail":24,"HornCleat":45,"Ornamental Fan":12,"DollysMirror":53,"WingedGreaves":0,"Chemical X":25,"Cracked Core":0,"InkBottle":14,"TungstenRod":27,"Runic Pyramid":17,"Meat on the Bone":26},{"Ice Cream":5,"StoneCalendar":21,"Incense Burner":6,"Bag of Preparation":14,"War Paint":14,"Empty Cage":18,"White Beast Statue":6,"Mercury Hourglass":7,"WarpedTongs":13,"Lizard Tail":14,"HornCleat":24,"Ornamental Fan":8,"DollysMirror":26,"WingedGreaves":0,"Chemical X":14,"Cracked Core":0,"InkBottle":10,"TungstenRod":15,"Runic Pyramid":11,"Meat on the Bone":14},{"Ice Cream":18,"StoneCalendar":106,"Incense Burner":22,"Bag of Preparation":64,"War Paint":64,"Empty Cage":88,"White Beast Statue":22,"Mercury Hourglass":27,"WarpedTongs":59,"Lizard Tail":64,"HornCleat":129,"Ornamental Fan":31,"DollysMirror":149,"WingedGreaves":0,"Chemical X":64,"Cracked Core":0,"InkBottle":40,"TungstenRod":68,"Runic Pyramid":47,"Meat on the Bone":64}],"InkBottle":[37],"TungstenRod":24,"Meat on the Bone":72},"card_choices":[{"not_picked":["Beam Cell","Turbo"],"picked":"Streamline","floor":1.0},{"not_picked":["Turbo","Steam Power"],"picked":"Chill","floor":2.0},{"not_picked":["Redo","Beam Cell"],"picked":"Leap","floor":3.0},{"not_picked":["Hologram","Meteor Strike"],"picked":"White Noise","floor":5.0},{"not_picked":["Barrage","Darkness"],"picked":"Cold Snap","floor":6.0},{"not_picked":["Heatsinks","BootSequence"],"picked":"Tempest","floor":7.0},{"not_picked":["Gash","Rebound"],"picked":"Compile Driver","floor":11.0},{"not_picked":["Hologram","Recycle"],"picked":"Undo","floor":12.0},{"not_picked":["Rebound","Go for the Eyes","Darkness"],"picked":"SKIP","floor":13.0},{"not_picked":["Steam","Scrape","Compile Driver"],"picked":"SKIP","floor":14.0},{"not_picked":["Thunder Strike","Reboot"],"picked":"Buffer","floor":16.0},{"not_picked":["Heatsinks","Auto Shields"],"picked":"Conserve Battery","floor":18.0},{"not_picked":["Turbo","Go for the Eyes"],"picked":"Loop","floor":20.0},{"not_picked":["Sunder","Stack","Buffer"],"picked":"SKIP","floor":23.0},{"not_picked":["Leap","Chaos"],"picked":"Chill","floor":27.0},{"not_picked":["Fusion","Steam+1"],"picked":"Coolheaded","floor":30.0},{"not_picked":["Loop","Consume+1"],"picked":"Electrodynamics","floor":31.0},{"not_picked":["Meteor Strike","Fission"],"picked":"Creative AI","floor":33.0},{"not_picked":["Redo","Barrage+1","Blizzard+1"],"picked":"SKIP","floor":35.0},{"not_picked":["Hologram+1","Stack"],"picked":"Ball Lightning","floor":36.0},{"not_picked":["Reprogram","Redo","Force Field"],"picked":"SKIP","floor":38.0},{"not_picked":["Hologram","Buffer"],"picked":"Loop+1","floor":44},{"not_picked":["Static Discharge+1","Hologram"],"picked":"White Noise","floor":45},{"not_picked":["Chaos+1","Cold Snap","FTL+1"],"picked":"SKIP","floor":47}],"player_experience":1267151,"relics_obtained":[{"floor":6.0,"key":"Ice Cream"},{"floor":7.0,"key":"Incense Burner"},{"floor":9.0,"key":"White Beast Statue"},{"floor":11.0,"key":"Mercury Hourglass"},{"floor":12.0,"key":"Ornamental Fan"},{"floor":14.0,"key":"InkBottle"},{"floor":23.0,"key":"Bag of Preparation"},{"floor":26.0,"key":"Meat on the Bone"},{"floor":27.0,"key":"TungstenRod"},{"floor":37.0,"key":"StoneCalendar"},{"floor":45,"key":"HornCleat"}],"event_choices":[{"damage_healed":0.0,"max_hp_gain":0.0,"max_hp_loss":0.0,"gold_gain":0.0,"event_name":"Upgrade Shrine","player_choice":"Upgraded","floor":4.0,"gold_loss":0.0,"damage_taken":0.0,"cards_upgraded":["Chill"]},{"damage_healed":0.0,"max_hp_gain":0.0,"max_hp_loss":0.0,"gold_gain":99.0,"event_name":"Nest","player_choice":"Stole From Cult","floor":19.0,"gold_loss":0.0,"damage_taken":0.0},{"damage_healed":0.0,"max_hp_gain":0.0,"max_hp_loss":0.0,"gold_gain":0.0,"event_name":"Back to Basics","player_choice":"Simplicity","floor":21.0,"gold_loss":0.0,"damage_taken":0.0,"cards_upgraded":["Strike_B","Strike_B","Strike_B","Strike_B","Defend_B","Defend_B","Defend_B","Defend_B"]},{"damage_healed":0.0,"max_hp_gain":0.0,"max_hp_loss":0.0,"gold_gain":0.0,"event_name":"Accursed Blacksmith","player_choice":"Rummage","floor":22.0,"gold_loss":0.0,"damage_taken":0.0,"relics_obtained":["WarpedTongs"],"cards_obtained":["Pain"]},{"damage_healed":0.0,"max_hp_gain":0.0,"max_hp_loss":0.0,"gold_gain":0.0,"event_name":"The Mausoleum","player_choice":"Opened","floor":24.0,"gold_loss":0.0,"damage_taken":0.0,"relics_obtained":["Lizard Tail"]},{"damage_healed":0.0,"max_hp_gain":0.0,"max_hp_loss":0.0,"gold_gain":0.0,"cards_transformed":["Strike_B","Defend_B"],"event_name":"Drug Dealer","player_choice":"Became Test Subject","floor":29.0,"gold_loss":0.0,"damage_taken":0.0,"cards_obtained":["Reprogram","Auto Shields"]},{"damage_healed":0.0,"max_hp_gain":0.0,"max_hp_loss":0.0,"gold_gain":0.0,"event_name":"MindBloom","player_choice":"Fight","floor":37.0,"gold_loss":0.0,"damage_taken":0.0},{"damage_healed":0.0,"max_hp_gain":0.0,"max_hp_loss":4.0,"gold_gain":0.0,"event_name":"Winding Halls","player_choice":"Max HP","floor":41.0,"gold_loss":0.0,"damage_taken":0.0},{"damage_healed":0,"gold_gain":275,"player_choice":"Desecrate","damage_taken":0,"max_hp_gain":0,"max_hp_loss":0,"event_name":"Golden Shrine","floor":46,"gold_loss":0,"cards_obtained":["Regret"]}],"is_beta":false,"boss_relics":[{"not_picked":["Busted Crown","Velvet Choker"],"picked":"Runic Pyramid"},{"not_picked":["Runic Dome","SacredBark"],"picked":"Empty Cage"}],"items_purged_floors":[25,39,48,53],"is_endless":false,"potions_floor_spawned":[5,7,11,12,13,14,16,18,20,23,27,30,31,33,35,36,37,38,44,45,47],"killed_by":"Shield and Spear","ascension_level":1}}