{"host":"facnppb4175fcpe2","time":1612086674,"event":{"mods":["AchievementEnabler","BaseMod","Colored Map","Colored Powertips","Highlight Path","Minty Spire (QoL Compilation)","Quick Restart","Rare Cards Sparkle","Relic Stats","StSLib","SuperFastMode"],"gold_per_floor":[218,231,243,254,274,299,299,326,326,339,27,41,72,85,85,182,182,196,196,196,216,216,216,229,264,264,303,315,327,372,395,407,515,527,554,245,205,221,240,265,265,297,297,347,372,372,401,401,401,401],"floor_reached":51,"language":"ZHS","playtime":1594,"items_purged":["Bash"],"score":1194,"play_id":"906e40f0-14dd-4067-9e6b-50cf1cca80a8","local_time":"20210131175114","is_ascension_mode":true,"campfire_choices":[{"data":"Double Tap","floor":7.0,"key":"SMITH"},{"data":"Limit Break","floor":15.0,"key":"SMITH"},{"data":"Inflame","floor":23.0,"key":"SMITH"},{"data":"Heavy Blade","floor":28.0,"key":"SMITH"},{"data":"Limit Break","floor":32.0,"key":"SMITH"},{"data":"Demon Form","floor":41.0,"key":"SMITH"},{"data":"1","floor":46,"key":"LIFT"},{"data":"2","floor":49,"key":"LIFT"}],"circlet_count":0,"master_deck":["Strike_R+1","Strike_R+1","Strike_R+1","Strike_R+1","Defend_R+1","Defend_R+1","Defend_R+1","Defend_R+1","Flex+1","Clash+1","Limit Break+1","Double Tap+1","Inflame+1","Heavy Blade+1","Limit Break+1","Demon Form+1"],"relics":["Burning Blood","Bronze Scales","Shuriken","Pear","Thread and Needle","Anchor","Black Star","Girya","Dream Catcher","MawBank","Ancient Tea Set","Gambling Chip","Nilry\u0027s Codex","Incense Burner","Ornamental Fan","Busted Crown","Strawberry","Pen Nib","Prayer Wheel","CaptainsWheel","Centennial Puzzle","Juzu Bracelet","Torii","HornCleat","Bag of Marbles","Singing Bowl","Molten Egg 2"],"acts_visited":["Exordium","TheCity","TheBeyond"],"potions_floor_usage":[45,45,50],"damage_taken":[{"damage":6.0,"enemies":"Cultist","floor":1.0,"turns":3.0},{"damage":4.0,"enemies":"2 Louse","floor":2.0,"turns":3.0},{"damage":7.0,"enemies":"Small Slimes","floor":3.0,"turns":5.0},{"damage":5.0,"enemies":"2 Fungi Beasts","floor":4.0,"turns":3.0},{"damage":12.0,"enemies":"3 Louse","floor":5.0,"turns":6.0},{"damage":51.0,"enemies":"Lagavulin","floor":6.0,"turns":7.0},{"damage":38.0,"enemies":"3 Sentries","floor":8.0,"turns":9.0},{"damage":5.0,"enemies":"Lots of Slimes","floor":10.0,"turns":4.0},{"damage":7.0,"enemies":"Looter","floor":12.0,"turns":3.0},{"damage":22.0,"enemies":"Gremlin Nob","floor":13.0,"turns":4.0},{"damage":0.0,"enemies":"Blue Slaver","floor":14.0,"turns":4.0},{"damage":6.0,"enemies":"Hexaghost","floor":16.0,"turns":7.0},{"damage":0.0,"enemies":"3 Byrds","floor":18.0,"turns":3.0},{"damage":6.0,"enemies":"Spheric Guardian","floor":21.0,"turns":4.0},{"damage":30.0,"enemies":"Snake Plant","floor":24.0,"turns":4.0},{"damage":23.0,"enemies":"Book of Stabbing","floor":25.0,"turns":4.0},{"damage":30.0,"enemies":"Gremlin Leader","floor":27.0,"turns":9.0},{"damage":17.0,"enemies":"Book of Stabbing","floor":30.0,"turns":3.0},{"damage":5.0,"enemies":"Centurion and Healer","floor":31.0,"turns":4.0},{"damage":27.0,"enemies":"Champ","floor":33.0,"turns":6.0},{"damage":13.0,"enemies":"3 Shapes","floor":35.0,"turns":5.0},{"damage":7.0,"enemies":"Orb Walker","floor":38.0,"turns":3.0},{"damage":0.0,"enemies":"Jaw Worm Horde","floor":39.0,"turns":4.0},{"damage":0.0,"enemies":"Reptomancer","floor":40.0,"turns":5.0},{"damage":38.0,"enemies":"Giant Head","floor":42.0,"turns":6.0},{"damage":48.0,"enemies":"Mind Bloom Boss Battle","floor":44.0,"turns":12.0},{"damage":41,"enemies":"Nemesis","floor":45,"turns":3},{"damage":0,"enemies":"Giant Head","floor":47,"turns":4},{"damage":1,"enemies":"Donu and Deca","floor":50,"turns":5}],"seed_played":"-9203866091984064992","potions_obtained":[{"floor":1.0,"key":"FearPotion"},{"floor":3.0,"key":"EntropicBrew"},{"floor":6.0,"key":"SkillPotion"},{"floor":10.0,"key":"Regen Potion"},{"floor":13.0,"key":"Swift Potion"},{"floor":14.0,"key":"EssenceOfSteel"},{"floor":18.0,"key":"BloodPotion"},{"floor":27.0,"key":"CultistPotion"},{"floor":30.0,"key":"Regen Potion"},{"floor":33.0,"key":"AttackPotion"},{"floor":40.0,"key":"Strength Potion"},{"floor":42.0,"key":"FairyPotion"},{"floor":45,"key":"PowerPotion"}],"is_trial":false,"path_per_floor":["M","M","M","M","M","E","R","E","T","M","$","M","E","M","R","B",null,"M","?","?","M","?","R","M","E","T","E","R","?","E","M","R","B",null,"M","$","?","M","M","E","R","E","T","?","E","R","E","?","R","B",null],"character_chosen":"IRONCLAD","items_purchased":["Thread and Needle","Strawberry","CultistPotion"],"campfire_rested":0,"item_purchase_floors":[11,36,36],"current_hp_per_floor":[80,80,79,80,74,29,29,30,40,41,41,40,24,30,30,30,90,90,90,90,90,90,90,66,49,49,25,25,9,16,17,17,11,90,83,90,90,89,95,97,97,70,70,28,35,35,43,43,43,48],"gold":401,"neow_bonus":"HUNDRED_GOLD","is_daily":false,"chose_seed":false,"campfire_upgraded":6,"win_rate":0.0,"timestamp":1612086674,"path_taken":["M","M","M","M","M","E","R","E","T","M","$","M","E","M","R","BOSS","M","?","?","M","?","R","M","E","T","E","R","?","E","M","R","BOSS","M","$","?","M","M","E","R","E","T","?","E","R","E","?","R","BOSS"],"items_purchased_type":["Relic","Relic","Potion"],"build_version":"2020-12-22","purchased_purges":1,"victory":true,"max_hp_per_floor":[80,80,80,80,80,80,80,80,90,90,90,90,90,90,90,90,90,90,90,90,90,90,90,90,90,90,90,90,90,90,90,90,90,90,90,97,97,97,97,97,97,97,97,97,97,97,99,99,99,99],"relic_stats":{"Torii":3,"Singing Bowl":2,"counters":[29,142],"Pen Nib":[2],"Juzu Bracelet":1,"MawBank":120,"Burning Blood":162,"Dream Catcher":0,"Centennial Puzzle":[9],"Busted Crown":16,"Shuriken":[13],"Ornamental Fan":[20],"Bronze Scales":[351],"Gambling Chip":[34],"Prayer Wheel":0,"Black Star":7,"obtain_stats":[{"Torii":44,"Singing Bowl":47,"Nilry\u0027s Codex":29,"Incense Burner":30,"Juzu Bracelet":43,"Ancient Tea Set":27,"Burning Blood":0,"Dream Catcher":25,"Centennial Puzzle":42,"HornCleat":45,"Gambling Chip":27,"Strawberry":36,"Prayer Wheel":40,"Girya":25,"Pear":9,"Thread and Needle":11,"Pen Nib":40,"MawBank":26,"Anchor":13,"CaptainsWheel":42,"Busted Crown":34,"Shuriken":8,"Ornamental Fan":30,"Bronze Scales":6,"Molten Egg 2":47,"Black Star":17,"Bag of Marbles":45},{"Torii":26,"Singing Bowl":28,"Nilry\u0027s Codex":17,"Incense Burner":18,"Juzu Bracelet":25,"Ancient Tea Set":17,"Burning Blood":0,"Dream Catcher":16,"Centennial Puzzle":25,"HornCleat":27,"Gambling Chip":17,"Strawberry":21,"Prayer Wheel":24,"Girya":16,"Pear":7,"Thread and Needle":8,"Pen Nib":24,"MawBank":16,"Anchor":10,"CaptainsWheel":25,"Busted Crown":20,"Shuriken":7,"Ornamental Fan":18,"Bronze Scales":6,"Molten Egg 2":28,"Black Star":12,"Bag of Marbles":27},{"Torii":130,"Singing Bowl":137,"Nilry\u0027s Codex":82,"Incense Burner":85,"Juzu Bracelet":118,"Ancient Tea Set":82,"Burning Blood":0,"Dream Catcher":73,"Centennial Puzzle":118,"HornCleat":133,"Gambling Chip":82,"Strawberry":100,"Prayer Wheel":112,"Girya":73,"Pear":36,"Thread and Needle":40,"Pen Nib":112,"MawBank":73,"Anchor":47,"CaptainsWheel":118,"Busted Crown":95,"Shuriken":36,"Ornamental Fan":85,"Bronze Scales":27,"Molten Egg 2":137,"Black Star":58,"Bag of Marbles":133}]},"card_choices":[{"not_picked":["Bloodletting","Anger"],"picked":"Flex","floor":1.0},{"not_picked":["Intimidate","Thunderclap"],"picked":"Clash","floor":2.0},{"not_picked":["Headbutt","Wild Strike","Bloodletting"],"picked":"SKIP","floor":3.0},{"not_picked":["Shockwave","True Grit","Havoc"],"picked":"SKIP","floor":4.0},{"not_picked":["Searing Blow","Whirlwind"],"picked":"Limit Break","floor":5.0},{"not_picked":["Pommel Strike","Anger"],"picked":"Double Tap","floor":6.0},{"not_picked":["True Grit","Dropkick","Feel No Pain"],"picked":"SKIP","floor":8.0},{"not_picked":["Perfected Strike","Thunderclap","Sword Boomerang"],"picked":"SKIP","floor":10.0},{"not_picked":["Pommel Strike","Warcry","Sword Boomerang"],"picked":"SKIP","floor":12.0},{"not_picked":["Heavy Blade","Seeing Red"],"picked":"Inflame","floor":13.0},{"not_picked":["Pommel Strike","Flex","Flame Barrier"],"picked":"SKIP","floor":14.0},{"not_picked":["Evolve","Wild Strike","Entrench"],"picked":"SKIP","floor":18.0},{"not_picked":["Rampage","Anger","Ghostly Armor"],"picked":"SKIP","floor":21.0},{"not_picked":["Body Slam","Flame Barrier","Combust"],"picked":"SKIP","floor":24.0},{"not_picked":["Spot Weakness+1","Clash","Double Tap"],"picked":"SKIP","floor":25.0},{"not_picked":["Clothesline","Iron Wave","Entrench"],"picked":"SKIP","floor":27.0},{"not_picked":["Body Slam","Pommel Strike","Flame Barrier"],"picked":"SKIP","floor":30.0},{"not_picked":["Shockwave","Body Slam"],"picked":"Limit Break","floor":31.0},{"not_picked":["Juggernaut","Barricade"],"picked":"Demon Form","floor":33.0},{"not_picked":["Iron Wave"],"picked":"SKIP","floor":35.0},{"not_picked":["Feel No Pain"],"picked":"SKIP","floor":38.0},{"not_picked":["Armaments"],"picked":"SKIP","floor":39.0},{"not_picked":["Iron Wave"],"picked":"SKIP","floor":40.0},{"not_picked":["Combust"],"picked":"SKIP","floor":42.0},{"not_picked":["Entrench+1"],"picked":"SKIP","floor":45},{"not_picked":["Juggernaut"],"picked":"Singing Bowl","floor":47}],"player_experience":93673,"relics_obtained":[{"floor":6.0,"key":"Bronze Scales"},{"floor":8.0,"key":"Shuriken"},{"floor":9.0,"key":"Pear"},{"floor":13.0,"key":"Anchor"},{"floor":25.0,"key":"Girya"},{"floor":25.0,"key":"Dream Catcher"},{"floor":26.0,"key":"MawBank"},{"floor":27.0,"key":"Ancient Tea Set"},{"floor":27.0,"key":"Gambling Chip"},{"floor":29.0,"key":"Nilry\u0027s Codex"},{"floor":30.0,"key":"Incense Burner"},{"floor":30.0,"key":"Ornamental Fan"},{"floor":40.0,"key":"Pen Nib"},{"floor":40.0,"key":"Prayer Wheel"},{"floor":42.0,"key":"CaptainsWheel"},{"floor":42.0,"key":"Centennial Puzzle"},{"floor":43.0,"key":"Juzu Bracelet"},{"floor":44.0,"key":"Torii"},{"floor":45,"key":"HornCleat"},{"floor":45,"key":"Bag of Marbles"},{"floor":47,"key":"Singing Bowl"},{"floor":47,"key":"Molten Egg 2"}],"event_choices":[{"damage_healed":0.0,"max_hp_gain":0.0,"max_hp_loss":0.0,"gold_gain":0.0,"event_name":"The Library","player_choice":"Read","floor":19.0,"gold_loss":0.0,"damage_taken":0.0,"cards_obtained":["Heavy Blade"]},{"damage_healed":0.0,"max_hp_gain":0.0,"max_hp_loss":0.0,"gold_gain":0.0,"event_name":"Back to Basics","player_choice":"Simplicity","floor":20.0,"gold_loss":0.0,"damage_taken":0.0,"cards_upgraded":["Strike_R","Strike_R","Strike_R","Strike_R","Strike_R","Defend_R","Defend_R","Defend_R","Defend_R"]},{"damage_healed":0.0,"max_hp_gain":0.0,"max_hp_loss":0.0,"gold_gain":0.0,"event_name":"Vampires","player_choice":"Ignored","floor":22.0,"gold_loss":0.0,"damage_taken":0.0},{"damage_healed":0.0,"max_hp_gain":0.0,"max_hp_loss":0.0,"gold_gain":0.0,"event_name":"Cursed Tome","player_choice":"Obtained Book","floor":29.0,"gold_loss":0.0,"damage_taken":16.0},{"damage_healed":0.0,"max_hp_gain":0.0,"max_hp_loss":0.0,"gold_gain":0.0,"event_name":"Designer","player_choice":"Upgraded Two","floor":37.0,"gold_loss":40.0,"damage_taken":0.0,"cards_upgraded":["Clash","Flex"]},{"damage_healed":0.0,"max_hp_gain":0.0,"max_hp_loss":0.0,"gold_gain":0.0,"event_name":"MindBloom","player_choice":"Fight","floor":44.0,"gold_loss":0.0,"damage_taken":0.0},{"cards_removed":["Strike_R"],"damage_healed":0,"gold_gain":0,"player_choice":"Removed Attack","damage_taken":0,"max_hp_gain":0,"max_hp_loss":0,"event_name":"Falling","floor":48,"gold_loss":0}],"is_beta":false,"boss_relics":[{"not_picked":["Calling Bell","Tiny House"],"picked":"Black Star"},{"not_picked":["Coffee Dripper","Cursed Key"],"picked":"Busted Crown"}],"items_purged_floors":[36],"is_endless":false,"potions_floor_spawned":[1,3,6,10,13,14,18,27,30,33,40,42,45],"ascension_level":4}}