{"host":"i4d8tgqbnmcnjm0a","time":1612064241,"event":{"mods":["BaseMod","Keyboard Shortcuts","Minty Spire (QoL Compilation)"],"gold_per_floor":[20,20,40,56,66,94,114,133,159,159,173,204,204,228,228,347,347,365,57,80,100,100,134,148,173,198,198,239,264,298,332,332,460,460,478,231,245,57,82,113,113,156,156,156,180,198,222,245,245,245,245,245,42,76,76],"floor_reached":56,"language":"ENG","playtime":5408,"items_purged":["Pain","Strike_R+1"],"score":1413,"play_id":"af33476d-5f83-418f-a4da-36da2ecf4c9a","local_time":"20210130223721","is_ascension_mode":true,"campfire_choices":[{"floor":10,"key":"REST"},{"floor":15,"key":"REST"},{"floor":27,"key":"RECALL"},{"data":"Barricade","floor":32,"key":"SMITH"},{"floor":41,"key":"REST"},{"floor":44,"key":"REST"},{"data":"Mayhem","floor":49,"key":"SMITH"},{"data":"Uppercut","floor":52,"key":"SMITH"}],"circlet_count":0,"master_deck":["Strike_R+1","Strike_R+1","Defend_R+1","Defend_R+1","Defend_R+1","Bash","Metallicize","Battle Trance","Metallicize","Body Slam","Infernal Blade","Immolate","Flame Barrier","Uppercut+1","Ghostly Armor","Double Tap","Dropkick","Metallicize","Spot Weakness+1","Thunderclap","Barricade+1","Body Slam","Thunderclap","Body Slam+1","Double Tap","Rampage+1","Mayhem+1","Body Slam+1","Feed+1","Entrench+1","Battle Trance","Shrug It Off+1","Shrug It Off+1","Entrench+1"],"relics":["Burning Blood","WarpedTongs","Lantern","Bottled Flame","Golden Idol","SlaversCollar","Bag of Marbles","Vajra","Bag of Preparation","Ancient Tea Set","Red Mask","Molten Egg 2","Empty Cage","Anchor","Mercury Hourglass","Omamori","Ornamental Fan","DollysMirror","Orichalcum"],"acts_visited":["Exordium","TheCity","TheBeyond","TheEnding"],"potions_floor_usage":[12,16,16,18,25,27,39,39,39,46,55],"damage_taken":[{"damage":9,"enemies":"2 Louse","floor":1,"turns":4},{"damage":5,"enemies":"Cultist","floor":3,"turns":4},{"damage":9,"enemies":"Small Slimes","floor":4,"turns":4},{"damage":24,"enemies":"3 Louse","floor":5,"turns":5},{"damage":21,"enemies":"3 Sentries","floor":6,"turns":11},{"damage":19,"enemies":"Lots of Slimes","floor":7,"turns":5},{"damage":3,"enemies":"Exordium Wildlife","floor":8,"turns":3},{"damage":0,"enemies":"3 Louse","floor":11,"turns":1},{"damage":11,"enemies":"Gremlin Nob","floor":12,"turns":4},{"damage":1,"enemies":"Looter","floor":14,"turns":2},{"damage":33,"enemies":"Slime Boss","floor":16,"turns":9},{"damage":13,"enemies":"2 Thieves","floor":18,"turns":3},{"damage":9,"enemies":"Chosen","floor":20,"turns":5},{"damage":8,"enemies":"Snecko","floor":21,"turns":4},{"damage":16,"enemies":"Slavers","floor":23,"turns":4},{"damage":0,"enemies":"Snake Plant","floor":24,"turns":1},{"damage":28,"enemies":"Shelled Parasite and Fungi","floor":25,"turns":3},{"damage":4,"enemies":"Book of Stabbing","floor":28,"turns":4},{"damage":3,"enemies":"Snecko","floor":29,"turns":4},{"damage":0,"enemies":"Masked Bandits","floor":30,"turns":1},{"damage":0,"enemies":"Slavers","floor":31,"turns":1},{"damage":29,"enemies":"Champ","floor":33,"turns":9},{"damage":23,"enemies":"Orb Walker","floor":35,"turns":4},{"damage":0,"enemies":"3 Shapes","floor":37,"turns":1},{"damage":72,"enemies":"Transient","floor":39,"turns":5},{"damage":16,"enemies":"Giant Head","floor":40,"turns":6},{"damage":3,"enemies":"Reptomancer","floor":42,"turns":4},{"damage":0,"enemies":"4 Shapes","floor":45,"turns":1},{"damage":16,"enemies":"Writhing Mass","floor":46,"turns":4},{"damage":0,"enemies":"Jaw Worm Horde","floor":47,"turns":1},{"damage":0,"enemies":"3 Darklings","floor":48,"turns":1},{"damage":15,"enemies":"Awakened One","floor":50,"turns":10},{"damage":25,"enemies":"Shield and Spear","floor":54,"turns":6},{"damage":50,"enemies":"The Heart","floor":55,"turns":10}],"seed_played":"-5295845400311780181","potions_obtained":[{"floor":6,"key":"Energy Potion"},{"floor":7,"key":"ColorlessPotion"},{"floor":8,"key":"Strength Potion"},{"floor":12,"key":"AttackPotion"},{"floor":16,"key":"BloodPotion"},{"floor":20,"key":"Swift Potion"},{"floor":21,"key":"SpeedPotion"},{"floor":29,"key":"Block Potion"},{"floor":35,"key":"BloodPotion"},{"floor":40,"key":"Weak Potion"},{"floor":46,"key":"SmokeBomb"},{"floor":47,"key":"Fire Potion"}],"is_trial":false,"path_per_floor":["M","?","M","M","M","E","M","M","T","R","M","E","?","M","R","B",null,"M","$","M","M","?","E","M","M","T","R","E","M","?","E","R","B",null,"M","$","M","$","M","E","R","E","T","R","M","M","M","M","R","B",null,"R","$","E","B",null],"character_chosen":"IRONCLAD","items_purchased":["Bag of Marbles","Metallicize","Anchor","Mayhem","DollysMirror","Block Potion"],"campfire_rested":4,"item_purchase_floors":[19,19,36,38,53,53],"current_hp_per_floor":[77,77,78,75,57,42,29,32,32,56,62,57,37,42,66,39,80,73,73,70,68,68,58,64,42,42,58,60,63,69,75,75,52,80,63,63,69,69,19,9,33,36,36,60,66,56,62,68,68,59,80,80,80,61,21],"gold":76,"neow_bonus":"TRANSFORM_TWO_CARDS","is_daily":false,"chose_seed":false,"campfire_upgraded":3,"win_rate":0.0,"timestamp":1612064241,"path_taken":["M","?","M","M","?","E","M","M","T","R","M","E","?","M","R","BOSS","M","$","M","M","?","E","M","M","T","R","E","M","?","E","R","BOSS","M","$","M","$","M","E","R","E","T","R","M","M","M","M","R","BOSS","R","$","E","BOSS"],"items_purchased_type":["Relic","Card","Relic","Card","Relic","Potion"],"build_version":"2020-12-22","purchased_purges":2,"victory":true,"max_hp_per_floor":[80,80,80,80,80,80,80,80,80,80,80,80,80,80,80,80,80,80,80,80,80,80,80,80,80,80,80,80,80,80,80,80,80,80,80,80,80,80,80,80,80,80,80,80,80,80,80,80,80,80,80,80,80,80,84],"card_choices":[{"not_picked":["Body Slam","Perfected Strike"],"picked":"Battle Trance","floor":1},{"not_picked":["Sword Boomerang","Anger"],"picked":"Metallicize","floor":3},{"not_picked":["Shrug It Off","Ghostly Armor","Blood for Blood"],"picked":"SKIP","floor":4},{"not_picked":["Twin Strike","Headbutt"],"picked":"Body Slam","floor":5},{"not_picked":["Body Slam","Sever Soul"],"picked":"Infernal Blade","floor":6},{"not_picked":["Clothesline","Armaments"],"picked":"Immolate","floor":7},{"not_picked":["Burning Pact","Combust"],"picked":"Flame Barrier","floor":8},{"not_picked":["Wild Strike","Twin Strike"],"picked":"Uppercut","floor":11},{"not_picked":["Twin Strike","Flex"],"picked":"Ghostly Armor","floor":12},{"not_picked":["Warcry","Clash","Power Through"],"picked":"SKIP","floor":14},{"not_picked":["Corruption","Impervious"],"picked":"Double Tap","floor":16},{"not_picked":["Dark Embrace","Clash+1"],"picked":"Dropkick","floor":18},{"not_picked":["Pommel Strike+1","Flex"],"picked":"Spot Weakness+1","floor":20},{"not_picked":["Disarm","Flex","True Grit"],"picked":"SKIP","floor":21},{"not_picked":["Berserk","True Grit"],"picked":"Thunderclap","floor":23},{"not_picked":["Perfected Strike","Headbutt","Sword Boomerang+1"],"picked":"SKIP","floor":24},{"not_picked":["True Grit","Havoc+1","Iron Wave"],"picked":"SKIP","floor":25},{"not_picked":["Ghostly Armor","True Grit+1"],"picked":"Barricade","floor":28},{"not_picked":["Power Through+1","Blood for Blood"],"picked":"Body Slam","floor":29},{"not_picked":["Twin Strike+1","Sword Boomerang"],"picked":"Thunderclap","floor":30},{"not_picked":["Reaper+1","Seeing Red"],"picked":"Body Slam+1","floor":31},{"not_picked":["Barricade","Bludgeon+1"],"picked":"Double Tap","floor":33},{"not_picked":["Clash+1","Sword Boomerang+1"],"picked":"Rampage+1","floor":35},{"not_picked":["Second Wind","True Grit+1","Anger+1"],"picked":"SKIP","floor":37},{"not_picked":["Armaments","Clothesline+1"],"picked":"Body Slam+1","floor":39},{"not_picked":["Perfected Strike+1","Body Slam+1"],"picked":"Feed+1","floor":40},{"not_picked":["Whirlwind+1","Armaments+1","Wild Strike+1"],"picked":"SKIP","floor":42},{"not_picked":["Sword Boomerang+1","Ghostly Armor+1"],"picked":"Entrench+1","floor":45},{"not_picked":["Searing Blow+1","Perfected Strike+1"],"picked":"Battle Trance","floor":46},{"not_picked":["Feed+1","Seeing Red+1"],"picked":"Shrug It Off+1","floor":47},{"not_picked":["Armaments+1","Clothesline+1"],"picked":"Shrug It Off+1","floor":48},{"not_picked":["True Grit+1","Iron Wave+1","Thunderclap+1"],"picked":"SKIP","floor":54}],"player_experience":268254,"relics_obtained":[{"floor":6,"key":"Lantern"},{"floor":12,"key":"Bottled Flame"},{"floor":23,"key":"Vajra"},{"floor":26,"key":"Bag of Preparation"},{"floor":28,"key":"Ancient Tea Set"},{"floor":30,"key":"Red Mask"},{"floor":31,"key":"Molten Egg 2"},{"floor":40,"key":"Mercury Hourglass"},{"floor":42,"key":"Omamori"},{"floor":43,"key":"Ornamental Fan"},{"floor":54,"key":"Orichalcum"}],"event_choices":[{"damage_healed":0,"gold_gain":0,"player_choice":"Rummage","damage_taken":0,"relics_obtained":["WarpedTongs"],"max_hp_gain":0,"max_hp_loss":0,"event_name":"Accursed Blacksmith","floor":2,"gold_loss":0,"cards_obtained":["Pain"]},{"damage_healed":0,"gold_gain":0,"player_choice":"Take Damage","damage_taken":20,"relics_obtained":["Golden Idol"],"max_hp_gain":0,"max_hp_loss":0,"event_name":"Golden Idol","floor":13,"gold_loss":0},{"damage_healed":0,"gold_gain":0,"player_choice":"Simplicity","damage_taken":0,"max_hp_gain":0,"max_hp_loss":0,"event_name":"Back to Basics","floor":22,"gold_loss":0,"cards_upgraded":["Strike_R","Strike_R","Strike_R","Strike_R","Defend_R","Defend_R","Defend_R"]},{"damage_healed":0,"gold_gain":0,"player_choice":"Fought Bandits","damage_taken":0,"max_hp_gain":0,"max_hp_loss":0,"event_name":"Masked Bandits","floor":30,"gold_loss":0}],"is_beta":false,"boss_relics":[{"not_picked":["Tiny House","Philosopher\u0027s Stone"],"picked":"SlaversCollar"},{"not_picked":["Runic Dome","Velvet Choker"],"picked":"Empty Cage"}],"items_purged_floors":[19,36],"is_endless":false,"potions_floor_spawned":[6,7,8,12,14,16,20,21,24,29,35,37,40,46,47],"ascension_level":2}}