{"host":"dlqyscxstsnu98l1","time":1612079212,"event":{"mods":["AchievementEnabler","BaseMod","Bestiary","Colored Map","Colored Powertips","Conspire","Downfall","GifTheSpireLib","Highlight Path","Minty Spire (QoL Compilation)","Random Character Button","Replay The Spire","SacredBarkPlus","StSLib","everything is the same but u backflip on backflip"],"gold_per_floor":[112,129,143,143,33,66,78,78,78,93,168,195,212,212,212],"floor_reached":14,"language":"ENG","playtime":624,"items_purged":["Strike_R"],"score":112,"play_id":"bba056af-c8f7-4bb6-894d-26c355650119","local_time":"20210131014652","is_ascension_mode":true,"campfire_choices":[{"data":"Combust","floor":8,"key":"SMITH"}],"circlet_count":0,"master_deck":["Strike_R","Strike_R","Strike_R","Strike_R","Defend_R","Defend_R","Defend_R","Defend_R","Bash","Bludgeon+1","Combust+1","Headbutt","Combust","Disarm"],"relics":["Burning Blood","FossilizedHelix","Replay:PocketPolymizer"],"acts_visited":["Exordium"],"potions_floor_usage":[6,10,12,13],"damage_taken":[{"damage":7,"enemies":"Small Slimes","floor":1,"turns":3},{"damage":6,"enemies":"Cultist","floor":2,"turns":3},{"damage":4,"enemies":"conspire:RoseBush","floor":3,"turns":3},{"damage":27,"enemies":"Lagavulin","floor":6,"turns":6},{"damage":0,"enemies":"Blue Slaver","floor":7,"turns":2},{"damage":16,"enemies":"Exordium Thugs","floor":10,"turns":4},{"damage":27,"enemies":"Gremlin Nob","floor":12,"turns":5},{"damage":7,"enemies":"2 Fungi Beasts","floor":13,"turns":3},{"damage":15,"enemies":"3 Sentries","floor":14,"turns":4}],"seed_played":"6301276303229151671","potions_obtained":[{"floor":2,"key":"PowerPotion"},{"floor":6,"key":"EssenceOfSteel"},{"floor":10,"key":"BlessingOfTheForge"},{"floor":12,"key":"DistilledChaos"}],"is_trial":false,"path_per_floor":["M","M","M","?","$","E","M","R","T","M","?","E","M","E"],"character_chosen":"IRONCLAD","items_purchased":["Combust"],"campfire_rested":0,"item_purchase_floors":[5],"current_hp_per_floor":[71,71,72,72,72,51,57,57,57,47,36,15,14,0,0],"gold":212,"neow_bonus":"THREE_RARE_CARDS","is_daily":false,"chose_seed":false,"campfire_upgraded":1,"win_rate":0.0,"timestamp":1612079212,"path_taken":["M","M","M","?","$","E","M","R","T","?","?","E","M","E"],"items_purchased_type":["Card"],"build_version":"2020-12-22","purchased_purges":1,"victory":false,"max_hp_per_floor":[72,72,72,72,72,72,72,72,72,72,72,72,72,72,72],"card_choices":[{"not_picked":["Hemogenesis","Brutality"],"picked":"Bludgeon","floor":0},{"not_picked":["Flex","Rupture"],"picked":"Combust","floor":1},{"not_picked":["Wild Strike","Burning Pact"],"picked":"Headbutt","floor":2},{"not_picked":["conspire:ExplosiveBarrier","Warcry","Perfected Strike"],"picked":"SKIP","floor":3},{"not_picked":["Body Slam","Battle Trance"],"picked":"Disarm","floor":6},{"not_picked":["Run Through","Replay:Undeath\u0027s Touch","Life Link"],"picked":"SKIP","floor":7},{"not_picked":["Defy Death","Headbutt","Bloodletting"],"picked":"SKIP","floor":10},{"not_picked":["Sword Boomerang","Feel No Pain","Rampage"],"picked":"SKIP","floor":12},{"not_picked":["Anger","Sword Boomerang","Replay:Undeath\u0027s Touch"],"picked":"SKIP","floor":13}],"player_experience":133037,"relics_obtained":[{"floor":6,"key":"FossilizedHelix"},{"floor":12,"key":"Replay:PocketPolymizer"}],"event_choices":[{"damage_healed":0,"gold_gain":0,"player_choice":"Upgraded","damage_taken":0,"max_hp_gain":0,"max_hp_loss":0,"event_name":"Upgrade Shrine","floor":4,"gold_loss":0,"cards_upgraded":["Bludgeon"]},{"damage_healed":0,"gold_gain":75,"player_choice":"Gather Gold","damage_taken":11,"max_hp_gain":0,"max_hp_loss":0,"event_name":"World of Goop","floor":11,"gold_loss":0}],"is_beta":false,"boss_relics":[],"items_purged_floors":[5],"is_endless":false,"potions_floor_spawned":[2,6,10,12],"killed_by":"3 Sentries","ascension_level":2}}