{"host":"xj2wyr3bqqv4irjd","time":1612130189,"event":{"mods":["Act Like it!","Aspiration","BaseMod","Koishi","Lobotomy","LobotomyExtend","Marisa£®ÏF”Í°°ƒß¿Ì…≥£©","Minty Spire (QoL Compilation)","Quick Restart","Rare Cards Sparkle","Reimu£®≤©¿ˆ¡È√Œ£©","Remilia£®¿Ÿ√◊¿Ú—«£©","Replay The Spire","SIMod","StSLib","The Alterego","Waifu the Spire","WarShipGirlsR/’ΩΩ¢…Ÿ≈ÆR mod","Yakumo Yukari mod","Youmu£®ªÍ∆«—˝√Œ£©"],"gold_per_floor":[132,150,163,88,101,128,226,256,306,336,349,449,449,462,462,559,559,578,597,187,107,121,148,164,164,164,164,177,177,190,215,215,318,318,334,385,260,260,275,309,309,335,335,335,354,354,385,397,397,397,397,397,54,88,88],"floor_reached":56,"language":"ZHS","playtime":2869,"items_purged":["AT_purpleEX","AT_purpleEX","Defend_purpleEX","AT_purpleEX"],"score":2056,"play_id":"a3ea3ce2-2af3-4764-a0c0-a03f6063b881","local_time":"20210201055629","is_ascension_mode":true,"campfire_choices":[{"data":"Monsters_DoubleDeathButterfly_purple","floor":13.0,"key":"SMITH"},{"data":"DimensionStaggered_purple","floor":15.0,"key":"SMITH"},{"data":"CommonSense_AntiCommonSense_purple","floor":25.0,"key":"SMITH"},{"data":"RuleDissolution_purple","floor":29.0,"key":"SMITH"},{"floor":41.0,"key":"RECALL"},{"data":"WasteWire_Metro_purple","floor":46.0,"key":"SMITH"},{"data":"Boundary_LifeAndDeath_purple","floor":49.0,"key":"SMITH"},{"data":"Mirror_FourBoundary_purple","floor":52,"key":"SMITH"}],"circlet_count":0,"master_deck":["AT_purpleEX","Defend_purpleEX","Defend_purpleEX","Observe_purple_1","Observe_purple_2","WeekHit_purple","Nest_LightFlightworm_purple","DimensionStaggered_purple+1","RuleDissolution_purple+1","Umbrella_purple","Monsters_DoubleDeathButterfly_purple+1","WorldDissolvedintheRealm_purple","Boundary_LifeAndDeath_purple+1","Mirror_FourBoundary_purple+1","CommonSense_AntiCommonSense_purple+1","Fancifulhole_purple","ContainerChange_purple","RuptureOfTimeAndSpace_purple","OmniscientAndOmnipotent_Monster_purple+1","WasteWire_Metro_purple+1","Fantasy_PerpetualMotionMachine_purple+1","Boundary_LightAndDark_purple","WingOfChimera_purple"],"relics":["Boundary_crack","Memoryfragments_purpleEX","LetterFromLob","Tea:ReiMu","aspiration:ChemicalBlood","Kunai","Vajra","Happy Flower","Philosopher\u0027s Stone","Torii","ThegodofHakurei_purpleEX","Snack Pack","Omamori","alterego_mod:SomeoneToFightFor","Runic Dome","CaptainsWheel","CrazyTorch:ReiMu","Iron Hammer","Darkstone Periapt","Chemical X","aspiration:Lifesprig"],"acts_visited":["Exordium","TheCity","TheBeyond","TheEnding"],"potions_floor_usage":[55],"damage_taken":[{"damage":3.0,"enemies":"Cultist","floor":1.0,"turns":4.0},{"damage":2.0,"enemies":"Jaw Worm","floor":2.0,"turns":3.0},{"damage":0.0,"enemies":"Small Slimes","floor":3.0,"turns":3.0},{"damage":5.0,"enemies":"Blue Slaver","floor":5.0,"turns":3.0},{"damage":18.0,"enemies":"Lagavulin","floor":6.0,"turns":5.0},{"damage":13.0,"enemies":"Gremlin Nob","floor":8.0,"turns":5.0},{"damage":8.0,"enemies":"3 Sentries","floor":10.0,"turns":8.0},{"damage":0.0,"enemies":"Gremlin Gang","floor":11.0,"turns":4.0},{"damage":1.0,"enemies":"Looter","floor":14.0,"turns":2.0},{"damage":0.0,"enemies":"Slime Boss","floor":16.0,"turns":5.0},{"damage":2.0,"enemies":"Spheric Guardian","floor":18.0,"turns":3.0},{"damage":7.0,"enemies":"2 Thieves","floor":19.0,"turns":4.0},{"damage":0.0,"enemies":"Snake Plant","floor":22.0,"turns":3.0},{"damage":44.0,"enemies":"Book of Stabbing","floor":23.0,"turns":5.0},{"damage":0.0,"enemies":"Cultist and Chosen","floor":24.0,"turns":4.0},{"damage":0.0,"enemies":"Snecko","floor":28.0,"turns":3.0},{"damage":9.0,"enemies":"Centurion and Healer","floor":30.0,"turns":3.0},{"damage":17.0,"enemies":"Slavers","floor":31.0,"turns":3.0},{"damage":3.0,"enemies":"Champ","floor":33.0,"turns":4.0},{"damage":0.0,"enemies":"Orb Walker","floor":35.0,"turns":2.0},{"damage":14.0,"enemies":"2 Orb Walkers","floor":36.0,"turns":4.0},{"damage":17.0,"enemies":"3 Darklings","floor":39.0,"turns":3.0},{"damage":24.0,"enemies":"Nemesis","floor":40.0,"turns":4.0},{"damage":20.0,"enemies":"4 Shapes","floor":45.0,"turns":2.0},{"damage":0.0,"enemies":"Giant Head","floor":47.0,"turns":3.0},{"damage":6.0,"enemies":"Jaw Worm Horde","floor":48.0,"turns":2.0},{"damage":3.0,"enemies":"Time Eater","floor":50.0,"turns":4.0},{"damage":2,"enemies":"Shield and Spear","floor":54,"turns":3},{"damage":18,"enemies":"The Heart","floor":55,"turns":5}],"seed_played":"4487670778861460587","potions_obtained":[{"floor":1.0,"key":"DistilledChaos"},{"floor":3.0,"key":"Swift Potion"},{"floor":8.0,"key":"ColorlessPotion"},{"floor":11.0,"key":"ZuzhouPotion:ReiMu"},{"floor":18.0,"key":"Toxic Potion"},{"floor":30.0,"key":"RealmPotion"},{"floor":31.0,"key":"ColorlessPotion"},{"floor":35.0,"key":"LiquidBronze"},{"floor":36.0,"key":"Languid Potion"},{"floor":39.0,"key":"SteroidPotion"},{"floor":40.0,"key":"ZuzhouPotion:ReiMu"},{"floor":45.0,"key":"SteroidPotion"},{"floor":45.0,"key":"SkillPotion"}],"is_trial":false,"path_per_floor":["M","M","M","$","M","E","?","E","T","E","M","?","R","M","R","B",null,"M","M","$","?","M","E","M","R","T","?","M","R","M","E","R","B",null,"M","?","$","?","M","E","R","T","T","?","M","R","E","M","R","B",null,"R","$","E","B",null],"character_chosen":"Youkari","items_purchased":["Torii","WingOfChimera_purple","Chemical X"],"campfire_rested":0,"item_purchase_floors":[20,53,53],"current_hp_per_floor":[68,66,66,66,61,47,28,17,17,13,18,18,18,22,22,26,64,67,65,65,65,70,48,58,58,58,58,69,69,72,65,65,77,77,77,77,77,77,71,59,59,59,59,59,60,60,77,77,77,77,77,77,77,77,77],"gold":88,"neow_bonus":"TEN_PERCENT_HP_BONUS","is_daily":false,"chose_seed":false,"campfire_upgraded":7,"win_rate":0.0,"timestamp":1612130189,"path_taken":["M","M","?","$","M","E","?","E","T","E","M","?","R","?","R","BOSS","M","M","$","?","M","E","M","R","T","?","M","R","M","E","R","BOSS","M","?","$","?","M","E","R","?","T","?","?","R","E","M","R","BOSS","R","$","E","BOSS"],"items_purchased_type":["Relic","Card","Relic"],"build_version":"2020-12-22","purchased_purges":4,"victory":true,"max_hp_per_floor":[77,77,77,77,77,77,77,77,77,77,77,77,77,77,77,77,77,77,77,77,77,77,77,77,77,77,77,77,77,77,77,77,77,77,77,77,77,77,77,77,77,77,77,77,77,77,77,77,77,77,77,77,77,77,77],"card_choices":[{"not_picked":["OmniscientAndOmnipotent_Monster_purple","MonsterNeedle_purple"],"picked":"WeekHit_purple","floor":1.0},{"not_picked":["SfantasyHide_purple","RuleDissolution_purple"],"picked":"Nest_LightFlightworm_purple","floor":2.0},{"not_picked":["MeetDecomposer_purple","Mirror_FourBoundary_purple","Realm_recovery_purpleEX"],"picked":"SKIP","floor":3.0},{"not_picked":["Realm_recovery_purpleEX","WangLiang_LineAndCurveDreams_purple"],"picked":"DimensionStaggered_purple","floor":5.0},{"not_picked":["Anti_communist_purple","Yakumo_Ran_purple","Mirror_FormAndEmptin_purple"],"picked":"SKIP","floor":6.0},{"not_picked":["Charmbait_purple","Nest_LightFlightworm_purple"],"picked":"RuleDissolution_purple","floor":7.0},{"not_picked":["Nest_LightFlightworm_purple","RealityDreamConfluencek_purple","Shallow_ocean_purpleEX"],"picked":"SKIP","floor":8.0},{"not_picked":["StateErode_purple","Mirror_FormAndEmptin_purple"],"picked":"Umbrella_purple","floor":10.0},{"not_picked":["RuleDissolution_purple","OmniscientAndOmnipotent_Monster_purple"],"picked":"Monsters_DoubleDeathButterfly_purple","floor":11.0},{"not_picked":["DimensionStaggered_purple","Mirror_FormAndEmptin_purple"],"picked":"WorldDissolvedintheRealm_purple","floor":14.0},{"not_picked":["Mirror_TwoAndThreeElementRealm_purple","WangLiang_OokamiKakushi_purple"],"picked":"Boundary_LifeAndDeath_purple","floor":16.0},{"not_picked":["RuleDissolution_purple","DimensionStaggered_purple"],"picked":"Mirror_FourBoundary_purple","floor":18.0},{"not_picked":["WingOfChimera_purple","Photoelasticity_Doppler_Effect_purple","Shallow_ocean_purpleEX+1"],"picked":"SKIP","floor":19.0},{"not_picked":[],"picked":"CommonSense_AntiCommonSense_purple","floor":21.0},{"not_picked":[],"picked":"Fancifulhole_purple","floor":21.0},{"not_picked":["Charmbait_purple+1","Photoelasticity_Doppler_Effect_purple"],"picked":"ContainerChange_purple","floor":22.0},{"not_picked":["Worldmountain_purple","Line_surface_state_purple"],"picked":"RuptureOfTimeAndSpace_purple","floor":23.0},{"not_picked":["SfantasyHide_purple","StateDuplicate_purple","ExistenceContinue_purple+1"],"picked":"SKIP","floor":24.0},{"not_picked":["SharpContractionReality_purple","ExistenceContinue_purple+1","Nest_LightFlightworm_purple"],"picked":"SKIP","floor":28.0},{"not_picked":["MeetDecomposer_purple+1","Realm_recovery_purpleEX"],"picked":"OmniscientAndOmnipotent_Monster_purple","floor":30.0},{"not_picked":["RuleDissolution_purple","Computing_the_future_purpleEX","RealityDreamConfluencek_purple+1"],"picked":"SKIP","floor":31.0},{"not_picked":["RuleDissolution_purple","Computing_the_future_purpleEX","RealityDreamConfluencek_purple+1"],"picked":"SKIP","floor":31.0},{"not_picked":["Human_Monster_Realm_purple","Know_ledgeAbilityRealm_purple"],"picked":"WasteWire_Metro_purple","floor":33.0},{"not_picked":["OmniscientAndOmnipotent_Monster_purple","Charmbait_purple","StretchesForeverDream_purple"],"picked":"SKIP","floor":35.0},{"not_picked":["DimensionStaggered_purple+1","RuleDissolution_purple+1","Realm_recovery_purpleEX"],"picked":"SKIP","floor":39.0},{"not_picked":["SfantasyHide_purple","RuleDissolution_purple","Charmbait_purple+1"],"picked":"SKIP","floor":40.0},{"not_picked":["SfantasyHide_purple+1","Umbrella_purple"],"picked":"Fantasy_PerpetualMotionMachine_purple+1","floor":45.0},{"not_picked":["StretchesForeverDream_purple","RealityDreamConfluencek_purple+1","OmniscientAndOmnipotent_Monster_purple+1"],"picked":"SKIP","floor":47.0},{"not_picked":["Fantasy_PerpetualMotionMachine_purple+1","Charmbait_purple+1","Boundary_LightAndDark_purple"],"picked":"SKIP","floor":48.0},{"not_picked":["Fantasy_PerpetualMotionMachine_purple+1","Charmbait_purple+1"],"picked":"Boundary_LightAndDark_purple","floor":48.0},{"not_picked":["Mirror_FormAndEmptin_purple","Shallow_ocean_purpleEX","RuleDissolution_purple"],"picked":"SKIP","floor":54}],"player_experience":576101,"relics_obtained":[{"floor":1.0,"key":"LetterFromLob"},{"floor":6.0,"key":"Tea:ReiMu"},{"floor":7.0,"key":"aspiration:ChemicalBlood"},{"floor":8.0,"key":"Kunai"},{"floor":9.0,"key":"Vajra"},{"floor":10.0,"key":"Happy Flower"},{"floor":23.0,"key":"ThegodofHakurei_purpleEX"},{"floor":26.0,"key":"Snack Pack"},{"floor":31.0,"key":"Omamori"},{"floor":36.0,"key":"CaptainsWheel"},{"floor":40.0,"key":"CrazyTorch:ReiMu"},{"floor":43.0,"key":"Iron Hammer"},{"floor":47.0,"key":"Darkstone Periapt"},{"floor":54,"key":"aspiration:Lifesprig"}],"event_choices":[{"damage_healed":0.0,"max_hp_gain":0.0,"max_hp_loss":0.0,"gold_gain":100.0,"event_name":"Wheel of Change","player_choice":"Gold","floor":12.0,"gold_loss":0.0,"damage_taken":0.0},{"damage_healed":0.0,"max_hp_gain":0.0,"max_hp_loss":0.0,"gold_gain":0.0,"event_name":"Ghosts","player_choice":"Ignored","floor":27.0,"gold_loss":0.0,"damage_taken":0.0},{"damage_healed":0.0,"max_hp_gain":0.0,"max_hp_loss":0.0,"gold_gain":0.0,"event_name":"∞Æµƒ…Ò •ª®‘∞","player_choice":"Choice 2","floor":32.0,"gold_loss":0.0,"damage_taken":0.0,"relics_obtained":["alterego_mod:SomeoneToFightFor"]},{"damage_healed":0.0,"max_hp_gain":0.0,"max_hp_loss":0.0,"gold_gain":0.0,"event_name":"Mysterious Sphere","player_choice":"Fight","floor":36.0,"gold_loss":0.0,"damage_taken":0.0},{"cards_removed":["Defend_purpleEX"],"damage_healed":0.0,"max_hp_gain":0.0,"max_hp_loss":0.0,"gold_gain":0.0,"event_name":"Falling","player_choice":"Removed Skill","floor":38.0,"gold_loss":0.0,"damage_taken":0.0},{"damage_healed":0.0,"max_hp_gain":0.0,"max_hp_loss":0.0,"gold_gain":0.0,"event_name":"Accursed Blacksmith","player_choice":"Forge","floor":44.0,"gold_loss":0.0,"damage_taken":0.0,"cards_upgraded":["OmniscientAndOmnipotent_Monster_purple"]}],"is_beta":false,"boss_relics":[{"not_picked":["Sozu","Replay:Drink Me"],"picked":"Philosopher\u0027s Stone"},{"not_picked":["Snecko Heart","Painkiller Herb"],"picked":"Runic Dome"}],"items_purged_floors":[4,20,37,53],"is_endless":false,"potions_floor_spawned":[1,3,8,11,18,30,31,35,39,45,54],"ascension_level":9}}