{"host":"6xsbn6ynqlzwllfm","time":1612096985,"event":{"mods":["2.2 Compatiblity","BaseMod","Bestiary","Colored Map","Colored Powertips","Curses Come First","Highlight Path","Keyboard Shortcuts","Minty Spire (QoL Compilation)","Relic Stats","Slay the Relics Exporter","StSLib","SuperFastMode"],"gold_per_floor":[113,113,150,75,112,138,138,189,189,189,464,464,478,533,533,610,610,627,672,325,370,85,149,149,174,222,278,278,278,326,373,373,448,448,492,510,213,263,280,280,296,329,329,386,403,6,0,25,25,25,25],"floor_reached":50,"language":"ENG","playtime":1397,"items_purged":["Defend_P","Regret","Strike_P","Shame","Clumsy"],"score":1485,"play_id":"1e5429ad-a473-4e2a-9d48-2b31630da245","local_time":"20210131074305","is_ascension_mode":true,"campfire_choices":[{"data":"Tantrum","floor":7.0,"key":"SMITH"},{"data":"EmptyFist","floor":10.0,"key":"SMITH"},{"data":"CarveReality","floor":12.0,"key":"SMITH"},{"data":"Wish","floor":15.0,"key":"SMITH"},{"data":"Scrawl","floor":28,"key":"SMITH"},{"floor":32,"key":"REST"},{"data":"Prostrate","floor":40,"key":"SMITH"},{"floor":49,"key":"RECALL"}],"circlet_count":0,"master_deck":["AscendersBane","Strike_P","Strike_P","Defend_P","Defend_P","Defend_P+1","Eruption","Vigilance","EmptyFist+1","Wish+1","CarveReality+1","Consecrate","Tantrum+1","FlyingSleeves","Scrawl+1","Prostrate+1","Flash of Steel","Prostrate","Scrawl+1","Scrawl","Prostrate+1","Brilliance+1"],"relics":["PureWater","Centennial Puzzle","Darkstone Periapt","Tiny Chest","Gremlin Horn","Pen Nib","Cursed Key","Membership Card","Anchor","Shuriken","Sling","StrikeDummy","Akabeko","Smiling Mask","Orichalcum","Omamori","Calling Bell","Molten Egg 2","MealTicket","Shovel","Medical Kit","Damaru","War Paint","Oddly Smooth Stone","CloakClasp","Ginger","Mummified Hand","Red Mask","Du-Vu Doll"],"acts_visited":["Exordium","TheCity","TheBeyond"],"potions_floor_usage":[23,23,31,50,50],"damage_taken":[{"damage":2.0,"enemies":"Jaw Worm","floor":1.0,"turns":3.0},{"damage":1.0,"enemies":"Cultist","floor":3.0,"turns":4.0},{"damage":8.0,"enemies":"Small Slimes","floor":5.0,"turns":4.0},{"damage":8.0,"enemies":"Gremlin Nob","floor":6.0,"turns":3.0},{"damage":17.0,"enemies":"Lagavulin","floor":8.0,"turns":6.0},{"damage":8.0,"enemies":"Exordium Thugs","floor":13.0,"turns":3.0},{"damage":16.0,"enemies":"3 Sentries","floor":14.0,"turns":4.0},{"damage":0.0,"enemies":"Slime Boss","floor":16.0,"turns":3.0},{"damage":0.0,"enemies":"Spheric Guardian","floor":18.0,"turns":1.0},{"damage":0.0,"enemies":"Chosen","floor":19.0,"turns":3.0},{"damage":0.0,"enemies":"3 Cultists","floor":21.0,"turns":3.0},{"damage":0,"enemies":"Slavers","floor":23,"turns":3},{"damage":0,"enemies":"Book of Stabbing","floor":25,"turns":1},{"damage":0,"enemies":"Gremlin Leader","floor":27,"turns":3},{"damage":0,"enemies":"Snake Plant","floor":30,"turns":2},{"damage":39,"enemies":"Shelled Parasite and Fungi","floor":31,"turns":2},{"damage":22,"enemies":"Collector","floor":33,"turns":5},{"damage":1,"enemies":"3 Darklings","floor":35,"turns":3},{"damage":0,"enemies":"Orb Walker","floor":36,"turns":1},{"damage":44,"enemies":"Jaw Worm Horde","floor":38,"turns":3},{"damage":0,"enemies":"Maw","floor":39,"turns":4},{"damage":4,"enemies":"4 Shapes","floor":41,"turns":2},{"damage":12,"enemies":"Nemesis","floor":42,"turns":3},{"damage":18,"enemies":"Reptomancer","floor":44,"turns":3},{"damage":4,"enemies":"Writhing Mass","floor":45,"turns":4},{"damage":0,"enemies":"Mind Bloom Boss Battle","floor":48,"turns":2},{"damage":22,"enemies":"Awakened One","floor":50,"turns":3}],"seed_played":"1892695157868854158","potions_obtained":[{"floor":3.0,"key":"AttackPotion"},{"floor":6.0,"key":"Regen Potion"},{"floor":13.0,"key":"Strength Potion"},{"floor":19.0,"key":"ColorlessPotion"},{"floor":21.0,"key":"BlessingOfTheForge"},{"floor":23,"key":"DistilledChaos"},{"floor":31,"key":"GamblersBrew"},{"floor":35,"key":"CultistPotion"}],"is_trial":false,"path_per_floor":["M","?","M","$","M","E","R","E","T","R","?","R","M","E","R","B",null,"M","M","$","M","$","E","T","E","T","E","R","?","M","M","R","B",null,"M","M","$","M","M","R","M","E","T","E","M","$","?","?","R","B"],"character_chosen":"WATCHER","items_purchased":["Membership Card","Anchor","Flash of Steel","Shuriken","Sling","Medical Kit","Damaru","War Paint","Brilliance+1","Ginger","Mummified Hand"],"campfire_rested":1,"item_purchase_floors":[20,20,20,22,22,37,37,37,46,46,46],"current_hp_per_floor":[59,59,58,58,50,42,42,25,25,25,31,31,23,19,19,19,60,60,60,60,60,60,60,66,66,72,72,72,72,72,33,58,36,74,73,73,86,42,42,42,38,26,26,8,4,19,19,19,19,0,0],"gold":25,"neow_bonus":"RANDOM_COMMON_RELIC","is_daily":false,"chose_seed":false,"campfire_upgraded":6,"win_rate":0.0,"timestamp":1612096985,"path_taken":["M","?","M","?","M","E","R","E","T","R","?","R","?","E","R","BOSS","M","?","$","M","$","E","?","E","T","E","R","?","M","M","R","BOSS","M","M","$","M","M","R","M","E","T","E","M","$","?","?","R","BOSS"],"items_purchased_type":["Relic","Relic","Card","Relic","Relic","Relic","Relic","Relic","Card","Relic","Relic"],"build_version":"2020-12-22","purchased_purges":5,"victory":false,"max_hp_per_floor":[68,68,68,68,68,68,68,68,68,68,74,74,74,74,74,74,74,74,74,74,74,74,74,80,80,86,86,86,86,86,86,86,86,86,86,86,86,86,86,86,86,86,86,86,86,86,86,86,86,86,86],"relic_stats":{"Darkstone Periapt":18,"Gremlin Horn":[27,27],"counters":[27,81],"Pen Nib":[20],"CloakClasp":[21],"Ginger":[0],"Orichalcum":[0],"War Paint":["Defend_P","Prostrate"],"Cursed Key":3,"Smiling Mask":63,"Medical Kit":[0],"Centennial Puzzle":[48],"Shovel":0,"Shuriken":[40],"Mummified Hand":[0],"Tiny Chest":1,"MealTicket":28,"obtain_stats":[{"Darkstone Periapt":6,"Gremlin Horn":9,"CloakClasp":44,"Ginger":46,"Cursed Key":17,"Sling":22,"Smiling Mask":25,"Centennial Puzzle":0,"Shovel":34,"Mummified Hand":46,"Tiny Chest":8,"MealTicket":34,"Red Mask":47,"Damaru":37,"Oddly Smooth Stone":42,"Pen Nib":14,"Omamori":27,"Orichalcum":26,"War Paint":37,"Medical Kit":37,"Akabeko":24,"Calling Bell":34,"Du-Vu Doll":48,"Anchor":20,"Shuriken":22,"Molten Egg 2":34,"Membership Card":20,"PureWater":0,"StrikeDummy":23},{"Darkstone Periapt":4,"Gremlin Horn":5,"CloakClasp":24,"Ginger":25,"Cursed Key":8,"Sling":11,"Smiling Mask":13,"Centennial Puzzle":0,"Shovel":17,"Mummified Hand":25,"Tiny Chest":5,"MealTicket":17,"Red Mask":25,"Damaru":19,"Oddly Smooth Stone":23,"Pen Nib":7,"Omamori":14,"Orichalcum":13,"War Paint":19,"Medical Kit":19,"Akabeko":12,"Calling Bell":17,"Du-Vu Doll":26,"Anchor":10,"Shuriken":11,"Molten Egg 2":17,"Membership Card":10,"PureWater":0,"StrikeDummy":12},{"Darkstone Periapt":14,"Gremlin Horn":20,"CloakClasp":72,"Ginger":76,"Cursed Key":30,"Sling":37,"Smiling Mask":41,"Centennial Puzzle":0,"Shovel":53,"Mummified Hand":76,"Tiny Chest":20,"MealTicket":53,"Red Mask":76,"Damaru":57,"Oddly Smooth Stone":69,"Pen Nib":27,"Omamori":44,"Orichalcum":41,"War Paint":57,"Medical Kit":57,"Akabeko":40,"Calling Bell":53,"Du-Vu Doll":78,"Anchor":34,"Shuriken":37,"Molten Egg 2":53,"Membership Card":34,"PureWater":0,"StrikeDummy":40}]},"card_choices":[{"not_picked":["MentalFortress","FlurryOfBlows"],"picked":"EmptyFist","floor":1.0},{"not_picked":["Weave","TalkToTheHand"],"picked":"CarveReality","floor":3.0},{"not_picked":["ThirdEye","Study"],"picked":"Consecrate","floor":5.0},{"not_picked":["FearNoEvil","PathToVictory"],"picked":"Tantrum","floor":6.0},{"not_picked":["Study","MentalFortress","Consecrate"],"picked":"SKIP","floor":8.0},{"not_picked":["MasterReality","SpiritShield"],"picked":"FlyingSleeves","floor":14.0},{"not_picked":["MasterReality","ConjureBlade"],"picked":"Scrawl","floor":16.0},{"not_picked":["JustLucky+1","Sanctity","PathToVictory+1"],"picked":"SKIP","floor":18.0},{"not_picked":["SignatureMove+1","FlurryOfBlows"],"picked":"Prostrate","floor":19.0},{"not_picked":["EmptyMind","CutThroughFate","BowlingBash"],"picked":"SKIP","floor":21.0},{"not_picked":["Evaluate","Wallop"],"picked":"Prostrate","floor":23},{"not_picked":["CarveReality","Collect","Tantrum"],"picked":"SKIP","floor":25},{"not_picked":["Consecrate","Wallop","FlurryOfBlows"],"picked":"SKIP","floor":30},{"not_picked":["Ragnarok","Blasphemy"],"picked":"Scrawl","floor":33},{"not_picked":["Crescendo","ThirdEye"],"picked":"Prostrate","floor":35},{"not_picked":["InnerPeace","Sanctity","JustLucky+1"],"picked":"SKIP","floor":38},{"not_picked":["EmptyFist+1","ClearTheMind","Halt"],"picked":"SKIP","floor":41},{"not_picked":["ClearTheMind","ReachHeaven+1","CrushJoints+1"],"picked":"SKIP","floor":42},{"not_picked":["InnerPeace","Nirvana","CarveReality+1"],"picked":"SKIP","floor":44},{"not_picked":["PathToVictory","Nirvana+1","ForeignInfluence"],"picked":"SKIP","floor":45}],"player_experience":1345098,"relics_obtained":[{"floor":6.0,"key":"Darkstone Periapt"},{"floor":8.0,"key":"Tiny Chest"},{"floor":9.0,"key":"Gremlin Horn"},{"floor":14.0,"key":"Pen Nib"},{"floor":23,"key":"StrikeDummy"},{"floor":24,"key":"Akabeko"},{"floor":25,"key":"Smiling Mask"},{"floor":26,"key":"Orichalcum"},{"floor":27,"key":"Omamori"},{"floor":34,"key":"Molten Egg 2"},{"floor":34,"key":"MealTicket"},{"floor":34,"key":"Shovel"},{"floor":42,"key":"Oddly Smooth Stone"},{"floor":44,"key":"CloakClasp"},{"floor":48,"key":"Du-Vu Doll"}],"event_choices":[{"damage_healed":0.0,"max_hp_gain":0.0,"max_hp_loss":0.0,"gold_gain":0.0,"cards_transformed":["Strike_P"],"event_name":"Transmorgrifier","player_choice":"Transformed","floor":2.0,"gold_loss":0.0,"damage_taken":0.0,"cards_obtained":["Wish"]},{"damage_healed":0.0,"max_hp_gain":0.0,"max_hp_loss":0.0,"gold_gain":275.0,"event_name":"Golden Shrine","player_choice":"Desecrate","floor":11.0,"gold_loss":0.0,"damage_taken":0.0,"cards_obtained":["Regret"]},{"damage_healed":0,"gold_gain":0,"player_choice":"Copied","damage_taken":0,"max_hp_gain":0,"max_hp_loss":0,"event_name":"Duplicator","floor":29,"gold_loss":0,"cards_obtained":["Scrawl"]},{"damage_healed":0,"gold_gain":0,"player_choice":"Paid","damage_taken":0,"relics_obtained":["Red Mask"],"max_hp_gain":0,"max_hp_loss":0,"event_name":"Tomb of Lord Red Mask","floor":47,"gold_loss":6},{"damage_healed":0,"gold_gain":0,"player_choice":"Fight","damage_taken":0,"max_hp_gain":0,"max_hp_loss":0,"event_name":"MindBloom","floor":48,"gold_loss":0}],"is_beta":false,"boss_relics":[{"not_picked":["Fusion Hammer","Runic Pyramid"],"picked":"Cursed Key"},{"not_picked":["Busted Crown","Tiny House"],"picked":"Calling Bell"}],"items_purged_floors":[4,20,22,37,46],"is_endless":false,"potions_floor_spawned":[3,6,13,19,21,23,31,35,36,38,44,48],"killed_by":"Awakened One","ascension_level":20}}