{"host":"0fmi5fguj5lvt8pf","time":1612114825,"event":{"mods":["BaseMod","Colored Map","Curses Come First","Downfall","Minty Spire (QoL Compilation)","Permanent Neow","StSLib"],"gold_per_floor":[99,99,99,99,99,130,130,141,151,151,168,13,0,0,17,115,115,115,129,146,146,163,73,146,31,57,69,81,111,134,246,278,390,402,114,140,168,180,209,255,267,279,151,151,163,22,36,91,106,106,106,135,100,100,100,100,100,100],"floor_reached":56,"language":"ENG","playtime":5038,"items_purged":["Injury","Guardian:Defend_Guardian","Guardian:Defend_Guardian"],"score":797,"play_id":"7086512c-9d3c-48d4-a20e-6151c0d2a216","local_time":"20210131094025","is_ascension_mode":false,"campfire_choices":[{"floor":1.0,"key":"RECALL"},{"data":"Guardian:Preprogram","floor":10.0,"key":"SMITH"},{"data":"Guardian:FloatingOrbs","floor":18,"key":"SMITH"},{"data":"Guardian:TimeSifter","floor":35,"key":"SMITH"},{"data":"Guardian:Suspension","floor":44,"key":"SMITH"},{"floor":54,"key":"REST"}],"circlet_count":0,"master_deck":["Guardian:Defend_Guardian","Guardian:Defend_Guardian+1","Guardian:CurlUp","Guardian:TwinSlam+1","Guardian:Incinerate","Guardian:ShieldCharger","Guardian:FuturePlans","Guardian:TimeSifter+1","Guardian:Preprogram+1","Guardian:SentryBeam","Guardian:FloatingOrbs+1","Guardian:Incinerate","Guardian:Suspension+1","Guardian:StasisField","Guardian:ShieldCharger+1","Guardian:FloatingOrbs+1","Guardian:Suspension+1","Guardian:TemporalStrike+1","Bite+1","Bite+1","Bite+1","Bite+1","Bite+1","Guardian:FloatingOrbs+1","Guardian:StasisStrike+1","Guardian:ChargeUp","Guardian:FierceBash+1","Guardian:TemporalStrike+1","Guardian:BronzeOrb+1","expansioncontent:Chronoboost","Guardian:TimeCapacitor+1","expansioncontent:StudyTheSpire+1"],"relics":["Guardian:ModeShifter","downfall:HeartsMalice","Ornamental Fan","Black Star","Matryoshka","MawBank","Molten Egg 2","SlaversCollar","downfall:HeartBlessingRed","downfall:HeartBlessingGreen","downfall:HeartBlessingBlue","Eternal Feather","Turnip","Ancient Tea Set","Mummified Hand","Frozen Egg 2","Torii","Vajra","Pen Nib"],"acts_visited":["Exordium","TheCity","TheBeyond","TheEnding"],"potions_floor_usage":[12,23,25,30,43,46,46,56],"damage_taken":[{"damage":0.0,"enemies":"Jaw Worm","floor":4.0,"turns":1.0},{"damage":0.0,"enemies":"2 Louse","floor":5.0,"turns":1.0},{"damage":0.0,"enemies":"Lagavulin","floor":6.0,"turns":1.0},{"damage":0.0,"enemies":"Cultist","floor":8.0,"turns":4.0},{"damage":2.0,"enemies":"Lots of Slimes","floor":9.0,"turns":4.0},{"damage":3.0,"enemies":"Red Slaver","floor":11.0,"turns":5.0},{"damage":0,"enemies":"downfall:FleeingMerchant","floor":12,"turns":4},{"damage":7,"enemies":"downfall:FleeingMerchant","floor":13,"turns":4},{"damage":0,"enemies":"Large Slime","floor":15,"turns":6},{"damage":67,"enemies":"SI_SHIV_ARCHETYPE","floor":16,"turns":10},{"damage":3,"enemies":"Shell Parasite","floor":19,"turns":6},{"damage":12,"enemies":"Spheric Guardian","floor":20,"turns":7},{"damage":3,"enemies":"Centurion and Healer","floor":22,"turns":9},{"damage":6,"enemies":"downfall:FleeingMerchant","floor":23,"turns":4},{"damage":13,"enemies":"downfall:FleeingMerchant","floor":25,"turns":4},{"damage":23,"enemies":"Book of Stabbing","floor":26,"turns":7},{"damage":0,"enemies":"Cultist and Chosen","floor":29,"turns":7},{"damage":0,"enemies":"3 Cultists","floor":30,"turns":7},{"damage":20,"enemies":"Snake Plant","floor":32,"turns":7},{"damage":31,"enemies":"WA_ARCHETYPE_CALM","floor":33,"turns":10},{"damage":21,"enemies":"3 Shapes","floor":36,"turns":4},{"damage":28,"enemies":"3 Darklings","floor":37,"turns":5},{"damage":21,"enemies":"Transient","floor":39,"turns":5},{"damage":10,"enemies":"Nemesis","floor":40,"turns":7},{"damage":17,"enemies":"downfall:FleeingMerchant","floor":43,"turns":4},{"damage":8,"enemies":"Spire Growth","floor":45,"turns":5},{"damage":0,"enemies":"downfall:FleeingMerchant","floor":46,"turns":4},{"damage":13,"enemies":"3 Darklings","floor":47,"turns":4},{"damage":25,"enemies":"2 Orb Walkers","floor":48,"turns":5},{"damage":1,"enemies":"Maw","floor":49,"turns":7},{"damage":78,"enemies":"DF_ARCHETYPE_ORBS","floor":50,"turns":10},{"damage":56,"enemies":"downfall:CharBossMerchant","floor":52,"turns":8},{"damage":16,"enemies":"downfall:NeowBoss","floor":55,"turns":10},{"damage":82,"enemies":"downfall:NeowBossFinal","floor":56,"turns":8}],"seed_played":"1137957337324117585","potions_obtained":[{"floor":3.0,"key":"downfall:CursedFountainPotion"},{"floor":8.0,"key":"Guardian:DefensiveModePotion"},{"floor":9.0,"key":"Block Potion"},{"floor":16,"key":"Guardian:DefensiveModePotion"},{"floor":26,"key":"GamblersBrew"},{"floor":29,"key":"Fruit Juice"},{"floor":30,"key":"BlessingOfTheForge"},{"floor":33,"key":"Guardian:AcceleratePotion"},{"floor":47,"key":"SpeedPotion"},{"floor":49,"key":"Dexterity Potion"}],"is_trial":false,"path_per_floor":["R","?","?","M","M","E","T","M","M","R","M","$","$","?","M","B",null,"R","M","M","?","M","$","T","$","E","?","?","M","M","?","M","B",null,"R","M","M","?","M","E","T","?","$","R","M","$","M","?","M","B",null,"E","$","R","B","B"],"character_chosen":"GUARDIAN","items_purchased":["Guardian:FloatingOrbs","Guardian:Incinerate","Guardian:Suspension","Frozen Egg 2","expansioncontent:StudyTheSpire+1","Guardian:Gem_Fragmented","Guardian:Gem_Fragmented"],"campfire_rested":1,"item_purchase_floors":[12,12,12,46,46,46,53],"current_hp_per_floor":[80,80,80,80,80,80,80,80,78,78,75,75,68,68,68,1,80,80,77,65,65,62,56,56,43,20,20,56,56,61,61,61,42,61,71,56,40,40,34,42,42,42,37,55,62,68,61,48,59,8,71,36,36,71,71,0,0,0],"gold":100,"neow_bonus":"THREE_ENEMY_KILL","is_daily":false,"chose_seed":false,"campfire_upgraded":4,"win_rate":0.0,"timestamp":1612114825,"path_taken":["R","?","?","M","?","E","T","M","M","R","?","?","$","?","M","BOSS","R","M","M","?","?","$","T","$","E","?","?","?","M","?","M","BOSS","R","M","M","?","M","E","T","?","$","R","M","$","M","?","M","BOSS","E","$","R","BOSS","BOSS"],"items_purchased_type":["Card","Card","Card","Relic","Card","Card","Card"],"build_version":"2020-12-22","purchased_purges":3,"victory":false,"max_hp_per_floor":[80,80,80,80,80,80,80,80,80,80,80,80,80,80,80,80,80,80,80,80,80,80,80,80,80,80,56,56,56,61,61,61,61,61,71,71,71,71,71,71,71,71,71,71,71,71,71,71,71,71,71,71,71,71,71,71,71,71],"card_choices":[{"not_picked":["Guardian:Gem_Blue","Guardian:Gem_Lightblue"],"picked":"Guardian:Incinerate","floor":4.0},{"not_picked":["Guardian:ChargeCore","Guardian:Gem_Blue"],"picked":"Guardian:ShieldCharger","floor":5.0},{"not_picked":["Guardian:VentSteam","Guardian:Gem_Red"],"picked":"Guardian:FuturePlans","floor":6.0},{"not_picked":["Guardian:PiercingHide","Guardian:Incinerate"],"picked":"Guardian:TimeSifter","floor":8.0},{"not_picked":["Guardian:WalkerClaw","Guardian:ShieldSpikes"],"picked":"Guardian:Preprogram","floor":9.0},{"not_picked":["Guardian:Gem_White","Guardian:TemporalShield"],"picked":"Guardian:SentryBeam","floor":11.0},{"not_picked":["Guardian:PolyBeam","Guardian:PiercingHide"],"picked":"Guardian:TimeBomb","floor":12},{"not_picked":["Guardian:Gem_Lightblue","Guardian:PrimingBeam","Guardian:DonusPower"],"picked":"SKIP","floor":13},{"not_picked":["Guardian:Gem_Green","Guardian:Reroute","Guardian:PiercingHide"],"picked":"SKIP","floor":15},{"not_picked":["Guardian:ConstructionForm","Guardian:Gem_Orange"],"picked":"Guardian:StasisField","floor":16},{"not_picked":["Guardian:TemporalStrike","Guardian:Gem_Lightblue"],"picked":"Guardian:ShieldCharger+1","floor":19},{"not_picked":["Guardian:TimeBomb","Guardian:Clone"],"picked":"Guardian:Gem_Fragmented","floor":20},{"not_picked":["Guardian:Repulse","Guardian:BronzeArmor","Guardian:VentSteam+1"],"picked":"SKIP","floor":22},{"not_picked":["Guardian:RefractedBeam","Guardian:CrystalBeam+1","Guardian:Recover"],"picked":"SKIP","floor":23},{"not_picked":["Guardian:FuturePlans+1","Guardian:TimeCapacitor"],"picked":"Guardian:Suspension+1","floor":25},{"not_picked":["Guardian:Incinerate+1","Guardian:Planning+1"],"picked":"Guardian:TemporalStrike+1","floor":26},{"not_picked":["Guardian:Harden+1","Guardian:Suspension"],"picked":"Guardian:FloatingOrbs+1","floor":29},{"not_picked":["Guardian:TemporalShield","Guardian:VentSteam"],"picked":"Guardian:StasisStrike+1","floor":30},{"not_picked":["Guardian:FloatingOrbs","Guardian:Gem_Yellow"],"picked":"Guardian:ChargeUp","floor":32},{"not_picked":["Guardian:StasisField","Guardian:TimeSifter"],"picked":"Guardian:FierceBash+1","floor":33},{"not_picked":["Guardian:BodySlam+1","Guardian:PrimingBeam+1"],"picked":"Guardian:TemporalStrike+1","floor":36},{"not_picked":["Guardian:PiercingHide","Guardian:ShieldCharger+1","Guardian:VentSteam"],"picked":"SKIP","floor":37},{"not_picked":["Guardian:Gem_Green","Guardian:PiercingHide+1"],"picked":"Guardian:BronzeOrb+1","floor":39},{"not_picked":["Guardian:ExploitGems","Guardian:TemporalShield+1","Guardian:Gem_Crimson"],"picked":"SKIP","floor":40},{"not_picked":["expansioncontent:HyperBeam","expansioncontent:LastStand"],"picked":"expansioncontent:Chronoboost","floor":42},{"not_picked":["Guardian:Harden","Guardian:Gem_Lightblue"],"picked":"Guardian:TimeCapacitor+1","floor":43},{"not_picked":["Guardian:TemporalShield","Guardian:RollAttack+1","Guardian:VentSteam+1"],"picked":"SKIP","floor":45},{"not_picked":["Guardian:TimeBomb+1","Guardian:PrismaticBarrier+1","Guardian:Gem_Lightblue"],"picked":"SKIP","floor":46},{"not_picked":["Guardian:Gem_Blue","Guardian:Incinerate+1","Guardian:VentSteam"],"picked":"SKIP","floor":47},{"not_picked":["Guardian:PiercingHide","Guardian:Gem_Red","Guardian:Emergency"],"picked":"SKIP","floor":49},{"not_picked":["Guardian:FloatingOrbs+1","Guardian:StasisField"],"picked":"Guardian:Gem_Cyan","floor":52}],"player_experience":1462695,"relics_obtained":[{"floor":6.0,"key":"Ornamental Fan"},{"floor":24,"key":"Matryoshka"},{"floor":26,"key":"MawBank"},{"floor":26,"key":"Molten Egg 2"},{"floor":40,"key":"Eternal Feather"},{"floor":40,"key":"Turnip"},{"floor":41,"key":"Ancient Tea Set"},{"floor":41,"key":"Mummified Hand"},{"floor":48,"key":"Torii"},{"floor":52,"key":"Vajra"},{"floor":52,"key":"Pen Nib"}],"event_choices":[{"damage_healed":0,"gold_gain":0,"player_choice":"Became a vampire","damage_taken":0,"max_hp_gain":0,"max_hp_loss":24,"event_name":"Vampires","floor":27,"gold_loss":0,"cards_obtained":["Bite","Bite","Bite","Bite","Bite"]},{"cards_removed":["Guardian:TimeBomb"],"damage_healed":36,"gold_gain":0,"player_choice":"Offered Uncommon","damage_taken":0,"max_hp_gain":0,"max_hp_loss":0,"event_name":"Bonfire Elementals","floor":28,"gold_loss":0},{"damage_healed":0,"gold_gain":0,"player_choice":"Fight","damage_taken":0,"max_hp_gain":0,"max_hp_loss":0,"event_name":"Mysterious Sphere","floor":48,"gold_loss":0}],"is_beta":false,"boss_relics":[{"not_picked":["Calling Bell","Coffee Dripper"],"picked":"Black Star"},{"not_picked":["bronze:MakeshiftBattery","Velvet Choker"],"picked":"SlaversCollar"}],"items_purged_floors":[23,25,43],"is_endless":false,"potions_floor_spawned":[8,9,16,26,29,30,33,37,40,47,49],"killed_by":"downfall:NeowBossFinal","ascension_level":0}}