{"host":"lehbxtjrpalkmwwj","time":1612091644,"event":{"mods":["BaseMod","Colored Powertips","GungeonMod","Minty Spire (QoL Compilation)","Replay The Spire","Shop Mod","StSLib","The Bug Knight","The Cursed","The Gatherer"],"gold_per_floor":[111,122,142,154,173,205,60,93,93,93,127,127,127,127],"floor_reached":13,"language":"ZHS","playtime":325,"items_purged":[],"score":116,"play_id":"7be3cfd1-9f9a-46bc-81ed-ccfa635530b3","local_time":"20210131191404","is_ascension_mode":true,"campfire_choices":[{"floor":10.0,"key":"DIG"}],"circlet_count":0,"master_deck":["Strike_B","Strike_B","Strike_B","Strike_B","Defend_B","Defend_B","Defend_B","Defend_B","Zap","Streamline","Glacier","Darkness","Scrape","Ball Lightning","Thunder Strike","Static Discharge","Steam","Bash"],"relics":["NeowsBlessing","Replay:Ringing Soul","Art of War","Shovel","Eternal Feather","DemoMod:Metronome","Chameleon Ring","Iron Core"],"acts_visited":["Exordium"],"potions_floor_usage":[13],"damage_taken":[{"damage":0.0,"enemies":"2 Louse","floor":1.0,"turns":1.0},{"damage":0.0,"enemies":"Cultist","floor":2.0,"turns":1.0},{"damage":0.0,"enemies":"Small Slimes","floor":3.0,"turns":1.0},{"damage":4.0,"enemies":"Red Slaver","floor":4.0,"turns":3.0},{"damage":19.0,"enemies":"Blue Slaver","floor":5.0,"turns":4.0},{"damage":36.0,"enemies":"Gremlin Nob","floor":6.0,"turns":4.0},{"damage":15.0,"enemies":"Lagavulin","floor":8.0,"turns":7.0},{"damage":1.0,"enemies":"3 Sentries","floor":11.0,"turns":6.0},{"damage":27,"enemies":"Gremlin Nob","floor":13,"turns":3}],"seed_played":"-8607830517857903082","potions_obtained":[{"floor":4.0,"key":"Reflective Coating"},{"floor":5.0,"key":"LiquidMemories"},{"floor":6.0,"key":"SkillPotion"},{"floor":8.0,"key":"DemoMod:LeadSkinPotion"}],"is_trial":false,"path_per_floor":["M","M","M","M","M","E","$","E","T","R","E","?","E"],"character_chosen":"DEFECT","items_purchased":["Art of War"],"campfire_rested":0,"item_purchase_floors":[7],"current_hp_per_floor":[75,75,75,71,52,19,19,7,7,16,18,21,0,0],"gold":127,"neow_bonus":"THREE_ENEMY_KILL","is_daily":false,"chose_seed":false,"campfire_upgraded":0,"win_rate":0.0,"timestamp":1612091644,"path_taken":["M","M","M","M","M","E","$","E","T","R","E","?","E"],"items_purchased_type":["Relic"],"build_version":"2020-12-22","purchased_purges":0,"victory":false,"max_hp_per_floor":[75,75,75,75,75,78,78,81,81,81,84,87,87,87],"card_choices":[{"not_picked":["Coolheaded","Stack"],"picked":"Streamline","floor":1.0},{"not_picked":["Aggregate","Cold Snap"],"picked":"Glacier","floor":2.0},{"not_picked":["Redo","BasicCrystalCard"],"picked":"Darkness","floor":3.0},{"not_picked":["Beam Cell","Hologram"],"picked":"Scrape","floor":4.0},{"not_picked":["Turbo","Go for the Eyes"],"picked":"Ball Lightning","floor":5.0},{"not_picked":["ReplayTheSpireMod:Reroute Power","Coolheaded"],"picked":"Thunder Strike","floor":6.0},{"not_picked":["Self Repair","Stack"],"picked":"Static Discharge","floor":8.0},{"not_picked":["Beam Cell","Rebound"],"picked":"Steam","floor":11.0}],"player_experience":92466,"relics_obtained":[{"floor":6.0,"key":"Replay:Ringing Soul"},{"floor":8.0,"key":"Shovel"},{"floor":9.0,"key":"Eternal Feather"},{"floor":10.0,"key":"DemoMod:Metronome"},{"floor":11.0,"key":"Chameleon Ring"}],"event_choices":[],"is_beta":false,"boss_relics":[],"items_purged_floors":[],"is_endless":false,"potions_floor_spawned":[4,5,6,8],"killed_by":"Gremlin Nob","ascension_level":2}}