{"host":"3498uni0c31c9bdm","time":1612115069,"event":{"mods":["BaseMod","Better Third Choice","Minty Spire (QoL Compilation)","Replay The Spire","StSLib"],"gold_per_floor":[117,137,137,92,108,108,123,135,135,161,179,189,222,15,15,115,115,135,135,145,145,163,163,190,190,190],"floor_reached":25,"language":"ENG","playtime":893,"items_purged":[],"score":353,"play_id":"8aefaa1e-f8de-4cd3-aa24-d6763ccc1420","local_time":"20210201044429","is_ascension_mode":true,"campfire_choices":[{"data":"Armaments","floor":6,"key":"SMITH"},{"floor":15,"key":"RECALL"},{"floor":23,"key":"REST"}],"circlet_count":0,"master_deck":["AscendersBane","Strike_R","Strike_R","Strike_R","Strike_R","Strike_R","Defend_R","Defend_R","Defend_R","Defend_R","Bash","Perfected Strike","Pommel Strike","Armaments+1","Inflame","Replay:Undeath\u0027s Touch","Rage","Intimidate","Twin Strike","Iron Wave","Power Through","Spot Weakness","Spot Weakness","Berserk+1","CurseOfTheBell","Heavy Blade","Fire Breathing","Armaments+1","Clothesline","Shrug It Off"],"relics":["Burning Blood","NeowsBlessing","Iron Hammer","Sundial","StrikeDummy","TheAbacus","Replay:Grab Bag","ReplayTheSpireMod:DimensionalGlitch","Mark of Pain","Calling Bell","Strawberry","Kunai","StoneCalendar","Self Forming Clay"],"acts_visited":["Exordium","TheCity"],"potions_floor_usage":[24,25,25],"damage_taken":[{"damage":0,"enemies":"Small Slimes","floor":1,"turns":1},{"damage":0,"enemies":"Cultist","floor":2,"turns":1},{"damage":0,"enemies":"Jaw Worm","floor":5,"turns":1},{"damage":5,"enemies":"Gremlin Gang","floor":7,"turns":6},{"damage":10,"enemies":"2 Fungi Beasts","floor":8,"turns":3},{"damage":29,"enemies":"Lagavulin","floor":10,"turns":7},{"damage":0,"enemies":"Looter","floor":11,"turns":2},{"damage":7,"enemies":"3 Louse","floor":12,"turns":4},{"damage":12,"enemies":"3 Sentries","floor":13,"turns":7},{"damage":8,"enemies":"Fading Forest","floor":16,"turns":11},{"damage":17,"enemies":"Shell Parasite","floor":18,"turns":4},{"damage":19,"enemies":"3 Byrds","floor":20,"turns":5},{"damage":23,"enemies":"Snake Plant","floor":22,"turns":4},{"damage":43,"enemies":"Book of Stabbing","floor":24,"turns":6},{"damage":22,"enemies":"3 Cultists","floor":25,"turns":4}],"seed_played":"6146934328718739380","potions_obtained":[{"floor":1,"key":"Dexterity Potion"},{"floor":5,"key":"Cursed Concoction"},{"floor":7,"key":"Flashbang"},{"floor":24,"key":"Flashbang"}],"is_trial":false,"path_per_floor":["M","M","?","$","M","R","M","M","T","E","M","M","E","$","R","B",null,"M","?","M","?","M","R","E","M"],"character_chosen":"IRONCLAD","items_purchased":["Armaments","Spot Weakness","TheAbacus"],"campfire_rested":1,"item_purchase_floors":[4,14,14],"current_hp_per_floor":[78,80,80,80,80,80,80,76,76,53,59,58,52,52,52,50,80,66,66,50,50,30,56,16,0,0],"gold":190,"neow_bonus":"THREE_ENEMY_KILL","is_daily":false,"chose_seed":false,"campfire_upgraded":1,"win_rate":0.0,"timestamp":1612115069,"path_taken":["M","M","?","?","M","R","M","M","T","E","?","M","E","$","R","BOSS","M","?","?","?","M","R","E","M"],"items_purchased_type":["Card","Card","Relic"],"build_version":"2020-12-22","purchased_purges":0,"victory":false,"max_hp_per_floor":[80,80,80,80,80,80,80,80,80,80,80,80,80,80,80,80,87,87,87,87,87,87,87,87,87,87],"card_choices":[{"not_picked":["Battle Trance","Anger"],"picked":"Perfected Strike","floor":1},{"not_picked":["Clothesline","Anger"],"picked":"Pommel Strike","floor":2},{"not_picked":["Pommel Strike","Clothesline"],"picked":"Inflame","floor":5},{"not_picked":["Sentinel","Perfected Strike"],"picked":"Replay:Undeath\u0027s Touch","floor":7},{"not_picked":["Massacre","Demonic Infusion"],"picked":"Rage","floor":8},{"not_picked":["Shrug It Off","Exhume"],"picked":"Intimidate","floor":10},{"not_picked":["Wild Strike","Evolve"],"picked":"Twin Strike","floor":11},{"not_picked":["Heavy Blade","Replay:Undeath\u0027s Touch"],"picked":"Iron Wave","floor":12},{"not_picked":["Blood for Blood","Warcry"],"picked":"Power Through","floor":13},{"not_picked":["Feed","Impervious"],"picked":"Berserk","floor":16},{"not_picked":["Headbutt","Whirlwind"],"picked":"Heavy Blade","floor":18},{"not_picked":["Feel No Pain+1","Sword Boomerang"],"picked":"Fire Breathing","floor":20},{"not_picked":["Searing Blow+1","Twin Strike"],"picked":"Clothesline","floor":22},{"not_picked":["Warcry+1","ReplayTheSpireMod:Strike From Hell"],"picked":"Shrug It Off","floor":24}],"player_experience":772656,"relics_obtained":[{"floor":9,"key":"Iron Hammer"},{"floor":10,"key":"Sundial"},{"floor":13,"key":"StrikeDummy"},{"floor":17,"key":"Strawberry"},{"floor":17,"key":"Kunai"},{"floor":17,"key":"StoneCalendar"},{"floor":24,"key":"Self Forming Clay"}],"event_choices":[{"damage_healed":0,"gold_gain":0,"player_choice":"Bought 0 Potions","damage_taken":0,"max_hp_gain":0,"max_hp_loss":0,"event_name":"The Woman in Blue","floor":3,"gold_loss":0},{"damage_healed":0,"gold_gain":0,"player_choice":"Upgraded","damage_taken":0,"max_hp_gain":0,"max_hp_loss":0,"event_name":"Upgrade Shrine","floor":19,"gold_loss":0,"cards_upgraded":["Berserk"]},{"damage_healed":0,"gold_gain":0,"player_choice":"Copied","damage_taken":0,"max_hp_gain":0,"max_hp_loss":0,"event_name":"Duplicator","floor":21,"gold_loss":0,"cards_obtained":["Armaments"]}],"is_beta":false,"boss_relics":[{"not_picked":["Cursed Key","Philosopher\u0027s Stone"],"picked":"Replay:Grab Bag"},{"not_picked":["Replay:Wanted Poster","ReplayTheSpireMod:Onyx Gauntlets"],"picked":"ReplayTheSpireMod:DimensionalGlitch"},{"not_picked":["Ectoplasm","Coffee Dripper"],"picked":"Mark of Pain"},{"not_picked":["SacredBark","Runic Pyramid"],"picked":"Calling Bell"}],"items_purged_floors":[],"is_endless":false,"potions_floor_spawned":[1,5,7,11,16,22,24],"killed_by":"3 Cultists","ascension_level":10}}