{"host":"mmqs5ul2bvb60kyc","time":1612054503,"event":{"mods":["AchievementEnabler","BaseMod","Colored Map","Colored Powertips","Minty Spire (QoL Compilation)","Quick Restart","StSLib"],"gold_per_floor":[110,35,35,35,35,35,47,82,82,96,96,114,114,131,131,205,205,216,131,141,141,66,66,92,110,160,170,188,221,221,221,221,297,297,315,333,333,345,362,392,392,409,409,428,445,445,475,262,262,262],"floor_reached":51,"language":"ZHS","playtime":3618,"items_purged":["Strike_G","Strike_G"],"score":1482,"play_id":"a2068b98-3d8d-4e46-9c07-a4e5dda258c5","local_time":"20210131085503","is_ascension_mode":true,"campfire_choices":[{"data":"Neutralize","floor":6.0,"key":"SMITH"},{"data":"Cloak And Dagger","floor":11.0,"key":"SMITH"},{"data":"Acrobatics","floor":13.0,"key":"SMITH"},{"data":"Blade Dance","floor":15.0,"key":"SMITH"},{"data":"Reflex","floor":23.0,"key":"SMITH"},{"floor":30.0,"key":"REST"},{"data":"Bullet Time","floor":32.0,"key":"SMITH"},{"data":"Calculated Gamble","floor":41.0,"key":"SMITH"},{"data":"Phantasmal Killer","floor":46.0,"key":"SMITH"},{"data":"Tactician","floor":49,"key":"SMITH"}],"circlet_count":0,"master_deck":["AscendersBane","Strike_G","Strike_G","Defend_G","Defend_G","Defend_G","Defend_G+1","Defend_G","Survivor","Neutralize+1","Acrobatics+1","Footwork","Cloak And Dagger+1","Footwork","Acrobatics+1","Blade Dance+1","Corpse Explosion","Caltrops","Reflex+1","Deflect+1","Terror","Bullet Time+1","After Image","Blade Dance","Malaise","Tactician","Noxious Fumes","Calculated Gamble+1","Adrenaline","Prepared","Phantasmal Killer+1","Tactician+1","Escape Plan+1"],"relics":["WristBlade","Matryoshka","Vajra","Question Card","Runic Pyramid","Toy Ornithopter","TungstenRod","Anchor","Prayer Wheel","Cursed Key","Letter Opener","Molten Egg 2"],"acts_visited":["Exordium","TheCity","TheBeyond"],"potions_floor_usage":[],"damage_taken":[{"damage":0.0,"enemies":"Small Slimes","floor":1.0,"turns":5.0},{"damage":1.0,"enemies":"2 Louse","floor":7.0,"turns":4.0},{"damage":11.0,"enemies":"Lagavulin","floor":8.0,"turns":13.0},{"damage":0.0,"enemies":"Cultist","floor":10.0,"turns":6.0},{"damage":3.0,"enemies":"Lots of Slimes","floor":12.0,"turns":4.0},{"damage":0.0,"enemies":"2 Fungi Beasts","floor":14.0,"turns":5.0},{"damage":25.0,"enemies":"Slime Boss","floor":16.0,"turns":11.0},{"damage":11.0,"enemies":"2 Thieves","floor":18.0,"turns":2.0},{"damage":4.0,"enemies":"Spheric Guardian","floor":20.0,"turns":5.0},{"damage":25.0,"enemies":"Slavers","floor":24.0,"turns":2.0},{"damage":6.0,"enemies":"Cultist and Chosen","floor":25.0,"turns":5.0},{"damage":5.0,"enemies":"Snake Plant","floor":27.0,"turns":7.0},{"damage":0.0,"enemies":"Centurion and Healer","floor":28.0,"turns":5.0},{"damage":0.0,"enemies":"Gremlin Leader","floor":29.0,"turns":7.0},{"damage":0.0,"enemies":"Shelled Parasite and Fungi","floor":31.0,"turns":1.0},{"damage":7.0,"enemies":"Collector","floor":33.0,"turns":8.0},{"damage":0.0,"enemies":"Orb Walker","floor":35.0,"turns":3.0},{"damage":0.0,"enemies":"3 Darklings","floor":36.0,"turns":3.0},{"damage":15.0,"enemies":"Maw","floor":38.0,"turns":8.0},{"damage":0.0,"enemies":"Writhing Mass","floor":39.0,"turns":7.0},{"damage":9.0,"enemies":"Reptomancer","floor":40.0,"turns":8.0},{"damage":0.0,"enemies":"3 Darklings","floor":42.0,"turns":1.0},{"damage":0.0,"enemies":"4 Shapes","floor":44.0,"turns":4.0},{"damage":0.0,"enemies":"Writhing Mass","floor":45.0,"turns":6.0},{"damage":0.0,"enemies":"Giant Head","floor":47.0,"turns":4.0},{"damage":1,"enemies":"Donu and Deca","floor":50,"turns":5}],"seed_played":"-2681534340550139243","potions_obtained":[{"floor":1.0,"key":"SmokeBomb"},{"floor":7.0,"key":"Fire Potion"},{"floor":8.0,"key":"AttackPotion"},{"floor":24.0,"key":"SkillPotion"},{"floor":25.0,"key":"Strength Potion"},{"floor":36.0,"key":"Weak Potion"}],"is_trial":false,"path_per_floor":["M","?","?","?","$","R","M","E","T","M","R","M","R","M","R","B",null,"M","?","M","?","$","R","E","M","T","M","M","E","R","M","R","B",null,"M","M","?","M","M","E","R","M","T","M","M","R","E","$","R","B",null],"character_chosen":"THE_SILENT","items_purchased":["GhostInAJar"],"campfire_rested":1,"item_purchase_floors":[48],"current_hp_per_floor":[59,59,39,44,44,44,43,32,32,32,32,29,29,29,29,4,54,43,43,39,39,39,39,14,13,13,8,8,8,29,34,34,27,60,60,60,60,45,45,36,36,36,36,36,36,36,36,36,36,35],"gold":262,"neow_bonus":"BOSS_RELIC","is_daily":false,"chose_seed":false,"campfire_upgraded":9,"win_rate":0.0,"timestamp":1612054503,"path_taken":["M","?","?","?","$","R","M","E","T","M","R","M","R","M","R","BOSS","M","?","M","?","$","R","E","M","T","M","M","E","R","M","R","BOSS","M","M","?","M","?","E","R","M","T","?","M","R","E","$","R","BOSS"],"items_purchased_type":["Potion"],"build_version":"2020-12-22","purchased_purges":2,"victory":true,"max_hp_per_floor":[66,66,66,71,71,71,71,71,71,71,71,71,71,71,71,71,71,71,71,71,71,71,71,71,71,71,71,71,71,71,71,71,71,71,71,71,71,71,71,71,71,71,71,71,71,71,71,71,71,71],"card_choices":[{"not_picked":["Bouncing Flask","Flying Knee"],"picked":"Acrobatics","floor":1.0},{"not_picked":["Blur","Flechettes"],"picked":"Footwork","floor":7.0},{"not_picked":["Dagger Spray","Malaise"],"picked":"Cloak And Dagger","floor":8.0},{"not_picked":["Expertise","Quick Slash","Dodge and Roll"],"picked":"Footwork","floor":10.0},{"not_picked":["Escape Plan","Setup","Dodge and Roll"],"picked":"Acrobatics","floor":12.0},{"not_picked":["Cloak And Dagger","Adrenaline","Riddle With Holes"],"picked":"Blade Dance","floor":14.0},{"not_picked":["Malaise","Bullet Time","Tools of the Trade"],"picked":"Corpse Explosion","floor":16.0},{"not_picked":["Dagger Throw+1","Deflect","Cloak And Dagger","Sucker Punch"],"picked":"SKIP","floor":18.0},{"not_picked":["Flechettes","Escape Plan","Well Laid Plans"],"picked":"Caltrops","floor":20.0},{"not_picked":["Distraction","Quick Slash","Caltrops+1","Heel Hook"],"picked":"SKIP","floor":24.0},{"not_picked":["Choke","Backflip+1","Caltrops"],"picked":"Deflect+1","floor":25.0},{"not_picked":["Slice","Escape Plan","Backflip"],"picked":"Terror","floor":27.0},{"not_picked":["Masterful Stab","Poisoned Stab","Catalyst","Terror"],"picked":"SKIP","floor":28.0},{"not_picked":["Dagger Throw","Blade Dance","Finisher"],"picked":"Bullet Time","floor":29.0},{"not_picked":["Malaise","Wraith Form v2","Tools of the Trade"],"picked":"After Image","floor":33.0},{"not_picked":["Dagger Throw+1","Acrobatics","Dagger Spray","Terror+1"],"picked":"SKIP","floor":35.0},{"not_picked":["Heel Hook+1","Poisoned Stab","Quick Slash","Bane"],"picked":"SKIP","floor":35.0},{"not_picked":["Cloak And Dagger+1","Flying Knee+1","Reflex"],"picked":"Blade Dance","floor":36.0},{"not_picked":["PiercingWail","Dash","Flying Knee","Backstab+1"],"picked":"SKIP","floor":36.0},{"not_picked":["Night Terror","Dagger Spray","Outmaneuver"],"picked":"Tactician","floor":38.0},{"not_picked":["Riddle With Holes","Backflip+1","PiercingWail"],"picked":"Noxious Fumes","floor":38.0},{"not_picked":["Poisoned Stab","Backflip","Backstab"],"picked":"Calculated Gamble","floor":39.0},{"not_picked":["Deadly Poison+1","Finisher+1","Deflect+1"],"picked":"Adrenaline","floor":39.0},{"not_picked":["Endless Agony","Acrobatics","Poisoned Stab"],"picked":"Prepared","floor":40.0},{"not_picked":["Dash","Acrobatics","Bane+1","Slice"],"picked":"SKIP","floor":42.0},{"not_picked":["Heel Hook+1","Blade Dance","Slice","Poisoned Stab"],"picked":"SKIP","floor":42.0},{"not_picked":["Accuracy","Underhanded Strike+1","Deadly Poison"],"picked":"Phantasmal Killer","floor":44.0},{"not_picked":["Deadly Poison","Skewer","Acrobatics+1","Dodge and Roll"],"picked":"SKIP","floor":44.0},{"not_picked":["Dash","Eviscerate","Dagger Spray"],"picked":"Tactician","floor":45.0},{"not_picked":["Cloak And Dagger+1","Riddle With Holes","Masterful Stab+1"],"picked":"Escape Plan+1","floor":45.0},{"not_picked":["Backstab+1","Cloak And Dagger","Slice+1","Masterful Stab+1"],"picked":"SKIP","floor":47.0}],"player_experience":315593,"relics_obtained":[{"floor":8.0,"key":"Matryoshka"},{"floor":9.0,"key":"Vajra"},{"floor":9.0,"key":"Question Card"},{"floor":24.0,"key":"TungstenRod"},{"floor":26.0,"key":"Anchor"},{"floor":29.0,"key":"Prayer Wheel"},{"floor":40.0,"key":"Letter Opener"},{"floor":47.0,"key":"Molten Egg 2"}],"event_choices":[{"cards_removed":["Strike_G"],"damage_healed":0.0,"max_hp_gain":0.0,"max_hp_loss":0.0,"gold_gain":0.0,"event_name":"The Cleric","player_choice":"Card Removal","floor":2.0,"gold_loss":75.0,"damage_taken":0.0},{"damage_healed":0.0,"max_hp_gain":0.0,"max_hp_loss":0.0,"gold_gain":0.0,"event_name":"Shining Light","player_choice":"Entered Light","floor":3.0,"gold_loss":0.0,"damage_taken":20.0,"cards_upgraded":["Acrobatics","Defend_G"]},{"damage_healed":0.0,"max_hp_gain":5.0,"max_hp_loss":0.0,"gold_gain":0.0,"event_name":"Big Fish","player_choice":"Donut","floor":4.0,"gold_loss":0.0,"damage_taken":0.0},{"damage_healed":0.0,"max_hp_gain":0.0,"max_hp_loss":0.0,"gold_gain":0.0,"event_name":"Addict","player_choice":"Obtained Relic","floor":19.0,"gold_loss":85.0,"damage_taken":0.0,"relics_obtained":["Toy Ornithopter"]},{"damage_healed":0.0,"max_hp_gain":0.0,"max_hp_loss":0.0,"gold_gain":0.0,"event_name":"The Library","player_choice":"Read","floor":21.0,"gold_loss":0.0,"damage_taken":0.0,"cards_obtained":["Reflex"]},{"damage_healed":0.0,"max_hp_gain":0.0,"max_hp_loss":0.0,"gold_gain":0.0,"event_name":"Match and Keep!","player_choice":"1 cards matched","floor":37.0,"gold_loss":0.0,"damage_taken":0.0,"cards_obtained":["Malaise"]}],"is_beta":false,"boss_relics":[{"not_picked":["SlaversCollar","Ectoplasm"],"picked":"Runic Pyramid"},{"not_picked":["Fusion Hammer","Snecko Eye"],"picked":"Cursed Key"}],"items_purged_floors":[22,48],"is_endless":false,"potions_floor_spawned":[1,7,8,10,24,25,29,36,38,44,45],"ascension_level":17}}