{"host":"6xsbn6ynqlzwllfm","time":1612128619,"event":{"mods":["2.2 Compatiblity","BaseMod","Bestiary","Colored Map","Colored Powertips","Curses Come First","Highlight Path","Keyboard Shortcuts","Minty Spire (QoL Compilation)","Relic Stats","Slay the Relics Exporter","StSLib","SuperFastMode"],"gold_per_floor":[118,132,143,143,29,29,57,67,67,97,97,121,141,185,185,185,185],"floor_reached":16,"language":"ENG","playtime":514,"items_purged":[],"score":244,"play_id":"616051b7-c889-4622-89fb-8c510bc10f1b","local_time":"20210131163019","is_ascension_mode":true,"campfire_choices":[{"data":"BattleHymn","floor":6.0,"key":"SMITH"},{"data":"CrushJoints","floor":11,"key":"SMITH"},{"floor":15,"key":"REST"}],"circlet_count":0,"master_deck":["AscendersBane","Strike_P","Strike_P","Strike_P","Strike_P+1","Defend_P","Defend_P","Defend_P","Defend_P","Eruption","Vigilance+1","EmptyFist","BowlingBash","BattleHymn+1","CrushJoints+1","Halt","Ragnarok","Halt","Tantrum"],"relics":["PureWater","Potion Belt","Lizard Tail","CaptainsWheel","Bird Faced Urn","CeramicFish","Lantern"],"acts_visited":["Exordium"],"potions_floor_usage":[8,10,10,12,12,14,16],"damage_taken":[{"damage":0.0,"enemies":"Small Slimes","floor":1.0,"turns":2.0},{"damage":0.0,"enemies":"Jaw Worm","floor":2.0,"turns":2.0},{"damage":1.0,"enemies":"Cultist","floor":3.0,"turns":3.0},{"damage":8.0,"enemies":"Gremlin Nob","floor":7.0,"turns":3.0},{"damage":13,"enemies":"Exordium Thugs","floor":8,"turns":5},{"damage":4,"enemies":"Lagavulin","floor":10,"turns":6},{"damage":0,"enemies":"Gremlin Gang","floor":12,"turns":4},{"damage":11,"enemies":"2 Fungi Beasts","floor":13,"turns":3},{"damage":9,"enemies":"3 Sentries","floor":14,"turns":6},{"damage":64,"enemies":"The Guardian","floor":16,"turns":8}],"seed_played":"854035792720978630","potions_obtained":[{"floor":8,"key":"EntropicBrew"},{"floor":10,"key":"Swift Potion"},{"floor":12,"key":"SkillPotion"}],"is_trial":false,"path_per_floor":["M","M","M","?","?","R","E","M","T","E","R","M","M","E","R","B"],"character_chosen":"WATCHER","items_purchased":[],"campfire_rested":1,"item_purchase_floors":[],"current_hp_per_floor":[61,61,60,40,40,40,32,19,19,17,17,19,10,3,23,0,0],"gold":185,"neow_bonus":"RANDOM_COMMON_RELIC","is_daily":false,"chose_seed":false,"campfire_upgraded":2,"win_rate":0.0,"timestamp":1612128619,"path_taken":["M","M","M","?","?","R","E","?","T","E","R","M","M","E","R","BOSS"],"items_purchased_type":[],"build_version":"2020-12-22","purchased_purges":0,"victory":false,"max_hp_per_floor":[68,68,68,68,68,68,68,68,68,68,68,68,68,68,68,68,68],"relic_stats":{"Lizard Tail":34,"counters":[10,42],"Bird Faced Urn":[10],"CeramicFish":27,"obtain_stats":[{"Potion Belt":0,"Lizard Tail":5,"CaptainsWheel":7,"Lantern":14,"Bird Faced Urn":9,"CeramicFish":10,"PureWater":0},{"Potion Belt":0,"Lizard Tail":3,"CaptainsWheel":4,"Lantern":9,"Bird Faced Urn":5,"CeramicFish":6,"PureWater":0},{"Potion Belt":0,"Lizard Tail":7,"CaptainsWheel":10,"Lantern":34,"Bird Faced Urn":15,"CeramicFish":21,"PureWater":0}]},"card_choices":[{"not_picked":["BowlingBash","EmptyBody"],"picked":"EmptyFist","floor":1.0},{"not_picked":["PathToVictory","Protect"],"picked":"BowlingBash","floor":2.0},{"not_picked":["FollowUp","Prostrate"],"picked":"BattleHymn","floor":3.0},{"not_picked":["ThirdEye","Perseverance"],"picked":"CrushJoints","floor":7.0},{"not_picked":["ClearTheMind","TalkToTheHand"],"picked":"Halt","floor":8},{"not_picked":["Protect","Crescendo"],"picked":"Ragnarok","floor":12},{"not_picked":["BowlingBash","ClearTheMind"],"picked":"Halt","floor":13},{"not_picked":["JustLucky","Halt"],"picked":"Tantrum","floor":14}],"player_experience":1370429,"relics_obtained":[{"floor":7.0,"key":"CaptainsWheel"},{"floor":9,"key":"Bird Faced Urn"},{"floor":10,"key":"CeramicFish"},{"floor":14,"key":"Lantern"}],"event_choices":[{"damage_healed":0.0,"max_hp_gain":0.0,"max_hp_loss":0.0,"gold_gain":0.0,"event_name":"Shining Light","player_choice":"Entered Light","floor":4.0,"gold_loss":0.0,"damage_taken":20.0,"cards_upgraded":["Vigilance","Strike_P"]},{"damage_healed":0.0,"max_hp_gain":0.0,"max_hp_loss":0.0,"gold_gain":0.0,"event_name":"WeMeetAgain","player_choice":"Paid Gold","floor":5.0,"gold_loss":114.0,"damage_taken":0.0,"relics_obtained":["Lizard Tail"]}],"is_beta":false,"boss_relics":[],"items_purged_floors":[],"is_endless":false,"potions_floor_spawned":[8,10,12],"killed_by":"The Guardian","ascension_level":20}}