{"host":"r53pw7z744tg3fxg","time":1612106230,"event":{"mods":["AchievementEnabler","BaseMod","Colored Map","Colored Powertips","Highlight Path","Minty Spire (QoL Compilation)","Quick Restart","Transform Curses"],"gold_per_floor":[116,37,57,57,31,62,62,62,62,75,75,75,96,139,139,139,139],"floor_reached":16,"language":"ENG","playtime":453,"items_purged":[],"score":253,"play_id":"3b3b6b8a-5ecb-49b3-923e-8bca4bc681f2","local_time":"20210131081710","is_ascension_mode":true,"campfire_choices":[{"floor":7.0,"key":"REST"},{"floor":11.0,"key":"REST"},{"floor":15,"key":"REST"}],"circlet_count":0,"master_deck":["AscendersBane","Strike_P","Strike_P","Strike_P","Strike_P","Defend_P","Defend_P","Defend_P","Defend_P","Eruption","Vigilance","Trip","FollowUp","Conclude","FlurryOfBlows","Consecrate","EmptyBody","Injury","BowlingBash","DeceiveReality","TalkToTheHand"],"relics":["PureWater","Prayer Wheel","Oddly Smooth Stone","Golden Idol","Letter Opener","Singing Bowl"],"acts_visited":["Exordium"],"potions_floor_usage":[],"damage_taken":[{"damage":0.0,"enemies":"Cultist","floor":1.0,"turns":2.0},{"damage":9.0,"enemies":"Jaw Worm","floor":3.0,"turns":4.0},{"damage":0.0,"enemies":"3 Sentries","floor":6.0,"turns":2.0},{"damage":0.0,"enemies":"Small Slimes","floor":10.0,"turns":2.0},{"damage":0.0,"enemies":"2 Fungi Beasts","floor":13.0,"turns":3.0},{"damage":30,"enemies":"Lagavulin","floor":14,"turns":13},{"damage":64,"enemies":"The Guardian","floor":16,"turns":10}],"seed_played":"-808278842188101520","potions_obtained":[{"floor":1.0,"key":"Explosive Potion"},{"floor":3.0,"key":"Strength Potion"}],"is_trial":false,"path_per_floor":["M","$","M","?","$","E","R","?","T","M","R","$","M","E","R","B"],"character_chosen":"WATCHER","items_purchased":["Conclude","Consecrate"],"campfire_rested":3,"item_purchase_floors":[2,5],"current_hp_per_floor":[61,61,52,26,26,26,46,46,46,46,66,66,66,38,59,0,0],"gold":139,"neow_bonus":"RANDOM_COLORLESS","is_daily":false,"chose_seed":false,"campfire_upgraded":0,"win_rate":0.0,"timestamp":1612106230,"path_taken":["M","?","M","?","$","E","R","?","T","M","R","$","M","E","R","BOSS"],"items_purchased_type":["Card","Card"],"build_version":"2020-12-22","purchased_purges":0,"victory":false,"max_hp_per_floor":[68,68,68,68,68,68,68,68,68,68,68,68,68,70,70,70,70],"card_choices":[{"not_picked":["Finesse","Swift Strike"],"picked":"Trip","floor":0.0},{"not_picked":["EmptyFist","WaveOfTheHand"],"picked":"FollowUp","floor":1.0},{"not_picked":["EmptyFist","Prostrate"],"picked":"FlurryOfBlows","floor":3.0},{"not_picked":["JustLucky","Prostrate"],"picked":"EmptyBody","floor":6.0},{"not_picked":["PathToVictory","Halt"],"picked":"BowlingBash","floor":10.0},{"not_picked":["FollowUp","Study"],"picked":"DeceiveReality","floor":10.0},{"not_picked":["Perseverance","Consecrate"],"picked":"TalkToTheHand","floor":13.0},{"not_picked":["Wish","Swivel","WaveOfTheHand"],"picked":"SKIP","floor":13.0},{"not_picked":["Ragnarok","EmptyBody","SandsOfTime"],"picked":"Singing Bowl","floor":14}],"player_experience":1401176,"relics_obtained":[{"floor":6.0,"key":"Oddly Smooth Stone"},{"floor":9.0,"key":"Letter Opener"},{"floor":14,"key":"Singing Bowl"}],"event_choices":[{"damage_healed":0.0,"max_hp_gain":0.0,"max_hp_loss":0.0,"gold_gain":0.0,"event_name":"Scrap Ooze","player_choice":"Success","floor":4.0,"gold_loss":0.0,"damage_taken":26.0,"relics_obtained":["Prayer Wheel"]},{"damage_healed":0.0,"max_hp_gain":0.0,"max_hp_loss":0.0,"gold_gain":0.0,"event_name":"Golden Idol","player_choice":"Take Wound","floor":8.0,"gold_loss":0.0,"damage_taken":0.0,"relics_obtained":["Golden Idol"],"cards_obtained":["Injury"]}],"is_beta":false,"boss_relics":[],"items_purged_floors":[],"is_endless":false,"potions_floor_spawned":[1,3],"killed_by":"The Guardian","ascension_level":18}}