{"host":"bht7q8dqip9du99t","time":1612117150,"event":{"mods":["AchievementEnabler","BaseMod","Colored Map","Colored Powertips","Highlight Path","Minty Spire (QoL Compilation)","Permanent Neow","Quick Restart","StSLib"],"gold_per_floor":[15,15,90,32,32,32,57,57,57,83,83,47,61,75,75,152,152,163,59,75,75,75,110,110,128,128,143,162,188,188,222,222,293,293,305,352,352,377,395,395,70,86,113,13,24,49,60,89,89,89,89],"floor_reached":52,"language":"ENG","playtime":3328,"items_purged":["Defend_R","Bash"],"score":2052,"play_id":"98907ec7-2499-45bf-b9b4-620cc59c8d49","local_time":"20210131131910","is_ascension_mode":true,"campfire_choices":[{"data":"Fire Breathing","floor":6.0,"key":"SMITH"},{"floor":8.0,"key":"REST"},{"data":"Wild Strike","floor":11.0,"key":"SMITH"},{"data":"Fire Breathing","floor":15.0,"key":"SMITH"},{"floor":24.0,"key":"REST"},{"data":"Evolve","floor":30.0,"key":"SMITH"},{"data":"Fire Breathing","floor":32.0,"key":"SMITH"},{"data":"Barricade","floor":40.0,"key":"SMITH"},{"data":"Power Through","floor":49.0,"key":"SMITH"}],"circlet_count":0,"master_deck":["AscendersBane","Defend_R","Fire Breathing+1","Wild Strike+1","Second Wind","Dark Embrace","Shrug It Off","Fire Breathing+1","Pommel Strike+1","Shrug It Off","Pommel Strike","Headbutt","Power Through","Evolve+1","Fire Breathing+1","Burning Pact","Barricade+1","CurseOfTheBell","Power Through+1","Warcry"],"relics":["Burning Blood","PreservedInsect","StrikeDummy","CaptainsWheel","Empty Cage","Incense Burner","Mummified Hand","White Beast Statue","Lizard Tail","Calling Bell","Happy Flower","Gremlin Horn","TungstenRod","Champion Belt","Charon\u0027s Ashes","Mango","Strawberry","Sundial","Self Forming Clay"],"acts_visited":["Exordium","TheCity","TheBeyond"],"potions_floor_usage":[51],"damage_taken":[{"damage":7.0,"enemies":"Cultist","floor":1.0,"turns":4.0},{"damage":36.0,"enemies":"Gremlin Nob","floor":7.0,"turns":4.0},{"damage":10.0,"enemies":"3 Sentries","floor":10.0,"turns":3.0},{"damage":16.0,"enemies":"Small Slimes","floor":13.0,"turns":3.0},{"damage":6.0,"enemies":"Jaw Worm","floor":14.0,"turns":4.0},{"damage":41.0,"enemies":"The Guardian","floor":16.0,"turns":9.0},{"damage":16.0,"enemies":"2 Thieves","floor":18.0,"turns":4.0},{"damage":0.0,"enemies":"Chosen","floor":20.0,"turns":3.0},{"damage":29.0,"enemies":"Slavers","floor":23.0,"turns":3.0},{"damage":14.0,"enemies":"Centurion and Healer","floor":25.0,"turns":5.0},{"damage":0.0,"enemies":"Snecko","floor":27.0,"turns":4.0},{"damage":0.0,"enemies":"3 Cultists","floor":28.0,"turns":4.0},{"damage":3.0,"enemies":"Gremlin Leader","floor":29.0,"turns":5.0},{"damage":21.0,"enemies":"Slavers","floor":31.0,"turns":3.0},{"damage":4.0,"enemies":"Champ","floor":33.0,"turns":6.0},{"damage":7.0,"enemies":"Orb Walker","floor":35.0,"turns":3.0},{"damage":3.0,"enemies":"2 Orb Walkers","floor":36.0,"turns":3.0},{"damage":20.0,"enemies":"Mind Bloom Boss Battle","floor":38.0,"turns":4.0},{"damage":1.0,"enemies":"3 Darklings","floor":39.0,"turns":4.0},{"damage":0.0,"enemies":"4 Shapes","floor":42.0,"turns":3.0},{"damage":0.0,"enemies":"Maw","floor":45.0,"turns":5.0},{"damage":4.0,"enemies":"Giant Head","floor":46.0,"turns":7.0},{"damage":0.0,"enemies":"Jaw Worm Horde","floor":47.0,"turns":2.0},{"damage":0.0,"enemies":"Reptomancer","floor":48.0,"turns":2.0},{"damage":31,"enemies":"Time Eater","floor":50,"turns":7},{"damage":22,"enemies":"Donu and Deca","floor":51,"turns":4}],"seed_played":"6807652306119843822","potions_obtained":[{"floor":1.0,"key":"ColorlessPotion"},{"floor":13.0,"key":"Dexterity Potion"},{"floor":14.0,"key":"LiquidMemories"},{"floor":18.0,"key":"BloodPotion"},{"floor":20.0,"key":"PowerPotion"},{"floor":27.0,"key":"Weak Potion"},{"floor":31.0,"key":"SneckoOil"},{"floor":33.0,"key":"Energy Potion"},{"floor":36.0,"key":"FairyPotion"},{"floor":38.0,"key":"Block Potion"},{"floor":39.0,"key":"SmokeBomb"},{"floor":42.0,"key":"AttackPotion"},{"floor":45.0,"key":"Swift Potion"},{"floor":46.0,"key":"Swift Potion"},{"floor":47.0,"key":"BloodPotion"}],"is_trial":false,"path_per_floor":["M","?","?","$","?","R","E","R","T","E","R","$","M","M","R","B",null,"M","$","M","?","?","E","R","M","T","M","M","E","R","E","R","B",null,"M","?","?","?","M","R","$","M","T","$","M","E","M","E","R","B","B",null],"character_chosen":"IRONCLAD","items_purchased":["Wild Strike","Dark Embrace","Shrug It Off","Mango"],"campfire_rested":2,"item_purchase_floors":[4,12,19,41],"current_hp_per_floor":[67,67,56,56,75,75,45,67,67,63,63,63,53,53,53,18,61,51,51,57,57,57,34,56,48,48,69,75,75,75,60,60,62,72,71,74,74,60,65,65,79,85,92,92,96,96,96,96,96,71,74],"gold":89,"neow_bonus":"REMOVE_TWO","is_daily":false,"chose_seed":false,"campfire_upgraded":7,"win_rate":0.0,"timestamp":1612117150,"path_taken":["M","?","?","?","?","R","E","R","T","E","R","$","M","M","R","BOSS","M","$","M","?","?","E","R","M","T","?","?","E","R","E","R","BOSS","M","?","?","?","?","R","$","M","T","$","M","E","M","E","R","BOSS","BOSS"],"items_purchased_type":["Card","Card","Card","Relic"],"build_version":"2020-12-22","purchased_purges":2,"victory":true,"max_hp_per_floor":[75,75,75,75,75,75,75,75,75,75,75,75,75,75,75,75,75,75,75,75,75,75,75,75,75,75,75,75,75,75,75,75,75,75,75,75,75,75,75,75,89,89,96,96,96,96,96,96,96,96,96],"card_choices":[{"not_picked":["Heavy Blade","Sentinel"],"picked":"Fire Breathing","floor":1.0},{"not_picked":["Dual Wield","Sword Boomerang","Blood for Blood"],"picked":"SKIP","floor":7.0},{"not_picked":["Fire Breathing","Twin Strike"],"picked":"Second Wind","floor":10.0},{"not_picked":["Clothesline","Feel No Pain"],"picked":"Shrug It Off","floor":13.0},{"not_picked":["Whirlwind","Pummel"],"picked":"Fire Breathing","floor":14.0},{"not_picked":["Clothesline","Flex+1"],"picked":"Pommel Strike+1","floor":18.0},{"not_picked":["Sword Boomerang","Perfected Strike","Metallicize"],"picked":"SKIP","floor":20.0},{"not_picked":["Brutality","Body Slam"],"picked":"Power Through","floor":23.0},{"not_picked":["Spot Weakness","Searing Blow","Twin Strike+1"],"picked":"SKIP","floor":25.0},{"not_picked":["Thunderclap","Clothesline"],"picked":"Evolve","floor":27.0},{"not_picked":["Iron Wave","Cleave+1"],"picked":"Fire Breathing","floor":28.0},{"not_picked":["Body Slam","Searing Blow"],"picked":"Burning Pact","floor":29.0},{"not_picked":["Limit Break","Sentinel","Second Wind"],"picked":"SKIP","floor":31.0},{"not_picked":["Berserk","Double Tap"],"picked":"Barricade","floor":33.0},{"not_picked":["Perfected Strike","Shrug It Off"],"picked":"Power Through","floor":35.0},{"not_picked":["Second Wind","Feed","Perfected Strike"],"picked":"SKIP","floor":39.0},{"not_picked":["Thunderclap","Clothesline+1"],"picked":"Warcry","floor":42.0},{"not_picked":["Dark Embrace","Inflame","Wild Strike"],"picked":"SKIP","floor":45.0},{"not_picked":["Ghostly Armor","Sever Soul","Sword Boomerang"],"picked":"SKIP","floor":46.0},{"not_picked":["Thunderclap+1","Infernal Blade","Havoc+1"],"picked":"SKIP","floor":47.0},{"not_picked":["Rupture","Anger+1","Second Wind"],"picked":"SKIP","floor":48.0}],"player_experience":694369,"relics_obtained":[{"floor":7.0,"key":"PreservedInsect"},{"floor":9.0,"key":"StrikeDummy"},{"floor":10.0,"key":"CaptainsWheel"},{"floor":23.0,"key":"Incense Burner"},{"floor":26.0,"key":"Mummified Hand"},{"floor":29.0,"key":"White Beast Statue"},{"floor":31.0,"key":"Lizard Tail"},{"floor":34.0,"key":"Happy Flower"},{"floor":34.0,"key":"Gremlin Horn"},{"floor":34.0,"key":"TungstenRod"},{"floor":36.0,"key":"Champion Belt"},{"floor":38.0,"key":"Charon\u0027s Ashes"},{"floor":43.0,"key":"Strawberry"},{"floor":46.0,"key":"Sundial"},{"floor":48.0,"key":"Self Forming Clay"}],"event_choices":[{"cards_removed":["Strike_R"],"damage_healed":0.0,"max_hp_gain":0.0,"max_hp_loss":0.0,"gold_gain":0.0,"event_name":"Living Wall","player_choice":"Forget","floor":2.0,"gold_loss":0.0,"damage_taken":0.0},{"damage_healed":0.0,"max_hp_gain":0.0,"max_hp_loss":0.0,"gold_gain":75.0,"event_name":"World of Goop","player_choice":"Gather Gold","floor":3.0,"gold_loss":0.0,"damage_taken":11.0},{"damage_healed":25.0,"max_hp_gain":0.0,"max_hp_loss":0.0,"gold_gain":0.0,"event_name":"Big Fish","player_choice":"Banana","floor":5.0,"gold_loss":0.0,"damage_taken":0.0},{"damage_healed":0.0,"max_hp_gain":0.0,"max_hp_loss":0.0,"gold_gain":0.0,"cards_transformed":["Strike_R","Defend_R"],"event_name":"Drug Dealer","player_choice":"Became Test Subject","floor":21.0,"gold_loss":0.0,"damage_taken":0.0,"cards_obtained":["Pommel Strike","Flame Barrier"]},{"damage_healed":0.0,"max_hp_gain":0.0,"max_hp_loss":0.0,"gold_gain":0.0,"cards_transformed":["Flame Barrier"],"event_name":"Transmorgrifier","player_choice":"Transformed","floor":22.0,"gold_loss":0.0,"damage_taken":0.0,"cards_obtained":["Headbutt"]},{"damage_healed":0.0,"max_hp_gain":0.0,"max_hp_loss":0.0,"gold_gain":0.0,"event_name":"Mysterious Sphere","player_choice":"Fight","floor":36.0,"gold_loss":0.0,"damage_taken":0.0},{"damage_healed":0.0,"max_hp_gain":0.0,"max_hp_loss":0.0,"gold_gain":0.0,"event_name":"Tomb of Lord Red Mask","player_choice":"Ignored","floor":37.0,"gold_loss":0.0,"damage_taken":0.0},{"damage_healed":0.0,"max_hp_gain":0.0,"max_hp_loss":0.0,"gold_gain":0.0,"event_name":"MindBloom","player_choice":"Fight","floor":38.0,"gold_loss":0.0,"damage_taken":0.0}],"is_beta":false,"boss_relics":[{"not_picked":["Tiny House","Black Star"],"picked":"Empty Cage"},{"not_picked":["Coffee Dripper","SlaversCollar"],"picked":"Calling Bell"}],"items_purged_floors":[19,44],"is_endless":false,"potions_floor_spawned":[1,13,14,18,20,27,31,33,35,36,38,39,42,45,46,47,48],"ascension_level":20}}