{"host":"928gv66myv2vlnsd","time":1612106779,"event":{"mods":["BaseMod","Highlight Path","Minty Spire (QoL Compilation)","StSLib"],"gold_per_floor":[112,13,13,34,52,93,93,108,135,166,100,141,141,156,156,249,249,270,270,270,284,47,47,91,91,91,16,52,52,77,97,97,187,187,212,212,228,228,251,251,251],"floor_reached":40,"language":"ENG","playtime":2039,"items_purged":["Concentrate"],"score":959,"play_id":"278d41ff-e618-48ca-8bd3-b4ff93176e1b","local_time":"20210131102619","is_ascension_mode":true,"campfire_choices":[{"floor":7,"key":"REST"},{"floor":13,"key":"REST"},{"data":"Noxious Fumes","floor":15,"key":"SMITH"},{"data":"Apotheosis","floor":23,"key":"SMITH"},{"floor":25,"key":"REST"},{"floor":32,"key":"REST"}],"circlet_count":0,"master_deck":["AscendersBane","Survivor","Neutralize+1","Cloak And Dagger","Cloak And Dagger","Accuracy","Noxious Fumes+1","Bouncing Flask","Catalyst","Sucker Punch+1","Sucker Punch","Cloak And Dagger","Venomology","Footwork","Deflect","Endless Agony","PiercingWail","Acrobatics","PiercingWail","Bouncing Flask","Slice","Deadly Poison","Deadly Poison","Apotheosis+1","Prepared","Footwork","Tools of the Trade","Night Terror","Leg Sweep","Tactician+1"],"relics":["Ring of the Snake","Bag of Preparation","Golden Idol","Lantern","Bag of Marbles","Pen Nib","War Paint","Pandora\u0027s Box","Whetstone","Calipers","Boot","Snake Skull","Runic Pyramid","Bronze Scales"],"acts_visited":["Exordium","TheCity","TheBeyond"],"potions_floor_usage":[10,18,21,24,28,28,31,33,37,39,40,40],"damage_taken":[{"damage":0,"enemies":"Cultist","floor":1,"turns":5},{"damage":0,"enemies":"2 Louse","floor":4,"turns":3},{"damage":0,"enemies":"Jaw Worm","floor":5,"turns":4},{"damage":27,"enemies":"Lagavulin","floor":6,"turns":7},{"damage":1,"enemies":"2 Fungi Beasts","floor":8,"turns":4},{"damage":19,"enemies":"3 Sentries","floor":10,"turns":7},{"damage":15,"enemies":"Lagavulin","floor":12,"turns":8},{"damage":0,"enemies":"Blue Slaver","floor":14,"turns":2},{"damage":10,"enemies":"The Guardian","floor":16,"turns":10},{"damage":0,"enemies":"Spheric Guardian","floor":18,"turns":3},{"damage":5,"enemies":"2 Thieves","floor":21,"turns":3},{"damage":38,"enemies":"Slavers","floor":24,"turns":6},{"damage":0,"enemies":"Gremlin Leader","floor":28,"turns":5},{"damage":10,"enemies":"Snecko","floor":31,"turns":4},{"damage":76,"enemies":"Collector","floor":33,"turns":6},{"damage":1,"enemies":"Orb Walker","floor":35,"turns":2},{"damage":0,"enemies":"3 Shapes","floor":37,"turns":4},{"damage":21,"enemies":"Transient","floor":39,"turns":6},{"damage":47,"enemies":"Giant Head","floor":40,"turns":7}],"seed_played":"-1627736852645217939","potions_obtained":[{"floor":4,"key":"Fire Potion"},{"floor":6,"key":"EssenceOfSteel"},{"floor":16,"key":"BlessingOfTheForge"},{"floor":18,"key":"Regen Potion"},{"floor":24,"key":"GamblersBrew"},{"floor":28,"key":"FairyPotion"},{"floor":31,"key":"Regen Potion"},{"floor":37,"key":"Strength Potion"},{"floor":39,"key":"LiquidBronze"}],"is_trial":false,"path_per_floor":["M","$","?","M","M","E","R","M","T","E","?","E","R","M","R","B",null,"M","?","?","M","$","R","E","R","T","$","E","$","T","M","R","B",null,"M","?","M","?","M","E"],"character_chosen":"THE_SILENT","items_purchased":["Cloak And Dagger","Accuracy","Apotheosis","Prepared"],"campfire_rested":4,"item_purchase_floors":[2,2,22,22],"current_hp_per_floor":[59,59,59,59,59,32,50,49,49,30,30,15,33,33,33,23,51,51,45,45,40,40,40,17,35,35,35,35,35,35,25,43,19,50,49,49,49,49,28,0,0],"gold":251,"neow_bonus":"RANDOM_COMMON_RELIC","is_daily":false,"chose_seed":false,"campfire_upgraded":2,"win_rate":0.0,"timestamp":1612106779,"path_taken":["M","?","?","M","M","E","R","M","T","E","?","E","R","M","R","BOSS","M","?","?","M","$","R","E","R","T","?","E","$","?","M","R","BOSS","M","?","M","?","?","E"],"items_purchased_type":["Card","Card","Card","Card"],"build_version":"2020-12-22","purchased_purges":1,"victory":false,"max_hp_per_floor":[66,66,60,60,60,60,60,60,60,60,60,60,60,60,60,60,60,60,60,60,60,60,60,60,60,60,60,60,60,60,60,60,60,60,60,60,60,60,60,60,60],"card_choices":[{"not_picked":["Deflect","Prepared"],"picked":"Cloak And Dagger","floor":1},{"not_picked":["Deadly Poison","Sucker Punch"],"picked":"Noxious Fumes","floor":4},{"not_picked":["Blade Dance","Masterful Stab"],"picked":"Bouncing Flask","floor":5},{"not_picked":["Dagger Spray","Dagger Throw"],"picked":"Catalyst","floor":6},{"not_picked":["Backflip","Outmaneuver"],"picked":"Sucker Punch","floor":8},{"not_picked":["Deflect","A Thousand Cuts"],"picked":"Sucker Punch","floor":10},{"not_picked":["Expertise","Dodge and Roll"],"picked":"Cloak And Dagger","floor":12},{"not_picked":["PiercingWail","Flying Knee","Flechettes"],"picked":"SKIP","floor":14},{"not_picked":["A Thousand Cuts","Grand Finale"],"picked":"Venomology","floor":16},{"not_picked":["Dagger Spray","Distraction"],"picked":"Deadly Poison","floor":18},{"not_picked":["Blade Dance","Flying Knee","Acrobatics"],"picked":"SKIP","floor":21},{"not_picked":["Acrobatics","Dagger Spray"],"picked":"Footwork","floor":24},{"not_picked":["Riddle With Holes+1","Blade Dance+1"],"picked":"Tools of the Trade","floor":28},{"not_picked":["Prepared","Endless Agony","Acrobatics"],"picked":"SKIP","floor":31},{"not_picked":["Unload","Storm of Steel"],"picked":"Night Terror","floor":33},{"not_picked":["Masterful Stab","Slice","Leg Sweep"],"picked":"SKIP","floor":35},{"not_picked":["Masterful Stab","Slice"],"picked":"Leg Sweep","floor":35},{"not_picked":["Sucker Punch","Leg Sweep","Dagger Throw"],"picked":"SKIP","floor":37},{"not_picked":["Poisoned Stab","Terror"],"picked":"Tactician+1","floor":39}],"player_experience":1409295,"relics_obtained":[{"floor":6,"key":"Lantern"},{"floor":9,"key":"Bag of Marbles"},{"floor":10,"key":"Pen Nib"},{"floor":12,"key":"War Paint"},{"floor":24,"key":"Whetstone"},{"floor":26,"key":"Calipers"},{"floor":28,"key":"Boot"},{"floor":30,"key":"Snake Skull"}],"event_choices":[{"damage_healed":0,"gold_gain":0,"player_choice":"Lose Max HP","damage_taken":0,"relics_obtained":["Golden Idol"],"max_hp_gain":0,"max_hp_loss":6,"event_name":"Golden Idol","floor":3,"gold_loss":0},{"damage_healed":0,"gold_gain":0,"player_choice":"Left Gold","damage_taken":0,"max_hp_gain":0,"max_hp_loss":0,"event_name":"World of Goop","floor":11,"gold_loss":66},{"damage_healed":0,"gold_gain":0,"player_choice":"Joined the Cult","damage_taken":6,"max_hp_gain":0,"max_hp_loss":0,"event_name":"Nest","floor":19,"gold_loss":0,"cards_obtained":["RitualDagger"]},{"damage_healed":0,"gold_gain":0,"player_choice":"Ignored","damage_taken":0,"max_hp_gain":0,"max_hp_loss":0,"event_name":"Vampires","floor":20,"gold_loss":0},{"cards_removed":["RitualDagger"],"damage_healed":0,"gold_gain":0,"player_choice":"Removed Attack","damage_taken":0,"max_hp_gain":0,"max_hp_loss":0,"event_name":"Falling","floor":36,"gold_loss":0},{"damage_healed":0,"gold_gain":0,"player_choice":"Gave Potion","damage_taken":0,"relics_obtained":["Bronze Scales"],"max_hp_gain":0,"max_hp_loss":0,"event_name":"WeMeetAgain","floor":38,"gold_loss":0}],"is_beta":false,"boss_relics":[{"not_picked":["HoveringKite","Fusion Hammer"],"picked":"Pandora\u0027s Box"},{"not_picked":["WristBlade","Tiny House"],"picked":"Runic Pyramid"}],"items_purged_floors":[27],"is_endless":false,"potions_floor_spawned":[4,6,8,16,18,24,28,31,37,39],"killed_by":"Giant Head","ascension_level":19}}