{"host":"0utx1lcxgx5vu4k0","time":1612063201,"event":{"mods":["AlwaysNeverKeys","BaseMod","Colored Powertips","Minty Spire (QoL Compilation)","Permanent Neow","Relic Stats","StSLib"],"gold_per_floor":[114,125,125,144,163,163,37,67,91,91,126,126,143,153,153,251,251,262,262,442,460,474,509,509,523,523,556,583,599,59,78,78,173,223,239,287,10,27,27,62,93,125,125,137,169,181,104,114,114,114,114,114,114,143,143],"floor_reached":56,"language":"ENG","playtime":3595,"items_purged":["Finisher","Strike_G","Strike_G"],"score":1519,"play_id":"6cedd496-1fd7-482a-9e40-06f661ee3185","local_time":"20210130222001","is_ascension_mode":false,"campfire_choices":[{"data":"Deadly Poison","floor":10,"key":"SMITH"},{"data":"Deadly Poison","floor":12,"key":"SMITH"},{"data":"Catalyst","floor":15,"key":"SMITH"},{"data":"Burst","floor":24,"key":"SMITH"},{"data":"Bouncing Flask","floor":32,"key":"SMITH"},{"floor":49,"key":"RECALL"},{"data":"Acrobatics","floor":52,"key":"SMITH"}],"circlet_count":0,"master_deck":["Strike_G","Defend_G","Defend_G","Defend_G","Defend_G+1","Defend_G","Survivor","Neutralize","Deadly Poison+1","Doppelganger","Leg Sweep","Deadly Poison+1","Backflip","Acrobatics","Escape Plan","Catalyst+1","Burst+1","Backflip","Acrobatics+1","PiercingWail","Crippling Poison+1","Bouncing Flask+1","Adrenaline","Well Laid Plans+1","PiercingWail","Malaise","Escape Plan+1","Footwork","Noxious Fumes"],"relics":["Sozu","Ancient Tea Set","Anchor","Dream Catcher","Coffee Dripper","Nilry\u0027s Codex","Pocketwatch","Toy Ornithopter","Red Mask","OrangePellets","Gambling Chip","Tiny House","WingedGreaves","Bag of Preparation","CaptainsWheel","Bottled Lightning","Bottled Tornado","Paper Crane","TungstenRod","Bag of Marbles"],"acts_visited":["Exordium","TheCity","TheBeyond","TheEnding"],"potions_floor_usage":[],"damage_taken":[{"damage":0,"enemies":"Jaw Worm","floor":1,"turns":4},{"damage":0,"enemies":"2 Louse","floor":2,"turns":3},{"damage":0,"enemies":"Small Slimes","floor":4,"turns":4},{"damage":0,"enemies":"Looter","floor":5,"turns":5},{"damage":8,"enemies":"3 Sentries","floor":8,"turns":11},{"damage":9,"enemies":"Gremlin Nob","floor":11,"turns":4},{"damage":7,"enemies":"Exordium Thugs","floor":13,"turns":4},{"damage":0,"enemies":"Red Slaver","floor":14,"turns":4},{"damage":10,"enemies":"Hexaghost","floor":16,"turns":6},{"damage":0,"enemies":"Shell Parasite","floor":18,"turns":5},{"damage":0,"enemies":"Chosen","floor":21,"turns":3},{"damage":10,"enemies":"Snecko","floor":22,"turns":3},{"damage":0,"enemies":"Gremlin Leader","floor":23,"turns":4},{"damage":0,"enemies":"3 Cultists","floor":25,"turns":4},{"damage":3,"enemies":"Slavers","floor":27,"turns":8},{"damage":1,"enemies":"Masked Bandits","floor":28,"turns":4},{"damage":0,"enemies":"Centurion and Healer","floor":29,"turns":5},{"damage":2,"enemies":"Snake Plant","floor":31,"turns":3},{"damage":0,"enemies":"Automaton","floor":33,"turns":3},{"damage":0,"enemies":"3 Darklings","floor":35,"turns":3},{"damage":15,"enemies":"2 Orb Walkers","floor":36,"turns":6},{"damage":0,"enemies":"3 Shapes","floor":38,"turns":3},{"damage":1,"enemies":"Nemesis","floor":40,"turns":5},{"damage":0,"enemies":"Reptomancer","floor":41,"turns":4},{"damage":0,"enemies":"Giant Head","floor":42,"turns":3},{"damage":0,"enemies":"3 Darklings","floor":44,"turns":3},{"damage":1,"enemies":"Reptomancer","floor":45,"turns":5},{"damage":0,"enemies":"Transient","floor":46,"turns":5},{"damage":0,"enemies":"Jaw Worm Horde","floor":48,"turns":4},{"damage":0,"enemies":"Time Eater","floor":50,"turns":6},{"damage":0,"enemies":"Shield and Spear","floor":54,"turns":5},{"damage":19,"enemies":"The Heart","floor":55,"turns":8}],"seed_played":"3275462730126591055","potions_obtained":[],"is_trial":false,"path_per_floor":["M","M","?","M","M","?","$","E","T","R","E","R","M","M","R","B",null,"M","?","?","M","M","E","R","M","T","E","?","M","$","M","R","B",null,"M","?","$","M","?","E","E","E","T","M","E","M","$","M","R","B",null,"R","$","E","B",null],"character_chosen":"THE_SILENT","items_purchased":["Deadly Poison","OrangePellets","Gambling Chip","Bag of Preparation","Footwork"],"campfire_rested":0,"item_purchase_floors":[7,30,30,37,47],"current_hp_per_floor":[70,70,63,63,63,63,63,55,55,55,46,46,39,39,39,29,70,70,54,35,35,25,25,25,25,25,22,21,21,21,19,19,19,75,75,60,60,60,60,59,59,59,59,59,58,58,58,58,58,58,75,75,75,75,56],"gold":143,"neow_bonus":"BOSS_RELIC","is_daily":false,"chose_seed":false,"campfire_upgraded":6,"win_rate":0.0,"timestamp":1612063201,"path_taken":["M","M","?","M","M","?","$","E","T","R","E","R","M","M","R","BOSS","M","?","?","?","M","E","R","M","T","E","?","M","$","M","R","BOSS","M","?","?","?","?","E","E","E","T","M","E","M","$","M","R","BOSS","R","$","E","BOSS"],"items_purchased_type":["Card","Relic","Relic","Relic","Card"],"build_version":"2020-12-22","purchased_purges":3,"victory":true,"max_hp_per_floor":[70,70,70,70,70,70,70,70,70,70,70,70,70,70,70,70,70,70,70,70,70,70,70,70,70,70,70,70,70,70,70,70,70,75,75,75,75,75,75,75,75,75,75,75,75,75,75,75,75,75,75,75,75,75,75],"relic_stats":{"Sozu":15,"OrangePellets":[1],"Dream Catcher":0,"counters":[32,147],"Gambling Chip":[52],"Bag of Preparation":[22],"obtain_stats":[{"Tiny House":34,"Nilry\u0027s Codex":19,"Bag of Preparation":37,"Bottled Tornado":42,"Paper Crane":43,"Ancient Tea Set":8,"Sozu":0,"OrangePellets":30,"Anchor":9,"Dream Catcher":11,"CaptainsWheel":40,"Gambling Chip":30,"WingedGreaves":36,"Coffee Dripper":17,"Red Mask":28,"Bag of Marbles":54,"Bottled Lightning":41,"Toy Ornithopter":27,"TungstenRod":45,"Ring of the Snake":0,"Pocketwatch":23},{"Tiny House":19,"Nilry\u0027s Codex":10,"Bag of Preparation":21,"Bottled Tornado":25,"Paper Crane":25,"Ancient Tea Set":5,"Sozu":0,"OrangePellets":17,"Anchor":5,"Dream Catcher":6,"CaptainsWheel":23,"Gambling Chip":17,"WingedGreaves":21,"Coffee Dripper":9,"Red Mask":16,"Bag of Marbles":31,"Bottled Lightning":24,"Toy Ornithopter":15,"TungstenRod":27,"Ring of the Snake":0,"Pocketwatch":13},{"Tiny House":87,"Nilry\u0027s Codex":50,"Bag of Preparation":96,"Bottled Tornado":111,"Paper Crane":111,"Ancient Tea Set":27,"Sozu":0,"OrangePellets":81,"Anchor":27,"Dream Catcher":31,"CaptainsWheel":104,"Gambling Chip":81,"WingedGreaves":96,"Coffee Dripper":45,"Red Mask":76,"Bag of Marbles":139,"Bottled Lightning":108,"Toy Ornithopter":72,"TungstenRod":119,"Ring of the Snake":0,"Pocketwatch":60}],"Toy Ornithopter":0,"TungstenRod":14,"Pocketwatch":[39]},"card_choices":[{"not_picked":["Bane","Backflip"],"picked":"Deadly Poison","floor":1},{"not_picked":["Acrobatics","Prepared"],"picked":"Doppelganger","floor":2},{"not_picked":["Blade Dance","Dodge and Roll"],"picked":"Leg Sweep","floor":4},{"not_picked":["Flying Knee","Bane"],"picked":"Poisoned Stab","floor":5},{"not_picked":["Quick Slash","Blade Dance"],"picked":"Backflip","floor":8},{"not_picked":["Leg Sweep","Predator"],"picked":"Acrobatics","floor":11},{"not_picked":["Reflex","Prepared"],"picked":"Escape Plan","floor":13},{"not_picked":["Eviscerate","Dagger Throw"],"picked":"Catalyst","floor":14},{"not_picked":["After Image","Bullet Time"],"picked":"Burst","floor":16},{"not_picked":["Choke","Sucker Punch","Predator"],"picked":"SKIP","floor":18},{"not_picked":["Acrobatics","Dagger Throw"],"picked":"Backflip","floor":21},{"not_picked":["Sucker Punch","Prepared","Tactician+1"],"picked":"SKIP","floor":22},{"not_picked":["Deflect+1","Expertise"],"picked":"Acrobatics","floor":23},{"not_picked":["Dagger Throw","Dagger Spray"],"picked":"PiercingWail","floor":25},{"not_picked":["Calculated Gamble","Dodge and Roll+1"],"picked":"Crippling Poison+1","floor":27},{"not_picked":["Dodge and Roll","Dagger Spray"],"picked":"Bouncing Flask","floor":29},{"not_picked":["Poisoned Stab+1","Deflect","Acrobatics"],"picked":"SKIP","floor":31},{"not_picked":["Bullet Time","A Thousand Cuts"],"picked":"Adrenaline","floor":33},{"not_picked":["Deflect+1","Underhanded Strike"],"picked":"Well Laid Plans+1","floor":35},{"not_picked":["Acrobatics+1","Deadly Poison"],"picked":"PiercingWail","floor":38},{"not_picked":["Poisoned Stab+1","Acrobatics"],"picked":"Malaise","floor":40},{"not_picked":["Outmaneuver","Acrobatics","Underhanded Strike+1"],"picked":"SKIP","floor":41},{"not_picked":["Slice+1","Dagger Spray+1","Venomology"],"picked":"SKIP","floor":42},{"not_picked":["Deflect","Escape Plan","Bane"],"picked":"SKIP","floor":44},{"not_picked":["Dodge and Roll","Heel Hook","Eviscerate"],"picked":"SKIP","floor":45},{"not_picked":["Slice+1","All Out Attack"],"picked":"Escape Plan+1","floor":46},{"not_picked":["Acrobatics","Dagger Throw+1"],"picked":"Noxious Fumes","floor":48},{"not_picked":["Dagger Spray+1","Slice+1","After Image"],"picked":"SKIP","floor":54}],"player_experience":15703,"relics_obtained":[{"floor":8,"key":"Ancient Tea Set"},{"floor":9,"key":"Anchor"},{"floor":11,"key":"Dream Catcher"},{"floor":19,"key":"Nilry\u0027s Codex"},{"floor":23,"key":"Pocketwatch"},{"floor":27,"key":"Toy Ornithopter"},{"floor":28,"key":"Red Mask"},{"floor":36,"key":"WingedGreaves"},{"floor":40,"key":"CaptainsWheel"},{"floor":41,"key":"Bottled Lightning"},{"floor":42,"key":"Bottled Tornado"},{"floor":43,"key":"Paper Crane"},{"floor":45,"key":"TungstenRod"},{"floor":54,"key":"Bag of Marbles"}],"event_choices":[{"cards_removed":["Strike_G"],"damage_healed":0,"gold_gain":0,"player_choice":"Card Removal","damage_taken":7,"max_hp_gain":0,"max_hp_loss":0,"event_name":"Golden Wing","floor":3,"gold_loss":0},{"damage_healed":0,"gold_gain":0,"cards_transformed":["Strike_G"],"player_choice":"Change","damage_taken":0,"max_hp_gain":0,"max_hp_loss":0,"event_name":"Living Wall","floor":6,"gold_loss":0,"cards_obtained":["Finisher"]},{"damage_healed":0,"gold_gain":0,"player_choice":"Obtained Book","damage_taken":16,"max_hp_gain":0,"max_hp_loss":0,"event_name":"Cursed Tome","floor":19,"gold_loss":0},{"damage_healed":0,"gold_gain":180,"player_choice":"GOLD GOLD ","damage_taken":19,"max_hp_gain":0,"max_hp_loss":0,"event_name":"Knowing Skull","floor":20,"potions_obtained":[],"gold_loss":0,"cards_obtained":[]},{"damage_healed":0,"gold_gain":0,"player_choice":"Fought Bandits","damage_taken":0,"max_hp_gain":0,"max_hp_loss":0,"event_name":"Masked Bandits","floor":28,"gold_loss":0},{"damage_healed":0,"gold_gain":0,"player_choice":"Fight","damage_taken":0,"max_hp_gain":0,"max_hp_loss":0,"event_name":"Mysterious Sphere","floor":36,"gold_loss":0},{"cards_removed":["Poisoned Stab"],"damage_healed":0,"gold_gain":0,"player_choice":"Removed Attack","damage_taken":0,"max_hp_gain":0,"max_hp_loss":0,"event_name":"Falling","floor":39,"gold_loss":0}],"is_beta":false,"boss_relics":[{"not_picked":["WristBlade","Snecko Eye"],"picked":"Coffee Dripper"},{"not_picked":["SacredBark","HoveringKite"],"picked":"Tiny House"}],"items_purged_floors":[7,30,37],"is_endless":false,"potions_floor_spawned":[5,8,13,16,21,22,23,28,33,35,38,44,48,54],"ascension_level":0}}