{"host":"r9v0g0iwbsx9dzwu","time":1612087441,"event":{"mods":["100% Spire Juice","ATMod(阿瑾Mod)","Aspiration","BaseMod","Minty Spire (QoL Compilation)","MostiFishMod","Reliquary","Replay The Spire","RumiaBox-露米娅的神秘盒子","StSLib","TestMod","[IsaacMod]以撒尖塔","【功能Mod】聪明的最终Boss","【遗物卡牌】REMEMod"],"gold_per_floor":[116,118,137,137,153,181,181,198,224,277,335,372,152,152,152,173,173,183,183],"floor_reached":18,"language":"ZHS","playtime":466,"items_purged":["Reckless Charge"],"score":432,"play_id":"d38d1b75-c434-42fe-872c-471f096b3a48","local_time":"20210131180401","is_ascension_mode":false,"campfire_choices":[{"data":"MostiFishMod:RacingGame","floor":7.0,"key":"SMITH"},{"floor":17,"key":"RECALL"}],"circlet_count":0,"master_deck":["Strike_R","Strike_R","Strike_R","Strike_R","Strike_R","Defend_R","Defend_R","Defend_R","Defend_R","Bash","REME_SingleHolding","Pride","testmod-Lust","testmod-Wrath","testmod-Sloth","testmod-Envy","testmod-Greed","testmod-Gluttony","AT_KingSlayer","MostiFishMod:RacingGame+1","Sword Boomerang","Shrug It Off","ReplayTheSpireMod:Limb From Limb"],"relics":["Burning Blood","AT_ATBox","DaveBox","testmod-TestBox","HushsDoor","REME_ComplimentaryCards","GuppysPaw","testmod-SevenDeadlySins","Du-Vu Doll","Darkstone Periapt","Blue Candle","ImprovedEquipment","GuppysHead","Baka2","Ring of Panic","ReplayTheSpireMod:Spearhead","Replay:Bandana","Du-Vu Doll","Mummified Hand","REME_PuzzleBoxRelic","Oddly Smooth Stone","AT_ArchangelStaff"],"acts_visited":["Exordium"],"potions_floor_usage":[],"damage_taken":[{"damage":8.0,"enemies":"Cultist","floor":1.0,"turns":3.0},{"damage":0.0,"enemies":"2 Louse","floor":2.0,"turns":1.0},{"damage":0.0,"enemies":"Jaw Worm","floor":3.0,"turns":1.0},{"damage":2.0,"enemies":"Looter","floor":5.0,"turns":1.0},{"damage":1.0,"enemies":"Gremlin Nob","floor":6.0,"turns":3.0},{"damage":5.0,"enemies":"3 Louse","floor":8.0,"turns":3.0},{"damage":4.0,"enemies":"Replay:BlueRogue","floor":10.0,"turns":3.0},{"damage":8.0,"enemies":"Hiden Room Battle","floor":11.0,"turns":2.0},{"damage":0.0,"enemies":"3 Sentries","floor":12.0,"turns":2.0},{"damage":0,"enemies":"Exordium Wildlife","floor":16,"turns":1},{"damage":3,"enemies":"Slime Boss","floor":18,"turns":3}],"seed_played":"4952890320900411385","potions_obtained":[{"floor":1.0,"key":"EssenceOfSteel"},{"floor":2.0,"key":"DuplicationPotion"},{"floor":5.0,"key":"Swift Potion"},{"floor":6.0,"key":"BloodPotion"}],"is_trial":false,"path_per_floor":["M","M","M","?","M","E","R","M","T","E","?","E","$","PTL","PTL","M","R","B"],"character_chosen":"IRONCLAD","items_purchased":["AT_ArchangelStaff"],"campfire_rested":0,"item_purchase_floors":[13],"current_hp_per_floor":[90,96,102,102,106,111,111,112,112,114,97,103,103,103,103,109,109,103,103],"gold":183,"neow_bonus":"ONE_RARE_RELIC","is_daily":false,"chose_seed":false,"campfire_upgraded":1,"win_rate":0.0,"timestamp":1612087441,"path_taken":["M","?","M","?","M","E","R","M","T","E","?","E","?","PTL","PTL","M","R","BOSS"],"items_purchased_type":["Relic"],"build_version":"2020-12-22","purchased_purges":1,"victory":false,"max_hp_per_floor":[128,128,128,128,128,128,128,128,128,128,128,128,128,128,128,128,128,103,103],"card_choices":[{"not_picked":["Pommel Strike","Feel No Pain"],"picked":"MostiFishMod:RacingGame","floor":1.0},{"not_picked":["Dropkick","Heavy Blade","Twin Strike"],"picked":"SKIP","floor":2.0},{"not_picked":["Thunderclap","MostiFishMod:BrandingRite","Pummel"],"picked":"SKIP","floor":3.0},{"not_picked":["Flex","Metallicize","Entrench"],"picked":"SKIP","floor":5.0},{"not_picked":["Warcry","Clothesline","Sentinel"],"picked":"SKIP","floor":6.0},{"not_picked":["Pummel","Searing Blow"],"picked":"Sword Boomerang","floor":8.0},{"not_picked":["Perfected Strike","Feel No Pain","Havoc"],"picked":"SKIP","floor":10.0},{"not_picked":["Dual Wield","Clothesline"],"picked":"Shrug It Off","floor":12.0},{"not_picked":["Havoc","Heavy Blade","REME_Fury"],"picked":"SKIP","floor":16}],"player_experience":36722,"relics_obtained":[{"floor":1.0,"key":"Baka"},{"floor":2.0,"key":"Baka2"},{"floor":4.0,"key":"Ring of Panic"},{"floor":6.0,"key":"ReplayTheSpireMod:Spearhead"},{"floor":9.0,"key":"Replay:Bandana"},{"floor":10.0,"key":"reliquary:SculptingSteel"},{"floor":11.0,"key":"Mummified Hand"},{"floor":11.0,"key":"REME_PuzzleBoxRelic"},{"floor":12.0,"key":"Oddly Smooth Stone"}],"event_choices":[{"damage_healed":0.0,"max_hp_gain":0.0,"max_hp_loss":0.0,"gold_gain":0.0,"event_name":"HidenRoomEvent","player_choice":"Fight","floor":11.0,"gold_loss":0.0,"damage_taken":0.0}],"is_beta":false,"boss_relics":[],"items_purged_floors":[13],"is_endless":false,"potions_floor_spawned":[1,2,5,6,11],"killed_by":"Slime Boss","ascension_level":0}}