{"host":"d52brwsy6af8zvaq","time":1612121460,"event":{"mods":["AchievementEnabler","BaseMod","Bestiary","Highlight Path","Minty Spire (QoL Compilation)","Quick Restart","Relic Stats","ojb\u0027s Better Paths Mod"],"gold_per_floor":[114,134,134,134,153,188,207,207,285,320,320,320,1,31,31,102,102,116,16,32,32,45,45,71,89,89,89,107,139,239,250,250,321,321,333,352,367,384,94,94,125,125,125,154,79,110,122,136,136,136,136,136,136,83,108,108,108],"floor_reached":56,"language":"ENG","playtime":3403,"items_purged":["Strike_G","Strike_G","Strike_G"],"score":2269,"play_id":"3bd07e24-a99e-49f2-9352-bd7024cb2fff","local_time":"20210131123100","is_ascension_mode":true,"campfire_choices":[{"data":"Choke","floor":11.0,"key":"SMITH"},{"data":"Skewer","floor":15.0,"key":"SMITH"},{"data":"Burst","floor":23.0,"key":"SMITH"},{"data":"Noxious Fumes","floor":27.0,"key":"SMITH"},{"data":"Footwork","floor":32.0,"key":"SMITH"},{"floor":40.0,"key":"RECALL"},{"data":"Bouncing Flask","floor":49.0,"key":"SMITH"},{"data":"Envenom","floor":53.0,"key":"SMITH"}],"circlet_count":0,"master_deck":["AscendersBane","Defend_G","Defend_G","Defend_G","Defend_G","Defend_G","Survivor","Neutralize","Cloak And Dagger","Dagger Spray","Burst+1","Poisoned Stab","Blur","Choke+1","Leg Sweep","Footwork+1","Skewer+1","Terror","Glass Knife","Blade Dance+1","Bouncing Flask+1","Noxious Fumes+1","Cloak And Dagger+1","Noxious Fumes+1","PiercingWail+1","Tools of the Trade","Envenom+1","Backflip","Predator+1","Phantasmal Killer+1","Madness+1","Madness+1","PiercingWail+1","Night Terror+1","Dodge and Roll+1","Bullet Time+1","Prepared+1","Deflect+1","Prepared+1"],"relics":["Ring of the Snake","Oddly Smooth Stone","Akabeko","HornCleat","Kunai","InkBottle","FossilizedHelix","Vajra","Tingsha","Sozu","Pen Nib","Mummified Hand","Sundial","Torii","Eternal Feather","SlaversCollar","Chemical X","Toxic Egg 2","White Beast Statue","Prayer Wheel","Gambling Chip"],"acts_visited":["Exordium","TheCity","TheBeyond","TheEnding"],"potions_floor_usage":[],"damage_taken":[{"damage":0.0,"enemies":"Cultist","floor":1.0,"turns":6.0},{"damage":4.0,"enemies":"Jaw Worm","floor":2.0,"turns":7.0},{"damage":0.0,"enemies":"Small Slimes","floor":5.0,"turns":3.0},{"damage":16.0,"enemies":"3 Sentries","floor":6.0,"turns":8.0},{"damage":6.0,"enemies":"Exordium Thugs","floor":7.0,"turns":5.0},{"damage":2.0,"enemies":"Lagavulin","floor":10.0,"turns":7.0},{"damage":0.0,"enemies":"3 Sentries","floor":14.0,"turns":6.0},{"damage":16.0,"enemies":"Hexaghost","floor":16.0,"turns":13.0},{"damage":0.0,"enemies":"Spheric Guardian","floor":18.0,"turns":4.0},{"damage":0.0,"enemies":"2 Thieves","floor":20.0,"turns":3.0},{"damage":9.0,"enemies":"Cultist and Chosen","floor":22.0,"turns":6.0},{"damage":0.0,"enemies":"Gremlin Leader","floor":24.0,"turns":4.0},{"damage":0.0,"enemies":"Snecko","floor":25.0,"turns":4.0},{"damage":0.0,"enemies":"3 Cultists","floor":28.0,"turns":4.0},{"damage":8.0,"enemies":"Book of Stabbing","floor":29.0,"turns":5.0},{"damage":0.0,"enemies":"Colosseum Slavers","floor":30.0,"turns":3.0},{"damage":0.0,"enemies":"Colosseum Nobs","floor":30.0,"turns":3.0},{"damage":0.0,"enemies":"Chosen and Byrds","floor":31.0,"turns":5.0},{"damage":0.0,"enemies":"Champ","floor":33.0,"turns":12.0},{"damage":0.0,"enemies":"Orb Walker","floor":35.0,"turns":4.0},{"damage":0.0,"enemies":"3 Darklings","floor":36.0,"turns":7.0},{"damage":0.0,"enemies":"Spire Growth","floor":37.0,"turns":5.0},{"damage":0.0,"enemies":"Writhing Mass","floor":38.0,"turns":5.0},{"damage":0.0,"enemies":"Giant Head","floor":41.0,"turns":6.0},{"damage":1.0,"enemies":"Reptomancer","floor":44.0,"turns":5.0},{"damage":0.0,"enemies":"Nemesis","floor":46.0,"turns":7.0},{"damage":0.0,"enemies":"4 Shapes","floor":47.0,"turns":4.0},{"damage":7.0,"enemies":"Spire Growth","floor":48.0,"turns":5.0},{"damage":61.0,"enemies":"Time Eater","floor":50.0,"turns":12.0},{"damage":31.0,"enemies":"Donu and Deca","floor":51.0,"turns":10.0},{"damage":56.0,"enemies":"Shield and Spear","floor":55.0,"turns":8.0},{"damage":10,"enemies":"The Heart","floor":56,"turns":3}],"seed_played":"253860791968399346","potions_obtained":[{"floor":5.0,"key":"Swift Potion"},{"floor":7.0,"key":"CunningPotion"},{"floor":14.0,"key":"FairyPotion"}],"is_trial":false,"path_per_floor":["M","M","T","?","M","E","M","?","T","E","R","T","$","E","R","B",null,"M","$","M","?","M","R","E","M","T","R","M","E","?","M","R","B",null,"M","M","M","M","$","R","E","?","T","E","?","E","M","M","R","B","B",null,"R","$","E","B"],"character_chosen":"THE_SILENT","items_purchased":["Vajra","Skewer","Chemical X","Deflect+1"],"campfire_rested":0,"item_purchase_floors":[13,13,39,54],"current_hp_per_floor":[59,55,55,55,55,39,33,33,33,31,31,31,31,31,31,15,53,53,53,53,53,44,44,44,44,44,44,44,36,36,36,51,51,62,62,62,62,62,62,66,66,54,54,53,53,53,53,46,66,5,6,51,66,66,10,0,0],"gold":108,"neow_bonus":"RANDOM_COMMON_RELIC","is_daily":false,"chose_seed":false,"campfire_upgraded":7,"win_rate":0.0,"timestamp":1612121460,"path_taken":["M","M","?","?","M","E","?","?","T","E","R","?","?","E","R","BOSS","M","$","M","?","?","R","E","M","T","R","M","E","?","M","R","BOSS","M","M","M","M","$","R","E","?","T","E","?","E","M","?","R","BOSS","BOSS","R","$","E","BOSS"],"items_purchased_type":["Relic","Card","Relic","Card"],"build_version":"2020-12-22","purchased_purges":3,"victory":false,"max_hp_per_floor":[66,66,66,66,66,66,66,66,66,66,66,66,66,66,66,66,66,66,66,66,66,66,66,66,66,66,66,66,66,66,66,66,66,66,66,66,66,66,66,66,66,66,66,66,66,66,66,66,66,66,66,66,66,66,66,66,66],"relic_stats":{"Torii":14,"counters":[32,189],"Tingsha":[148],"Eternal Feather":54,"Pen Nib":[24],"Sozu":12,"Mummified Hand":[78],"Sundial":[8],"Gambling Chip":[3],"Prayer Wheel":2,"Kunai":[55],"Chemical X":[9],"obtain_stats":[{"Torii":30,"Oddly Smooth Stone":0,"Vajra":13,"Tingsha":14,"Eternal Feather":30,"Pen Nib":24,"Akabeko":3,"White Beast Statue":44,"Sozu":17,"SlaversCollar":34,"HornCleat":6,"Mummified Hand":26,"Sundial":29,"Gambling Chip":55,"Prayer Wheel":46,"Kunai":9,"Chemical X":39,"Toxic Egg 2":41,"InkBottle":10,"FossilizedHelix":12,"Ring of the Snake":0},{"Torii":17,"Oddly Smooth Stone":0,"Vajra":6,"Tingsha":7,"Eternal Feather":17,"Pen Nib":12,"Akabeko":2,"White Beast Statue":25,"Sozu":8,"SlaversCollar":19,"HornCleat":4,"Mummified Hand":13,"Sundial":15,"Gambling Chip":31,"Prayer Wheel":26,"Kunai":5,"Chemical X":23,"Toxic Egg 2":24,"InkBottle":6,"FossilizedHelix":6,"Ring of the Snake":0},{"Torii":91,"Oddly Smooth Stone":0,"Vajra":36,"Tingsha":42,"Eternal Feather":91,"Pen Nib":72,"Akabeko":13,"White Beast Statue":140,"Sozu":55,"SlaversCollar":108,"HornCleat":24,"Mummified Hand":76,"Sundial":85,"Gambling Chip":186,"Prayer Wheel":147,"Kunai":29,"Chemical X":129,"Toxic Egg 2":135,"InkBottle":36,"FossilizedHelix":36,"Ring of the Snake":0}],"InkBottle":[71],"Ring of the Snake":[64]},"card_choices":[{"not_picked":["Deflect","Dagger Throw"],"picked":"Cloak And Dagger","floor":1.0},{"not_picked":["Dodge and Roll","Underhanded Strike"],"picked":"Dagger Spray","floor":2.0},{"not_picked":["Prepared","Flying Knee"],"picked":"Blur","floor":5.0},{"not_picked":["Cloak And Dagger","Reflex"],"picked":"Choke","floor":6.0},{"not_picked":["Heel Hook","Poisoned Stab"],"picked":"Leg Sweep","floor":7.0},{"not_picked":["Deadly Poison","Bullet Time"],"picked":"Footwork","floor":10.0},{"not_picked":["Eviscerate","Deflect"],"picked":"Terror","floor":14.0},{"not_picked":["Grand Finale","Venomology"],"picked":"Glass Knife","floor":16.0},{"not_picked":["PiercingWail","Leg Sweep"],"picked":"Blade Dance+1","floor":18.0},{"not_picked":["Blade Dance","Deflect","Quick Slash"],"picked":"SKIP","floor":20.0},{"not_picked":["Quick Slash","Dodge and Roll"],"picked":"Bouncing Flask","floor":22.0},{"not_picked":["Acrobatics","Deflect"],"picked":"Noxious Fumes","floor":24.0},{"not_picked":["Footwork","Bane"],"picked":"Cloak And Dagger+1","floor":25.0},{"not_picked":["Reflex","Flying Knee"],"picked":"Noxious Fumes+1","floor":28.0},{"not_picked":["Flying Knee","Terror"],"picked":"PiercingWail+1","floor":29.0},{"not_picked":["Blur","Footwork"],"picked":"Tools of the Trade","floor":30.0},{"not_picked":["Deadly Poison","Blade Dance","Deflect"],"picked":"SKIP","floor":31.0},{"not_picked":["Die Die Die","Tools of the Trade"],"picked":"Envenom","floor":33.0},{"not_picked":["Dodge and Roll","Underhanded Strike"],"picked":"Backflip","floor":35.0},{"not_picked":["Bane","Choke"],"picked":"Predator+1","floor":36.0},{"not_picked":["Outmaneuver","Distraction","Setup"],"picked":"SKIP","floor":37.0},{"not_picked":["PiercingWail","Dodge and Roll","Dagger Throw"],"picked":"SKIP","floor":38.0},{"not_picked":["Reflex+1","Heel Hook"],"picked":"Phantasmal Killer+1","floor":41.0},{"not_picked":["Bane+1","Blade Dance+1"],"picked":"PiercingWail+1","floor":44.0},{"not_picked":["Outmaneuver+1","Acrobatics+1"],"picked":"Bullet Time+1","floor":46.0},{"not_picked":["Deadly Poison+1","Dagger Throw+1"],"picked":"Prepared+1","floor":47.0},{"not_picked":["Deflect+1","Flying Knee","Blade Dance+1"],"picked":"SKIP","floor":47.0},{"not_picked":["Slice","Finisher","Cloak And Dagger+1"],"picked":"SKIP","floor":48.0},{"not_picked":["Deadly Poison+1","Sucker Punch","PiercingWail+1"],"picked":"SKIP","floor":48.0},{"not_picked":["Choke+1","Reflex+1"],"picked":"Prepared+1","floor":55.0}],"player_experience":2086858,"relics_obtained":[{"floor":3.0,"key":"Akabeko"},{"floor":6.0,"key":"HornCleat"},{"floor":9.0,"key":"Kunai"},{"floor":10.0,"key":"InkBottle"},{"floor":12.0,"key":"FossilizedHelix"},{"floor":14.0,"key":"Tingsha"},{"floor":24.0,"key":"Pen Nib"},{"floor":26.0,"key":"Mummified Hand"},{"floor":29.0,"key":"Sundial"},{"floor":30.0,"key":"Torii"},{"floor":30.0,"key":"Eternal Feather"},{"floor":41.0,"key":"Toxic Egg 2"},{"floor":44.0,"key":"White Beast Statue"},{"floor":46.0,"key":"Prayer Wheel"},{"floor":55.0,"key":"Gambling Chip"}],"event_choices":[{"damage_healed":0.0,"max_hp_gain":0.0,"max_hp_loss":0.0,"gold_gain":0.0,"event_name":"Match and Keep!","player_choice":"2 cards matched","floor":4.0,"gold_loss":0.0,"damage_taken":0.0,"cards_obtained":["Burst","Poisoned Stab"]},{"damage_healed":0.0,"max_hp_gain":0.0,"max_hp_loss":0.0,"gold_gain":0.0,"event_name":"Shining Light","player_choice":"Ignored","floor":8.0,"gold_loss":0.0,"damage_taken":0.0},{"damage_healed":0.0,"max_hp_gain":0.0,"max_hp_loss":0.0,"gold_gain":0.0,"event_name":"Lab","player_choice":"Got Potions","floor":21.0,"gold_loss":0.0,"damage_taken":0.0},{"damage_healed":0.0,"max_hp_gain":0.0,"max_hp_loss":0.0,"gold_gain":0.0,"event_name":"Colosseum","player_choice":"Fight","floor":30.0,"gold_loss":0.0,"damage_taken":0.0},{"damage_healed":0.0,"max_hp_gain":0.0,"max_hp_loss":0.0,"gold_gain":0.0,"event_name":"Colosseum","player_choice":"Fought Nobs","floor":30.0,"gold_loss":0.0,"damage_taken":0.0},{"damage_healed":0.0,"max_hp_gain":0.0,"max_hp_loss":0.0,"gold_gain":0.0,"event_name":"Winding Halls","player_choice":"Embrace Madness","floor":42.0,"gold_loss":0.0,"damage_taken":12.0,"cards_obtained":["Madness","Madness"]},{"damage_healed":0.0,"max_hp_gain":0.0,"max_hp_loss":0.0,"gold_gain":0.0,"cards_transformed":["Strike_G","Strike_G"],"event_name":"Designer","player_choice":"Transformed Cards","floor":45.0,"gold_loss":75.0,"damage_taken":0.0,"cards_obtained":["Night Terror","Dodge and Roll"]}],"is_beta":false,"boss_relics":[{"not_picked":["Calling Bell","Coffee Dripper"],"picked":"Sozu"},{"not_picked":["Runic Dome","Pandora\u0027s Box"],"picked":"SlaversCollar"}],"items_purged_floors":[13,19,39],"is_endless":false,"potions_floor_spawned":[5,7,14,18,20,24,28,33,38,41,44,46,47,48,55],"killed_by":"The Heart","ascension_level":20}}