{"host":"ve9aztkoyqeblvav","time":1612072962,"event":{"mods":["Act Like it!","BaseMod","Colored Map","Colored Powertips","Highlight Path","Minty Spire (QoL Compilation)","Quick Restart","StSLib","The Hierophant","Waifu the Spire"],"gold_per_floor":[117,117,42,42,53,53,85,85,85,85,99,126,126,71,71,150,150,160,160,170,188,103,137,137,172,172,172,183,183,77,108,108,108,108],"floor_reached":33,"language":"ZHS","playtime":933,"items_purged":["Strike_G"],"score":668,"play_id":"657dd8e8-9cc7-4c05-b92f-dbc9d70e9c6d","local_time":"20210131140242","is_ascension_mode":true,"campfire_choices":[{"data":"Acrobatics","floor":6.0,"key":"SMITH"},{"data":"Neutralize","floor":8.0,"key":"SMITH"},{"data":"Deflect","floor":10.0,"key":"SMITH"},{"data":"Terror","floor":13.0,"key":"SMITH"},{"floor":15.0,"key":"RECALL"},{"floor":24.0,"key":"REST"},{"data":"Phantasmal Killer","floor":27,"key":"SMITH"},{"data":"Blade Dance","floor":32,"key":"SMITH"}],"circlet_count":0,"master_deck":["AscendersBane","Strike_G","Strike_G","Strike_G","Defend_G","Defend_G","Defend_G","Defend_G","Survivor","Neutralize+1","Deflect+1","Acrobatics+1","Die Die Die","Slice","Terror+1","Blade Dance","Phantasmal Killer+1","Acrobatics","Blade Dance+1","Footwork+1","Purity"],"relics":["Ring of the Snake","NeowsBlessing","Happy Flower","Letter Opener","Mercury Hourglass","Philosopher\u0027s Stone","Frozen Egg 2","White Beast Statue","HornCleat","Mummified Hand","Blue Candle"],"acts_visited":["Exordium","TheCity"],"potions_floor_usage":[31,31,33],"damage_taken":[{"damage":0.0,"enemies":"Cultist","floor":1.0,"turns":1.0},{"damage":0.0,"enemies":"Small Slimes","floor":5.0,"turns":1.0},{"damage":0.0,"enemies":"Lagavulin","floor":7.0,"turns":1.0},{"damage":0.0,"enemies":"2 Louse","floor":11.0,"turns":2.0},{"damage":21.0,"enemies":"Gremlin Nob","floor":12.0,"turns":4.0},{"damage":8.0,"enemies":"The Guardian","floor":16.0,"turns":13.0},{"damage":2.0,"enemies":"3 Byrds","floor":18.0,"turns":3.0},{"damage":4.0,"enemies":"Chosen","floor":20.0,"turns":3.0},{"damage":6.0,"enemies":"Centurion and Healer","floor":21.0,"turns":5.0},{"damage":23.0,"enemies":"Gremlin Leader","floor":23.0,"turns":5.0},{"damage":17.0,"enemies":"Slavers","floor":25.0,"turns":5.0},{"damage":9,"enemies":"Chosen and Byrds","floor":28,"turns":4},{"damage":14,"enemies":"Book of Stabbing","floor":31,"turns":4},{"damage":44,"enemies":"Champ","floor":33,"turns":11}],"seed_played":"3526717770466375771","potions_obtained":[{"floor":1.0,"key":"Poison Potion"},{"floor":7.0,"key":"EntropicBrew"},{"floor":20.0,"key":"Swift Potion"},{"floor":25.0,"key":"Regen Potion"},{"floor":31,"key":"Fire Potion"}],"is_trial":false,"path_per_floor":["M","?","$","?","M","R","E","R","T","R","M","E","R","$","R","B",null,"M","?","M","M","?","E","R","E","T","R","M","?","$","E","R","B"],"character_chosen":"THE_SILENT","items_purchased":["Blade Dance","Purity"],"campfire_rested":1,"item_purchase_floors":[14,30],"current_hp_per_floor":[59,55,55,55,55,55,55,55,55,55,55,34,34,34,34,26,56,54,54,50,44,44,21,40,23,23,23,14,14,14,27,27,0,0],"gold":108,"neow_bonus":"THREE_ENEMY_KILL","is_daily":false,"chose_seed":false,"campfire_upgraded":6,"win_rate":0.0,"timestamp":1612072962,"path_taken":["M","?","?","?","?","R","E","R","T","R","M","E","R","$","R","BOSS","M","?","M","M","?","E","R","E","T","R","M","?","$","E","R","BOSS"],"items_purchased_type":["Card","Card"],"build_version":"2020-12-22","purchased_purges":1,"victory":false,"max_hp_per_floor":[66,66,66,66,66,66,66,66,66,66,66,66,66,66,66,66,66,66,66,66,66,66,66,66,66,66,66,66,66,66,66,66,66,66],"card_choices":[{"not_picked":["Distraction","Bane","Flying Knee"],"picked":"SKIP","floor":1.0},{"not_picked":["Dodge and Roll","Underhanded Strike"],"picked":"Acrobatics","floor":5.0},{"not_picked":["Deflect","PiercingWail"],"picked":"Die Die Die","floor":7.0},{"not_picked":["Dagger Throw","Distraction"],"picked":"Slice","floor":11.0},{"not_picked":["Backflip","Cloak And Dagger"],"picked":"Terror","floor":12.0},{"not_picked":["Burst","Tools of the Trade"],"picked":"Phantasmal Killer","floor":16.0},{"not_picked":["Blur+1","Cloak And Dagger"],"picked":"Acrobatics","floor":18.0},{"not_picked":["Underhanded Strike","Glass Knife"],"picked":"Blade Dance","floor":20.0},{"not_picked":["Bane","Noxious Fumes","Underhanded Strike+1"],"picked":"SKIP","floor":21.0},{"not_picked":["Deadly Poison","Acrobatics","Flying Knee"],"picked":"SKIP","floor":23.0},{"not_picked":["Noxious Fumes+1","Acrobatics"],"picked":"Footwork+1","floor":25.0},{"not_picked":["PiercingWail","Acrobatics","Sucker Punch"],"picked":"SKIP","floor":28},{"not_picked":["Setup+1","Terror+1","Outmaneuver"],"picked":"SKIP","floor":31}],"player_experience":1634775,"relics_obtained":[{"floor":7.0,"key":"Happy Flower"},{"floor":9.0,"key":"Letter Opener"},{"floor":12.0,"key":"Mercury Hourglass"},{"floor":23.0,"key":"White Beast Statue"},{"floor":25.0,"key":"HornCleat"},{"floor":26.0,"key":"Mummified Hand"},{"floor":31,"key":"Blue Candle"}],"event_choices":[{"damage_healed":0.0,"max_hp_gain":0.0,"max_hp_loss":0.0,"gold_gain":0.0,"event_name":"The Woman in Blue","player_choice":"Bought 0 Potions","floor":2.0,"gold_loss":0.0,"damage_taken":0.0},{"damage_healed":0.0,"max_hp_gain":0.0,"max_hp_loss":0.0,"gold_gain":0.0,"cards_transformed":["Defend_G"],"event_name":"Transmorgrifier","player_choice":"Transformed","floor":4.0,"gold_loss":0.0,"damage_taken":0.0,"cards_obtained":["Deflect"]},{"damage_healed":0.0,"max_hp_gain":0.0,"max_hp_loss":0.0,"gold_gain":0.0,"event_name":"The Mausoleum","player_choice":"Ignored","floor":19.0,"gold_loss":0.0,"damage_taken":0.0},{"damage_healed":0.0,"max_hp_gain":0.0,"max_hp_loss":0.0,"gold_gain":0.0,"event_name":"Addict","player_choice":"Obtained Relic","floor":22.0,"gold_loss":85.0,"damage_taken":0.0,"relics_obtained":["Frozen Egg 2"]},{"cards_removed":["Strike_G"],"damage_healed":0,"gold_gain":0,"player_choice":"Elegance","damage_taken":0,"max_hp_gain":0,"max_hp_loss":0,"event_name":"Back to Basics","floor":29,"gold_loss":0}],"is_beta":false,"boss_relics":[{"not_picked":["Calling Bell","Empty Cage"],"picked":"Philosopher\u0027s Stone"}],"items_purged_floors":[3],"is_endless":false,"potions_floor_spawned":[1,7,20,21,25,28,31],"killed_by":"Champ","ascension_level":20}}