{"host":"6gl4z8x6qhx9xtfj","time":1612066248,"event":{"mods":["2.2 Compatiblity","AchievementEnabler","BaseMod","Bestiary","Colored Map","Colored Powertips","Evolution","Minty Spire (QoL Compilation)","Quick Restart","Relic Stats","StSLib","SuperFastMode"],"gold_per_floor":[115,132,151,151,151,182,182,197,197,227,245,245,280,299,299,395,395,405,95,109,125,140,170,189,224,296,296,329,343,343,343,343,442,442,460,474,494,494,511,511,526,559,559,559,0,27,27,55,55,55],"floor_reached":51,"language":"RUS","playtime":2333,"items_purged":[],"score":1128,"play_id":"15fab239-8ef3-4966-b037-5da128f0ec10","local_time":"20210131071048","is_ascension_mode":true,"campfire_choices":[{"data":"FollowUp","floor":7,"key":"SMITH"},{"data":"WheelKick","floor":12,"key":"SMITH"},{"data":"Judgement","floor":15,"key":"SMITH"},{"data":"LessonLearned","floor":27,"key":"SMITH"},{"data":"Omniscience","floor":30,"key":"SMITH"},{"data":"Omniscience","floor":32,"key":"SMITH"},{"data":"CutThroughFate","floor":40,"key":"SMITH"},{"data":"CrushJoints","floor":47,"key":"SMITH"},{"data":"Prostrate","floor":49,"key":"SMITH"}],"circlet_count":0,"master_deck":["FollowUp+1","FollowUp","FollowUp+1","EmptyBody+1","EmptyBody+1","EmptyBody","Eruption+1","Vigilance","Tantrum+1","Pray+1","CutThroughFate+1","Judgement+1","Prostrate+1","CrushJoints+1","WheelKick+1","Prostrate+1","Omniscience+1","Omniscience+1","LessonLearned+1","Prostrate","FlyingSleeves+1","Injury"],"relics":["PureWater","EVO:Axolotl","TeardropLocket","Eternal Feather","Ornamental Fan","Happy Flower","Busted Crown","DollysMirror","Boot","Regal Pillow","Pen Nib","Kunai","CloakClasp","Cursed Key","Mango","Mummified Hand","Vajra","Sling","Mercury Hourglass","Lantern","Bag of Marbles"],"acts_visited":["Exordium","TheCity","TheBeyond"],"potions_floor_usage":[50],"damage_taken":[{"damage":0,"enemies":"Cultist","floor":1,"turns":2},{"damage":0,"enemies":"Jaw Worm","floor":2,"turns":2},{"damage":0,"enemies":"Small Slimes","floor":3,"turns":2},{"damage":0,"enemies":"Gremlin Nob","floor":6,"turns":2},{"damage":0,"enemies":"3 Louse","floor":8,"turns":2},{"damage":0,"enemies":"3 Sentries","floor":10,"turns":2},{"damage":0,"enemies":"2 Fungi Beasts","floor":11,"turns":2},{"damage":0,"enemies":"Lagavulin","floor":13,"turns":2},{"damage":0,"enemies":"Red Slaver","floor":14,"turns":1},{"damage":9,"enemies":"The Guardian","floor":16,"turns":5},{"damage":0,"enemies":"Shell Parasite","floor":18,"turns":1},{"damage":1,"enemies":"Chosen","floor":20,"turns":2},{"damage":0,"enemies":"Centurion and Healer","floor":21,"turns":3},{"damage":0,"enemies":"Cultist and Chosen","floor":22,"turns":3},{"damage":16,"enemies":"Gremlin Leader","floor":23,"turns":4},{"damage":0,"enemies":"3 Cultists","floor":24,"turns":2},{"damage":12,"enemies":"Book of Stabbing","floor":25,"turns":4},{"damage":0,"enemies":"Gremlin Leader","floor":28,"turns":3},{"damage":0,"enemies":"Chosen and Byrds","floor":29,"turns":5},{"damage":8,"enemies":"Collector","floor":33,"turns":6},{"damage":0,"enemies":"3 Shapes","floor":35,"turns":1},{"damage":0,"enemies":"Orb Walker","floor":36,"turns":2},{"damage":7,"enemies":"Transient","floor":37,"turns":5},{"damage":0,"enemies":"Spire Growth","floor":39,"turns":1},{"damage":3,"enemies":"Sphere and 2 Shapes","floor":41,"turns":2},{"damage":2,"enemies":"Reptomancer","floor":42,"turns":4},{"damage":0,"enemies":"Giant Head","floor":46,"turns":6},{"damage":20,"enemies":"Reptomancer","floor":48,"turns":4},{"damage":57,"enemies":"Awakened One","floor":50,"turns":9}],"seed_played":"990429914233991983","potions_obtained":[{"floor":1,"key":"Energy Potion"},{"floor":3,"key":"ColorlessPotion"},{"floor":6,"key":"SteroidPotion"},{"floor":8,"key":"Ambrosia"},{"floor":14,"key":"FairyPotion"},{"floor":23,"key":"Ancient Potion"},{"floor":39,"key":"Fruit Juice"}],"is_trial":false,"path_per_floor":["M","M","M","?","?","E","R","M","T","E","M","R","E","M","R","B",null,"M","$","M","M","M","E","M","E","T","R","E","M","R","?","R","B",null,"M","M","M","?","M","R","M","E","T","?","$","E","R","E","R","B",null],"character_chosen":"WATCHER","items_purchased":["DollysMirror","Boot","Vajra","Sling","Mercury Hourglass"],"campfire_rested":0,"item_purchase_floors":[19,19,45,45,45],"current_hp_per_floor":[83,83,83,83,83,83,83,83,83,83,83,83,83,83,83,74,83,83,83,82,82,82,66,66,54,54,66,66,66,78,78,83,75,83,83,83,76,76,76,83,80,92,92,92,92,92,97,77,89,37],"gold":55,"neow_bonus":"TEN_PERCENT_HP_BONUS","is_daily":false,"chose_seed":false,"campfire_upgraded":9,"win_rate":0.0,"timestamp":1612066248,"path_taken":["M","?","?","?","?","E","R","M","T","E","M","R","E","?","R","BOSS","M","$","?","M","M","E","M","E","T","R","E","M","R","?","R","BOSS","M","M","M","?","?","R","M","E","T","?","$","E","R","E","R","BOSS"],"items_purchased_type":["Relic","Relic","Relic","Relic","Relic"],"build_version":"2020-12-22","purchased_purges":0,"victory":true,"max_hp_per_floor":[83,83,83,83,83,83,83,83,83,83,83,83,83,83,83,83,83,83,83,83,83,83,83,83,83,83,83,83,83,83,83,83,83,83,83,83,83,83,83,83,83,97,97,97,97,97,97,97,97,102],"relic_stats":{"Regal Pillow":0,"Happy Flower":[24],"counters":[29,89],"Eternal Feather":53,"Pen Nib":[13],"CloakClasp":[81],"Boot":[90],"Cursed Key":1,"Mercury Hourglass":[90],"Busted Crown":36,"Ornamental Fan":[172],"Mummified Hand":[0],"Kunai":[28],"obtain_stats":[{"Regal Pillow":23,"Lantern":46,"Happy Flower":13,"Vajra":45,"Eternal Feather":9,"Mango":42,"Pen Nib":25,"CloakClasp":28,"EVO:Axolotl":0,"TeardropLocket":6,"Boot":19,"Cursed Key":34,"Sling":45,"Mercury Hourglass":45,"Busted Crown":17,"Ornamental Fan":10,"DollysMirror":19,"Mummified Hand":43,"Bag of Marbles":48,"Kunai":26,"PureWater":0},{"Regal Pillow":15,"Lantern":27,"Happy Flower":8,"Vajra":26,"Eternal Feather":5,"Mango":26,"Pen Nib":17,"CloakClasp":18,"EVO:Axolotl":0,"TeardropLocket":4,"Boot":11,"Cursed Key":20,"Sling":26,"Mercury Hourglass":26,"Busted Crown":10,"Ornamental Fan":6,"DollysMirror":11,"Mummified Hand":26,"Bag of Marbles":28,"Kunai":17,"PureWater":0},{"Regal Pillow":35,"Lantern":76,"Happy Flower":16,"Vajra":70,"Eternal Feather":10,"Mango":70,"Pen Nib":41,"CloakClasp":44,"EVO:Axolotl":0,"TeardropLocket":8,"Boot":23,"Cursed Key":55,"Sling":70,"Mercury Hourglass":70,"Busted Crown":22,"Ornamental Fan":12,"DollysMirror":23,"Mummified Hand":70,"Bag of Marbles":80,"Kunai":41,"PureWater":0}]},"card_choices":[{"not_picked":["EmptyFist","BowlingBash"],"picked":"Tantrum","floor":1},{"not_picked":["Evaluate","Indignation"],"picked":"Pray","floor":2},{"not_picked":["PathToVictory","Vengeance"],"picked":"CutThroughFate","floor":3},{"not_picked":["EmptyMind","EmptyBody"],"picked":"Prostrate","floor":6},{"not_picked":["FollowUp","FlurryOfBlows"],"picked":"CrushJoints","floor":8},{"not_picked":["SpiritShield","Fasting2","PathToVictory"],"picked":"SKIP","floor":10},{"not_picked":["WindmillStrike","FearNoEvil"],"picked":"WheelKick","floor":11},{"not_picked":["Halt","EmptyFist","Study"],"picked":"SKIP","floor":13},{"not_picked":["FlyingSleeves","Consecrate"],"picked":"Prostrate","floor":14},{"not_picked":["ConjureBlade","Establishment"],"picked":"Omniscience","floor":16},{"not_picked":["Evaluate"],"picked":"SKIP","floor":18},{"not_picked":["ForeignInfluence"],"picked":"SKIP","floor":20},{"not_picked":["SashWhip"],"picked":"SKIP","floor":21},{"not_picked":["FlurryOfBlows"],"picked":"SKIP","floor":22},{"not_picked":["SignatureMove"],"picked":"SKIP","floor":23},{"not_picked":["CrushJoints"],"picked":"SKIP","floor":24},{"not_picked":[],"picked":"LessonLearned","floor":25},{"not_picked":["Evaluate"],"picked":"SKIP","floor":28},{"not_picked":["BowlingBash"],"picked":"SKIP","floor":29},{"not_picked":[],"picked":"Prostrate","floor":35},{"not_picked":["Crescendo"],"picked":"SKIP","floor":36},{"not_picked":["Evaluate+1"],"picked":"SKIP","floor":37},{"not_picked":["ForeignInfluence"],"picked":"SKIP","floor":39},{"not_picked":[],"picked":"FlyingSleeves","floor":41},{"not_picked":["EmptyFist+1"],"picked":"SKIP","floor":42},{"not_picked":["DeceiveReality+1"],"picked":"SKIP","floor":46},{"not_picked":["FlurryOfBlows"],"picked":"SKIP","floor":48}],"player_experience":91477,"relics_obtained":[{"floor":6,"key":"TeardropLocket"},{"floor":9,"key":"Eternal Feather"},{"floor":10,"key":"Ornamental Fan"},{"floor":13,"key":"Happy Flower"},{"floor":23,"key":"Regal Pillow"},{"floor":25,"key":"Pen Nib"},{"floor":26,"key":"Kunai"},{"floor":28,"key":"CloakClasp"},{"floor":42,"key":"Mango"},{"floor":43,"key":"Mummified Hand"},{"floor":46,"key":"Lantern"},{"floor":48,"key":"Bag of Marbles"}],"event_choices":[{"damage_healed":0,"gold_gain":0,"player_choice":"Grow","damage_taken":0,"max_hp_gain":0,"max_hp_loss":0,"event_name":"Living Wall","floor":4,"gold_loss":0,"cards_upgraded":["Eruption"]},{"damage_healed":0,"gold_gain":0,"cards_transformed":["EmptyBody"],"player_choice":"Transformed","damage_taken":0,"max_hp_gain":0,"max_hp_loss":0,"event_name":"Transmorgrifier","floor":5,"gold_loss":0,"cards_obtained":["Judgement"]},{"cards_removed":["FollowUp"],"damage_healed":0,"gold_gain":0,"player_choice":"Elegance","damage_taken":0,"max_hp_gain":0,"max_hp_loss":0,"event_name":"Back to Basics","floor":31,"gold_loss":0},{"damage_healed":0,"gold_gain":0,"player_choice":"Ignored","damage_taken":0,"max_hp_gain":0,"max_hp_loss":0,"event_name":"SecretPortal","floor":38,"gold_loss":0},{"damage_healed":0,"gold_gain":0,"player_choice":"Ignored","damage_taken":0,"max_hp_gain":0,"max_hp_loss":0,"event_name":"Tomb of Lord Red Mask","floor":44,"gold_loss":0}],"is_beta":false,"boss_relics":[{"not_picked":["SacredBark","Astrolabe"],"picked":"Busted Crown"},{"not_picked":["Calling Bell","Snecko Eye"],"picked":"Cursed Key"}],"items_purged_floors":[],"is_endless":false,"potions_floor_spawned":[1,3,6,8,14,20,23,24,29,33,35,39,42,46,48],"ascension_level":3}}