{"host":"1mv6gj0zv8k9e9tz","time":1612108027,"event":{"mods":["AchievementEnabler","BaseMod","Better Third Choice","Colored Map","DeckTracker","Highlight Path","KOR Keyword Fix","Keyboard Shortcuts","Minty Spire (QoL Compilation)","Permanent Neow","Quick Restart","Rare Cards Sparkle","StSLib","SuperFastMode","everything is the same but u backflip on backflip"],"gold_per_floor":[360,360,360,360,138,138,166,184,184,201,215,227,252,263,263,359,359,372,114,126,141,152,152,152,152],"floor_reached":24,"language":"KOR","playtime":626,"items_purged":["Normality"],"score":336,"play_id":"9adb904f-0bb0-4139-a803-b91f5296d734","local_time":"20210201004707","is_ascension_mode":true,"campfire_choices":[{"data":"Dualcast","floor":6.0,"key":"SMITH"},{"data":"Ball Lightning","floor":15.0,"key":"SMITH"},{"data":"Self Repair","floor":23,"key":"SMITH"}],"circlet_count":0,"master_deck":["AscendersBane","Strike_B","Strike_B","Strike_B","Strike_B","Defend_B","Defend_B+1","Defend_B+1","Defend_B","Zap+1","Dualcast+1","Conserve Battery","Double Energy+1","Self Repair+1","Fusion+1","Tempest+1","Turbo+1","Ball Lightning+1","Fission+1","Capacitor","Steam+1","Coolheaded+1","Coolheaded+1"],"relics":["Cracked Core","Runic Capacitor","Toxic Egg 2","War Paint","Sozu","Pantograph"],"acts_visited":["Exordium","TheCity"],"potions_floor_usage":[16,20],"damage_taken":[{"damage":0.0,"enemies":"2 Louse","floor":1.0,"turns":3.0},{"damage":30.0,"enemies":"Lagavulin","floor":7.0,"turns":7.0},{"damage":0.0,"enemies":"Jaw Worm","floor":8.0,"turns":3.0},{"damage":3.0,"enemies":"Small Slimes","floor":10.0,"turns":3.0},{"damage":1.0,"enemies":"Exordium Thugs","floor":11.0,"turns":4.0},{"damage":16.0,"enemies":"3 Louse","floor":12.0,"turns":4.0},{"damage":12.0,"enemies":"Gremlin Nob","floor":13.0,"turns":3.0},{"damage":7.0,"enemies":"Exordium Wildlife","floor":14.0,"turns":4.0},{"damage":30,"enemies":"Slime Boss","floor":16,"turns":5},{"damage":11,"enemies":"Spheric Guardian","floor":18,"turns":3},{"damage":24,"enemies":"Shell Parasite","floor":20,"turns":4},{"damage":31,"enemies":"Centurion and Healer","floor":21,"turns":10},{"damage":11,"enemies":"Chosen and Byrds","floor":22,"turns":4},{"damage":29,"enemies":"Slavers","floor":24,"turns":1}],"seed_played":"8675807529467605865","potions_obtained":[{"floor":1.0,"key":"ColorlessPotion"},{"floor":8.0,"key":"AttackPotion"},{"floor":10.0,"key":"Swift Potion"},{"floor":16,"key":"Regen Potion"}],"is_trial":false,"path_per_floor":["M","?","$","?","$","R","E","M","T","M","M","M","E","M","R","B",null,"M","$","M","M","M","R","E"],"character_chosen":"DEFECT","items_purchased":["Runic Capacitor","Pantograph"],"campfire_rested":0,"item_purchase_floors":[5,19],"current_hp_per_floor":[68,73,73,73,73,73,43,43,43,47,53,44,39,39,39,16,64,60,60,55,31,27,27,0,0],"gold":152,"neow_bonus":"TWO_FIFTY_GOLD","is_daily":false,"chose_seed":false,"campfire_upgraded":3,"win_rate":0.0,"timestamp":1612108027,"path_taken":["M","?","$","?","$","R","E","M","T","M","M","M","E","M","R","BOSS","M","$","M","M","M","R","E"],"items_purchased_type":["Relic","Relic"],"build_version":"2020-12-22","purchased_purges":1,"victory":false,"max_hp_per_floor":[75,80,80,80,80,80,80,80,80,80,80,80,80,80,80,80,80,80,80,80,80,80,80,80,80],"card_choices":[{"not_picked":["Tempest","Stack"],"picked":"Conserve Battery","floor":1.0},{"not_picked":["Amplify+1","White Noise+1"],"picked":"Double Energy+1","floor":7.0},{"not_picked":["Gash","White Noise+1"],"picked":"Self Repair","floor":8.0},{"not_picked":["Steam+1","Barrage"],"picked":"Fusion+1","floor":10.0},{"not_picked":["Stack+1","Go for the Eyes","Lockon"],"picked":"SKIP","floor":11.0},{"not_picked":["White Noise+1","Sweeping Beam"],"picked":"Tempest+1","floor":12.0},{"not_picked":["Reprogram+1","Blizzard"],"picked":"Turbo+1","floor":13.0},{"not_picked":["Barrage","Hello World"],"picked":"Ball Lightning","floor":14.0},{"not_picked":["Core Surge","Reboot+1"],"picked":"Fission+1","floor":16},{"not_picked":["Redo+1","Melter"],"picked":"Capacitor","floor":18},{"not_picked":["Sweeping Beam","Stack+1"],"picked":"Steam+1","floor":20},{"not_picked":["Amplify+1","Cold Snap+1"],"picked":"Coolheaded+1","floor":21},{"not_picked":["BootSequence+1","Genetic Algorithm+1"],"picked":"Coolheaded+1","floor":22}],"player_experience":601010,"relics_obtained":[{"floor":7.0,"key":"Toxic Egg 2"},{"floor":13.0,"key":"War Paint"}],"event_choices":[{"damage_healed":0.0,"max_hp_gain":5.0,"max_hp_loss":0.0,"gold_gain":0.0,"event_name":"Big Fish","player_choice":"Donut","floor":2.0,"gold_loss":0.0,"damage_taken":0.0},{"damage_healed":0.0,"max_hp_gain":0.0,"max_hp_loss":0.0,"gold_gain":0.0,"event_name":"Living Wall","player_choice":"Grow","floor":4.0,"gold_loss":0.0,"damage_taken":0.0,"cards_upgraded":["Zap"]}],"is_beta":false,"boss_relics":[{"not_picked":["Busted Crown","Runic Dome"],"picked":"Sozu"}],"items_purged_floors":[5],"is_endless":false,"potions_floor_spawned":[1,8,10,16,18,21,22],"killed_by":"Slavers","ascension_level":12}}