{"host":"syozzdlzcqop4jia","time":1612070137,"event":{"mods":["BaseMod","Colored Map","Colored Powertips","Minty Spire (QoL Compilation)","Quick Restart"],"gold_per_floor":[112,126,145,161,171,171,202,202,202,81,114,114,128,157,157,157,157],"floor_reached":16,"language":"ENG","playtime":1021,"items_purged":[],"score":146,"play_id":"cdea5635-6487-45b5-9af3-a1782c90909f","local_time":"20210131061537","is_ascension_mode":true,"campfire_choices":[{"floor":6,"key":"REST"},{"floor":12,"key":"REST"},{"floor":15,"key":"REST"}],"circlet_count":0,"master_deck":["Strike_R","Strike_R","Strike_R","Strike_R","Strike_R","Defend_R","Defend_R","Defend_R","Defend_R","Bash","Reaper","Flex","Thunderclap","Pommel Strike","Shrug It Off","Perfected Strike+1","Headbutt","Inflame","Rampage","Dropkick","Feed","Flame Barrier"],"relics":["Burning Blood","InkBottle","Turnip","Blue Candle","Bird Faced Urn"],"acts_visited":["Exordium"],"potions_floor_usage":[3,14],"damage_taken":[{"damage":1,"enemies":"Cultist","floor":1,"turns":3},{"damage":15,"enemies":"Small Slimes","floor":2,"turns":4},{"damage":5,"enemies":"2 Louse","floor":3,"turns":2},{"damage":28,"enemies":"Large Slime","floor":4,"turns":7},{"damage":12,"enemies":"3 Louse","floor":5,"turns":4},{"damage":51,"enemies":"Lagavulin","floor":7,"turns":7},{"damage":24,"enemies":"Gremlin Nob","floor":11,"turns":4},{"damage":9,"enemies":"Red Slaver","floor":13,"turns":5},{"damage":32,"enemies":"3 Sentries","floor":14,"turns":6},{"damage":64,"enemies":"Hexaghost","floor":16,"turns":9}],"seed_played":"7517551024883792155","potions_obtained":[{"floor":2,"key":"Explosive Potion"},{"floor":3,"key":"GamblersBrew"},{"floor":7,"key":"Swift Potion"},{"floor":11,"key":"LiquidBronze"},{"floor":14,"key":"SteroidPotion"}],"is_trial":false,"path_per_floor":["M","M","M","M","M","R","E","?","T","$","E","R","M","E","R","B"],"character_chosen":"IRONCLAD","items_purchased":["Inflame","Rampage"],"campfire_rested":3,"item_purchase_floors":[10,10],"current_hp_per_floor":[80,71,80,64,58,80,35,35,35,35,17,41,38,30,54,0,0],"gold":157,"neow_bonus":"ONE_RANDOM_RARE_CARD","is_daily":false,"chose_seed":false,"campfire_upgraded":0,"win_rate":0.0,"timestamp":1612070137,"path_taken":["M","M","M","?","M","R","E","?","T","$","E","R","M","E","R","BOSS"],"items_purchased_type":["Card","Card"],"build_version":"2020-12-22","purchased_purges":0,"victory":false,"max_hp_per_floor":[80,80,80,80,80,80,80,80,80,80,80,80,80,80,80,80,80],"card_choices":[{"not_picked":["Warcry","Evolve"],"picked":"Flex","floor":1},{"not_picked":["True Grit","Warcry"],"picked":"Thunderclap","floor":2},{"not_picked":["Combust","Twin Strike"],"picked":"Pommel Strike","floor":3},{"not_picked":["Bloodletting","Entrench"],"picked":"Shrug It Off","floor":4},{"not_picked":["Intimidate","Impervious"],"picked":"Perfected Strike","floor":5},{"not_picked":["Rage","Warcry"],"picked":"Headbutt","floor":7},{"not_picked":["Whirlwind","Sentinel"],"picked":"Dropkick","floor":11},{"not_picked":["Pummel","Power Through"],"picked":"Feed","floor":13},{"not_picked":["Sword Boomerang","Body Slam"],"picked":"Flame Barrier","floor":14}],"player_experience":479262,"relics_obtained":[{"floor":7,"key":"InkBottle"},{"floor":9,"key":"Turnip"},{"floor":11,"key":"Blue Candle"},{"floor":14,"key":"Bird Faced Urn"}],"event_choices":[{"damage_healed":0,"gold_gain":0,"player_choice":"Forge","damage_taken":0,"max_hp_gain":0,"max_hp_loss":0,"event_name":"Accursed Blacksmith","floor":8,"gold_loss":0,"cards_upgraded":["Perfected Strike"]}],"is_beta":false,"boss_relics":[],"items_purged_floors":[],"is_endless":false,"potions_floor_spawned":[2,3,7,11,14],"killed_by":"Hexaghost","ascension_level":4}}