{"host":"vyjryxuuuxkt43k4","time":1612067717,"event":{"mods":["AchievementEnabler","BaseMod","Colored Map","DeckTracker","Keyboard Shortcuts","Minty Spire (QoL Compilation)","Permanent Neow","Quick Restart","Rare Cards Sparkle","StSLib","SuperFastMode","everything is the same but u backflip on backflip"],"gold_per_floor":[113,113,133,147,247,247,259,286,309,338,376,12,12,26,26,122,122,134,157,172,271,271,271,286,286,286,286,326,371,371,398,398,509,509,527,549,549,567,74,74,100,136,145,195,195,234,38,38,38,38],"floor_reached":51,"language":"KOR","playtime":2291,"items_purged":["Strike_P","Defend_P","Injury"],"score":1154,"play_id":"33540cd4-bf6c-4da2-b40a-80e6ba39c3a6","local_time":"20210131133517","is_ascension_mode":true,"campfire_choices":[{"data":"Eruption","floor":6,"key":"SMITH"},{"data":"EmptyFist","floor":15,"key":"SMITH"},{"data":"TalkToTheHand","floor":23,"key":"SMITH"},{"data":"DeusExMachina","floor":25,"key":"SMITH"},{"data":"EmptyMind","floor":27,"key":"SMITH"},{"data":"Study","floor":30,"key":"SMITH"},{"data":"Tantrum","floor":32,"key":"SMITH"},{"data":"MentalFortress","floor":40,"key":"SMITH"},{"data":"Ghostly","floor":45,"key":"SMITH"},{"data":"Ghostly","floor":49,"key":"SMITH"}],"circlet_count":0,"master_deck":["Strike_P","Defend_P+1","Defend_P+1","Defend_P+1","Eruption+1","Vigilance+1","TalkToTheHand+1","EmptyFist+1","SandsOfTime","Indignation","DeusExMachina+1","EmptyMind+1","FlurryOfBlows+1","Halt+1","Study+1","Ghostly+1","Ghostly+1","Ghostly","Ghostly","Ghostly","Tantrum+1","MasterReality","CrushJoints+1","Madness","Madness","MentalFortress+1","Omniscience","FlurryOfBlows+1","Wallop+1","Crescendo+1"],"relics":["PureWater","Centennial Puzzle","War Paint","MawBank","Vajra","Thread and Needle","Coffee Dripper","Strawberry","Question Card","CeramicFish","Cursed Key","Bottled Tornado","Mango","Torii","Bird Faced Urn"],"acts_visited":["Exordium","TheCity","TheBeyond"],"potions_floor_usage":[10,11,24,24,24,33,33,33,35,46,50,50,50],"damage_taken":[{"damage":0,"enemies":"2 Louse","floor":1,"turns":3},{"damage":0,"enemies":"Cultist","floor":3,"turns":2},{"damage":0,"enemies":"Jaw Worm","floor":4,"turns":4},{"damage":0,"enemies":"3 Louse","floor":7,"turns":2},{"damage":8,"enemies":"Lagavulin","floor":8,"turns":5},{"damage":4,"enemies":"Lots of Slimes","floor":10,"turns":5},{"damage":14,"enemies":"Gremlin Nob","floor":11,"turns":4},{"damage":0,"enemies":"Looter","floor":14,"turns":3},{"damage":26,"enemies":"Hexaghost","floor":16,"turns":8},{"damage":0,"enemies":"Chosen","floor":18,"turns":3},{"damage":0,"enemies":"3 Byrds","floor":20,"turns":5},{"damage":0,"enemies":"Snake Plant","floor":24,"turns":4},{"damage":13,"enemies":"Slavers","floor":28,"turns":6},{"damage":0,"enemies":"Centurion and Healer","floor":31,"turns":5},{"damage":11,"enemies":"Champ","floor":33,"turns":8},{"damage":0,"enemies":"3 Shapes","floor":35,"turns":6},{"damage":0,"enemies":"Orb Walker","floor":36,"turns":3},{"damage":2,"enemies":"4 Shapes","floor":41,"turns":6},{"damage":0,"enemies":"Giant Head","floor":42,"turns":6},{"damage":0,"enemies":"Mind Bloom Boss Battle","floor":44,"turns":3},{"damage":10,"enemies":"Reptomancer","floor":46,"turns":5},{"damage":0,"enemies":"Time Eater","floor":50,"turns":6}],"seed_played":"5104585819590683733","potions_obtained":[{"floor":1,"key":"LiquidMemories"},{"floor":3,"key":"Energy Potion"},{"floor":7,"key":"FairyPotion"},{"floor":14,"key":"Ancient Potion"},{"floor":16,"key":"PowerPotion"},{"floor":18,"key":"EntropicBrew"},{"floor":22,"key":"Energy Potion"},{"floor":28,"key":"Fire Potion"},{"floor":33,"key":"Fire Potion"},{"floor":35,"key":"Weak Potion"},{"floor":41,"key":"Block Potion"},{"floor":46,"key":"ColorlessPotion"}],"is_trial":false,"path_per_floor":["M","?","M","M","?","R","M","E","T","M","E","$","$","M","R","B",null,"M","T","M","?","?","R","M","R","T","R","E","?","R","M","R","B",null,"M","M","?","?","$","R","M","E","T","?","R","E","$","?","R","B",null],"character_chosen":"WATCHER","items_purchased":["Thread and Needle","MentalFortress","Bottled Tornado","Omniscience","DistilledChaos"],"campfire_rested":0,"item_purchase_floors":[12,39,39,39,47],"current_hp_per_floor":[65,51,51,51,51,51,51,43,43,39,25,25,25,25,25,21,59,59,66,66,66,66,66,66,66,66,66,53,39,39,39,39,28,36,36,36,36,31,31,31,29,43,43,43,43,33,33,33,33,39],"gold":38,"neow_bonus":"RANDOM_COMMON_RELIC","is_daily":false,"chose_seed":false,"campfire_upgraded":10,"win_rate":0.0,"timestamp":1612067717,"path_taken":["M","?","M","M","?","R","M","E","T","?","E","?","$","M","R","BOSS","M","?","M","?","?","R","?","R","T","R","E","?","R","M","R","BOSS","M","M","?","?","$","R","M","E","T","?","R","E","$","?","R","BOSS"],"items_purchased_type":["Relic","Card","Relic","Card","Potion"],"build_version":"2020-12-22","purchased_purges":3,"victory":true,"max_hp_per_floor":[72,72,72,72,72,72,72,72,72,72,72,72,72,72,72,72,72,72,79,79,79,79,79,79,79,79,79,79,39,39,39,39,39,39,39,39,39,39,39,39,39,53,53,53,53,53,53,53,53,53],"card_choices":[{"not_picked":["CarveReality","Protect","Crescendo"],"picked":"SKIP","floor":1},{"not_picked":["Crescendo","Protect","FlyingSleeves"],"picked":"SKIP","floor":3},{"not_picked":["Crescendo","Wireheading","SashWhip"],"picked":"SKIP","floor":4},{"not_picked":["JustLucky","Crescendo","Protect"],"picked":"SKIP","floor":7},{"not_picked":["EmptyFist","Study"],"picked":"TalkToTheHand","floor":8},{"not_picked":["Perseverance","ClearTheMind"],"picked":"EmptyFist","floor":10},{"not_picked":["Protect","MasterReality"],"picked":"SandsOfTime","floor":11},{"not_picked":["SashWhip","EmptyFist"],"picked":"Indignation","floor":14},{"not_picked":["ConjureBlade","LessonLearned"],"picked":"DeusExMachina","floor":16},{"not_picked":["Evaluate","ThirdEye"],"picked":"EmptyMind","floor":18},{"not_picked":["Consecrate+1","BowlingBash+1"],"picked":"FlurryOfBlows+1","floor":20},{"not_picked":["Nirvana","EmptyBody"],"picked":"Halt+1","floor":24},{"not_picked":["Prostrate","MasterReality","BowlingBash"],"picked":"Study","floor":28},{"not_picked":["SignatureMove+1","Halt+1","JustLucky"],"picked":"Tantrum","floor":31},{"not_picked":["Brilliance","Alpha","ConjureBlade"],"picked":"MasterReality","floor":33},{"not_picked":["LikeWater","ThirdEye","JustLucky+1","EmptyBody+1"],"picked":"SKIP","floor":35},{"not_picked":["ClearTheMind","Collect","JustLucky+1"],"picked":"CrushJoints+1","floor":36},{"not_picked":["Halt","EmptyFist+1","FlyingSleeves+1"],"picked":"FlurryOfBlows+1","floor":41},{"not_picked":["Devotion","FlurryOfBlows+1","EmptyFist"],"picked":"Wallop+1","floor":42},{"not_picked":["Perseverance","Halt","FollowUp+1"],"picked":"Crescendo+1","floor":46}],"player_experience":535731,"relics_obtained":[{"floor":8,"key":"War Paint"},{"floor":9,"key":"MawBank"},{"floor":11,"key":"Vajra"},{"floor":19,"key":"Strawberry"},{"floor":26,"key":"Question Card"},{"floor":28,"key":"CeramicFish"},{"floor":42,"key":"Mango"},{"floor":44,"key":"Torii"},{"floor":46,"key":"Bird Faced Urn"}],"event_choices":[{"damage_healed":0,"gold_gain":0,"player_choice":"Entered Light","damage_taken":14,"max_hp_gain":0,"max_hp_loss":0,"event_name":"Shining Light","floor":2,"gold_loss":0,"cards_upgraded":["Defend_P","Vigilance"]},{"damage_healed":0,"gold_gain":100,"player_choice":"Pray","damage_taken":0,"max_hp_gain":0,"max_hp_loss":0,"event_name":"Golden Shrine","floor":5,"gold_loss":0},{"damage_healed":0,"gold_gain":99,"player_choice":"Stole From Cult","damage_taken":0,"max_hp_gain":0,"max_hp_loss":0,"event_name":"Nest","floor":21,"gold_loss":0},{"damage_healed":0,"gold_gain":0,"player_choice":"Got Potions","damage_taken":0,"max_hp_gain":0,"max_hp_loss":0,"event_name":"Lab","floor":22,"gold_loss":0},{"damage_healed":0,"gold_gain":0,"player_choice":"Became a Ghost","damage_taken":0,"max_hp_gain":0,"max_hp_loss":40,"event_name":"Ghosts","floor":29,"gold_loss":0,"cards_obtained":["Ghostly","Ghostly","Ghostly","Ghostly","Ghostly"]},{"cards_removed":["Strike_P"],"damage_healed":0,"gold_gain":0,"player_choice":"Removed Attack","damage_taken":0,"max_hp_gain":0,"max_hp_loss":0,"event_name":"Falling","floor":37,"gold_loss":0},{"damage_healed":0,"gold_gain":0,"player_choice":"Embrace Madness","damage_taken":5,"max_hp_gain":0,"max_hp_loss":0,"event_name":"Winding Halls","floor":38,"gold_loss":0,"cards_obtained":["Madness","Madness"]},{"damage_healed":0,"gold_gain":0,"player_choice":"Fight","damage_taken":0,"max_hp_gain":0,"max_hp_loss":0,"event_name":"MindBloom","floor":44,"gold_loss":0},{"cards_removed":["Strike_P"],"damage_healed":0,"gold_gain":0,"player_choice":"Offered Basic","damage_taken":0,"max_hp_gain":0,"max_hp_loss":0,"event_name":"Bonfire Elementals","floor":48,"gold_loss":0}],"is_beta":false,"boss_relics":[{"not_picked":["Fusion Hammer","Empty Cage"],"picked":"Coffee Dripper"},{"not_picked":["Runic Dome","Runic Pyramid"],"picked":"Cursed Key"}],"items_purged_floors":[12,39,47],"is_endless":false,"potions_floor_spawned":[1,3,7,14,16,18,28,33,35,41,46],"ascension_level":7}}