{"host":"w4b7hmige5bnqipq","time":1612104395,"event":{"mods":["2.2 Compatiblity","BaseMod","Colored Map","DeckTracker","Keyboard Shortcuts","Minty Spire (QoL Compilation)","Permanent Neow","Rare Cards Sparkle","SuperFastMode","everything is the same but u backflip on backflip","slay the spire mod where everything is the same but ironclad has a cowboy hat"],"gold_per_floor":[112,130,130,130,158,158,158,184,211,230,219,255,274,288,288,369,369,389,148,157,169,69,69,80,80,127,2,39,59,71,271,271,350,350,377,400,181,181,201,201,201],"floor_reached":40,"language":"KOR","playtime":1664,"items_purged":["Strike_G","Defend_G","Defend_G","Slice"],"score":924,"play_id":"4681b432-b3ed-4bc3-abaf-abf8e1afdace","local_time":"20210131234635","is_ascension_mode":true,"campfire_choices":[{"data":"Quick Slash","floor":6.0,"key":"SMITH"},{"floor":15.0,"key":"REST"},{"data":"Crippling Poison","floor":23.0,"key":"SMITH"},{"data":"Noxious Fumes","floor":25.0,"key":"SMITH"},{"data":"Flechettes","floor":32.0,"key":"SMITH"}],"circlet_count":0,"master_deck":["AscendersBane","Strike_G+1","Defend_G","Defend_G","Defend_G","Survivor","Neutralize+1","Backflip","Reflex","Quick Slash+1","Malaise","Crippling Poison+1","Concentrate","Noxious Fumes+1","Tools of the Trade","Escape Plan+1","Flechettes+1","Footwork","Acrobatics","Well Laid Plans"],"relics":["Ring of the Snake","CeramicFish","Toy Ornithopter","Art of War","Coffee Dripper","TheAbacus","Vajra","Nunchaku"],"acts_visited":["Exordium","TheCity","TheBeyond"],"potions_floor_usage":[39,40],"damage_taken":[{"damage":2.0,"enemies":"Jaw Worm","floor":1.0,"turns":6.0},{"damage":4.0,"enemies":"Small Slimes","floor":2.0,"turns":6.0},{"damage":3.0,"enemies":"Cultist","floor":5.0,"turns":7.0},{"damage":2.0,"enemies":"2 Fungi Beasts","floor":8.0,"turns":4.0},{"damage":1.0,"enemies":"Lots of Slimes","floor":10.0,"turns":6.0},{"damage":10.0,"enemies":"Exordium Thugs","floor":11.0,"turns":5.0},{"damage":13.0,"enemies":"Lagavulin","floor":12.0,"turns":8.0},{"damage":1.0,"enemies":"2 Fungi Beasts","floor":13.0,"turns":4.0},{"damage":3.0,"enemies":"3 Louse","floor":14.0,"turns":4.0},{"damage":0.0,"enemies":"The Guardian","floor":16.0,"turns":16.0},{"damage":2.0,"enemies":"3 Byrds","floor":18.0,"turns":5.0},{"damage":14.0,"enemies":"Shell Parasite","floor":21.0,"turns":7.0},{"damage":7.0,"enemies":"Centurion and Healer","floor":24.0,"turns":9.0},{"damage":6.0,"enemies":"Slavers","floor":28.0,"turns":5.0},{"damage":0.0,"enemies":"3 Cultists","floor":29.0,"turns":4.0},{"damage":13.0,"enemies":"Shelled Parasite and Fungi","floor":30.0,"turns":5.0},{"damage":17.0,"enemies":"Automaton","floor":33.0,"turns":9.0},{"damage":5.0,"enemies":"Orb Walker","floor":35.0,"turns":5.0},{"damage":10.0,"enemies":"3 Shapes","floor":36.0,"turns":5.0},{"damage":6,"enemies":"Jaw Worm Horde","floor":39,"turns":4},{"damage":36,"enemies":"Reptomancer","floor":40,"turns":4}],"seed_played":"-5414221172973716945","potions_obtained":[{"floor":2.0,"key":"LiquidBronze"},{"floor":5.0,"key":"Weak Potion"},{"floor":7.0,"key":"GhostInAJar"},{"floor":11.0,"key":"CunningPotion"},{"floor":12.0,"key":"Block Potion"},{"floor":21.0,"key":"Energy Potion"},{"floor":28.0,"key":"LiquidBronze"},{"floor":29.0,"key":"Block Potion"},{"floor":30.0,"key":"Explosive Potion"},{"floor":39,"key":"Ancient Potion"}],"is_trial":false,"path_per_floor":["M","M","?","?","M","R","?","M","T","M","M","E","M","M","R","B",null,"M","$","?","M","$","R","M","R","T","$","E","M","M","?","R","B",null,"M","M","$","?","M","E"],"character_chosen":"THE_SILENT","items_purchased":["TheAbacus","Well Laid Plans"],"campfire_rested":1,"item_purchase_floors":[19,37],"current_hp_per_floor":[57,53,35,30,27,27,27,25,25,24,14,6,5,2,20,25,51,49,49,49,35,35,35,28,28,28,28,32,32,19,19,19,2,46,41,31,31,31,30,0,0],"gold":201,"neow_bonus":"REMOVE_TWO","is_daily":false,"chose_seed":false,"campfire_upgraded":4,"win_rate":0.0,"timestamp":1612104395,"path_taken":["M","M","?","?","M","R","?","M","T","M","M","E","M","M","R","BOSS","M","?","?","M","$","R","?","R","T","$","E","M","M","?","R","BOSS","M","M","$","?","M","E"],"items_purchased_type":["Relic","Card"],"build_version":"2020-12-22","purchased_purges":4,"victory":false,"max_hp_per_floor":[60,60,60,60,60,60,60,60,60,60,60,60,60,60,60,60,60,60,60,60,60,60,60,60,60,60,60,60,60,60,60,60,60,60,60,60,60,60,60,60,60],"card_choices":[{"not_picked":["Flying Knee","Blur"],"picked":"Backflip","floor":1.0},{"not_picked":["Quick Slash","Blade Dance"],"picked":"Reflex","floor":2.0},{"not_picked":["Dagger Spray","PiercingWail"],"picked":"Quick Slash","floor":5.0},{"not_picked":["Deflect","Blade Dance"],"picked":"Malaise","floor":8.0},{"not_picked":["Dash","Blade Dance"],"picked":"Crippling Poison","floor":10.0},{"not_picked":["Bane","Dagger Throw"],"picked":"Concentrate","floor":11.0},{"not_picked":["Dagger Throw","PiercingWail"],"picked":"Noxious Fumes","floor":12.0},{"not_picked":["PiercingWail","Bane","Flying Knee"],"picked":"SKIP","floor":13.0},{"not_picked":["Concentrate","Burst","Deflect"],"picked":"SKIP","floor":14.0},{"not_picked":["Glass Knife","Storm of Steel"],"picked":"Tools of the Trade","floor":16.0},{"not_picked":["PiercingWail","Dagger Throw"],"picked":"Escape Plan+1","floor":18.0},{"not_picked":["Sucker Punch","PiercingWail","Dodge and Roll"],"picked":"SKIP","floor":21.0},{"not_picked":["Dagger Throw+1","Slice","Underhanded Strike"],"picked":"SKIP","floor":24.0},{"not_picked":["Terror","Slice"],"picked":"Flechettes","floor":28.0},{"not_picked":["Underhanded Strike","PiercingWail","Glass Knife"],"picked":"SKIP","floor":29.0},{"not_picked":["Blade Dance+1","Concentrate","Dagger Throw+1"],"picked":"SKIP","floor":30.0},{"not_picked":["Blade Dance+1","Concentrate","Dagger Throw+1"],"picked":"SKIP","floor":30.0},{"not_picked":["All Out Attack","Leg Sweep"],"picked":"Footwork","floor":35.0},{"not_picked":["Outmaneuver+1","All Out Attack"],"picked":"Acrobatics","floor":36.0},{"not_picked":["Footwork","Skewer","Slice+1"],"picked":"SKIP","floor":39}],"player_experience":686829,"relics_obtained":[{"floor":9.0,"key":"Toy Ornithopter"},{"floor":12.0,"key":"Art of War"},{"floor":26.0,"key":"Vajra"},{"floor":28.0,"key":"Nunchaku"}],"event_choices":[{"damage_healed":0.0,"max_hp_gain":0.0,"max_hp_loss":0.0,"gold_gain":0.0,"event_name":"Shining Light","player_choice":"Entered Light","floor":3.0,"gold_loss":0.0,"damage_taken":18.0,"cards_upgraded":["Neutralize","Strike_G"]},{"damage_healed":0.0,"max_hp_gain":0.0,"max_hp_loss":0.0,"gold_gain":0.0,"event_name":"Scrap Ooze","player_choice":"Success","floor":4.0,"gold_loss":0.0,"damage_taken":5.0,"relics_obtained":["CeramicFish"]},{"damage_healed":0.0,"max_hp_gain":0.0,"max_hp_loss":0.0,"gold_gain":0.0,"event_name":"Lab","player_choice":"Got Potions","floor":7.0,"gold_loss":0.0,"damage_taken":0.0},{"damage_healed":0.0,"max_hp_gain":0.0,"max_hp_loss":0.0,"gold_gain":0.0,"cards_transformed":["Strike_G"],"event_name":"Transmorgrifier","player_choice":"Transformed","floor":20.0,"gold_loss":0.0,"damage_taken":0.0,"cards_obtained":["Slice"]},{"damage_healed":0.0,"max_hp_gain":0.0,"max_hp_loss":0.0,"gold_gain":250.0,"event_name":"The Joust","player_choice":"Bet on Owner","floor":31.0,"gold_loss":50.0,"damage_taken":0.0},{"damage_healed":0,"gold_gain":0,"player_choice":"Ignored","damage_taken":0,"max_hp_gain":0,"max_hp_loss":0,"event_name":"Mysterious Sphere","floor":38,"gold_loss":0}],"is_beta":false,"boss_relics":[{"not_picked":["Velvet Choker","Ring of the Serpent"],"picked":"Coffee Dripper"},{"not_picked":[]}],"items_purged_floors":[19,22,27,37],"is_endless":false,"potions_floor_spawned":[2,5,11,12,21,28,29,30,39],"killed_by":"Reptomancer","ascension_level":20}}