{"host":"splhgeaql3beeqc1","time":1612096749,"event":{"mods":["BaseMod","Minty Spire (QoL Compilation)","Quick Restart","StSLib"],"gold_per_floor":[117,117,136,0,10,39,39,68,68,123,140,140,170,180,180,275,275,295,295,220,238,248,281,294,294,294,294,294,304,317,24,24,124,124,136,188,188,208,208,243,258,258,258],"floor_reached":42,"language":"ENG","playtime":5286,"items_purged":["Strike_G"],"score":538,"play_id":"325be3ae-ab81-49b7-809f-090859b1891f","local_time":"20210131123909","is_ascension_mode":true,"campfire_choices":[{"data":"Prepared","floor":7,"key":"SMITH"},{"floor":12,"key":"REST"},{"floor":15,"key":"REST"},{"floor":28,"key":"REST"},{"floor":32,"key":"REST"}],"circlet_count":0,"master_deck":["Strike_G","Strike_G","Strike_G","Defend_G","Defend_G","Defend_G","Defend_G","Survivor","Neutralize+1","Poisoned Stab","Dagger Throw","Unload+1","Prepared+1","Die Die Die+1","Eviscerate","Tactician+1","Well Laid Plans","Unload","Choke+1","Crippling Poison","Backflip+1","Dagger Spray","Bouncing Flask","Prepared+1","Finisher+1","Corpse Explosion","Caltrops+1","Terror","Footwork+1","Backflip+1"],"relics":["Ring of the Snake","Nunchaku","HornCleat","Tiny Chest","Ninja Scroll","Fusion Hammer","Happy Flower","Molten Egg 2","Whetstone","Philosopher\u0027s Stone","WingedGreaves","Bronze Scales","Pen Nib"],"acts_visited":["Exordium","TheCity","TheBeyond"],"potions_floor_usage":[6,13,16,23,29,30,36,38,40,42,42],"damage_taken":[{"damage":1,"enemies":"Small Slimes","floor":1,"turns":5},{"damage":0,"enemies":"Cultist","floor":3,"turns":3},{"damage":0,"enemies":"2 Louse","floor":5,"turns":3},{"damage":17,"enemies":"3 Sentries","floor":6,"turns":8},{"damage":25,"enemies":"Gremlin Nob","floor":8,"turns":5},{"damage":4,"enemies":"Blue Slaver","floor":11,"turns":2},{"damage":5,"enemies":"3 Sentries","floor":13,"turns":4},{"damage":0,"enemies":"Large Slime","floor":14,"turns":3},{"damage":42,"enemies":"The Guardian","floor":16,"turns":10},{"damage":0,"enemies":"3 Byrds","floor":18,"turns":3},{"damage":0,"enemies":"Chosen","floor":21,"turns":1},{"damage":0,"enemies":"3 Cultists","floor":22,"turns":4},{"damage":25,"enemies":"Slavers","floor":23,"turns":5},{"damage":0,"enemies":"Snecko","floor":24,"turns":4},{"damage":0,"enemies":"Cultist and Chosen","floor":29,"turns":3},{"damage":25,"enemies":"Snake Plant","floor":30,"turns":4},{"damage":29,"enemies":"Automaton","floor":33,"turns":8},{"damage":2,"enemies":"Orb Walker","floor":35,"turns":2},{"damage":18,"enemies":"2 Orb Walkers","floor":36,"turns":3},{"damage":13,"enemies":"3 Shapes","floor":38,"turns":4},{"damage":33,"enemies":"Nemesis","floor":40,"turns":7},{"damage":9,"enemies":"Spire Growth","floor":41,"turns":3},{"damage":33,"enemies":"Giant Head","floor":42,"turns":5}],"seed_played":"8971706025292061286","potions_obtained":[{"floor":5,"key":"SkillPotion"},{"floor":11,"key":"Block Potion"},{"floor":14,"key":"LiquidBronze"},{"floor":16,"key":"Block Potion"},{"floor":18,"key":"CunningPotion"},{"floor":24,"key":"SteroidPotion"},{"floor":29,"key":"Weak Potion"},{"floor":30,"key":"Regen Potion"},{"floor":33,"key":"PowerPotion"},{"floor":38,"key":"SpeedPotion"},{"floor":40,"key":"BlessingOfTheForge"}],"is_trial":false,"path_per_floor":["M","?","M","$","M","E","R","E","T","?","M","R","E","M","R","B",null,"M","?","$","M","M","E","M","?","T","T","R","M","M","$","R","B",null,"M","?","T","M","?","E","M","E"],"character_chosen":"THE_SILENT","items_purchased":["Unload","Corpse Explosion","Whetstone"],"campfire_rested":4,"item_purchase_floors":[4,31,31],"current_hp_per_floor":[76,76,76,76,76,59,59,34,34,34,30,53,48,48,71,29,77,77,77,77,77,77,52,52,52,52,52,75,75,50,50,73,44,77,75,57,57,56,56,23,14,0,0],"gold":258,"neow_bonus":"TEN_PERCENT_HP_BONUS","is_daily":false,"chose_seed":false,"campfire_upgraded":1,"win_rate":0.0,"timestamp":1612096749,"path_taken":["M","?","M","$","?","E","R","E","T","?","M","R","E","M","R","BOSS","M","?","$","M","M","E","M","?","T","?","R","M","?","?","R","BOSS","M","?","?","?","?","E","?","E"],"items_purchased_type":["Card","Card","Relic"],"build_version":"2020-12-22","purchased_purges":1,"victory":false,"max_hp_per_floor":[77,77,77,77,77,77,77,77,77,77,77,77,77,77,77,77,77,77,77,77,77,77,77,77,77,77,77,77,77,77,77,77,77,77,77,77,77,77,77,77,77,77,77],"card_choices":[{"not_picked":["Deflect","PiercingWail"],"picked":"Poisoned Stab","floor":1},{"not_picked":["Dodge and Roll","Heel Hook"],"picked":"Dagger Throw","floor":3},{"not_picked":["Slice","Acrobatics","Deflect"],"picked":"SKIP","floor":5},{"not_picked":["Slice","Acrobatics"],"picked":"Prepared","floor":6},{"not_picked":["PiercingWail","Dodge and Roll"],"picked":"Die Die Die","floor":8},{"not_picked":["Flying Knee","Bane"],"picked":"Eviscerate","floor":11},{"not_picked":["Escape Plan","Quick Slash"],"picked":"Tactician","floor":13},{"not_picked":["Dagger Spray","Prepared"],"picked":"Well Laid Plans","floor":14},{"not_picked":["A Thousand Cuts","Doppelganger"],"picked":"Unload","floor":16},{"not_picked":["Slice","Prepared+1"],"picked":"Choke+1","floor":18},{"not_picked":["Dodge and Roll+1","Flying Knee"],"picked":"Crippling Poison","floor":21},{"not_picked":["Dagger Spray","Expertise","Bouncing Flask"],"picked":"SKIP","floor":22},{"not_picked":["Reflex","Blur+1"],"picked":"Backflip+1","floor":23},{"not_picked":["Blade Dance+1","Envenom","Backflip"],"picked":"SKIP","floor":24},{"not_picked":["Dodge and Roll","Poisoned Stab+1"],"picked":"Prepared+1","floor":29},{"not_picked":["Dagger Spray+1","Acrobatics"],"picked":"Finisher+1","floor":30},{"not_picked":["Bane+1","Blade Dance"],"picked":"Caltrops+1","floor":35},{"not_picked":["Catalyst","Blade Dance"],"picked":"Terror","floor":36},{"not_picked":["Distraction","Finisher+1"],"picked":"Footwork+1","floor":38},{"not_picked":["Cloak And Dagger+1","Crippling Poison","Dagger Throw+1"],"picked":"SKIP","floor":40},{"not_picked":["Outmaneuver","Flying Knee+1"],"picked":"Backflip+1","floor":41}],"player_experience":87577,"relics_obtained":[{"floor":6,"key":"Nunchaku"},{"floor":8,"key":"HornCleat"},{"floor":9,"key":"Tiny Chest"},{"floor":13,"key":"Ninja Scroll"},{"floor":23,"key":"Happy Flower"},{"floor":26,"key":"Molten Egg 2"},{"floor":36,"key":"WingedGreaves"},{"floor":37,"key":"Bronze Scales"},{"floor":40,"key":"Pen Nib"}],"event_choices":[{"damage_healed":0,"gold_gain":0,"player_choice":"Upgraded","damage_taken":0,"max_hp_gain":0,"max_hp_loss":0,"event_name":"Upgrade Shrine","floor":2,"gold_loss":0,"cards_upgraded":["Neutralize"]},{"damage_healed":0,"gold_gain":55,"player_choice":"Gained Gold","damage_taken":0,"max_hp_gain":0,"max_hp_loss":0,"event_name":"Golden Wing","floor":10,"gold_loss":0},{"damage_healed":0,"gold_gain":0,"player_choice":"Ignored","damage_taken":0,"max_hp_gain":0,"max_hp_loss":0,"event_name":"Ghosts","floor":19,"gold_loss":0},{"damage_healed":0,"gold_gain":0,"cards_transformed":["Defend_G","Strike_G"],"player_choice":"Became Test Subject","damage_taken":0,"max_hp_gain":0,"max_hp_loss":0,"event_name":"Drug Dealer","floor":25,"gold_loss":0,"cards_obtained":["Dagger Spray","Bouncing Flask"]},{"damage_healed":0,"gold_gain":0,"player_choice":"Fight","damage_taken":0,"max_hp_gain":0,"max_hp_loss":0,"event_name":"Mysterious Sphere","floor":36,"gold_loss":0},{"damage_healed":0,"gold_gain":0,"player_choice":"Forge","damage_taken":0,"max_hp_gain":0,"max_hp_loss":0,"event_name":"Accursed Blacksmith","floor":39,"gold_loss":0,"cards_upgraded":["Tactician"]}],"is_beta":false,"boss_relics":[{"not_picked":["Ring of the Serpent","Busted Crown"],"picked":"Fusion Hammer"},{"not_picked":["Snecko Eye","Coffee Dripper"],"picked":"Philosopher\u0027s Stone"}],"items_purged_floors":[20],"is_endless":false,"potions_floor_spawned":[5,11,14,16,18,24,29,30,33,38,40],"killed_by":"Giant Head","ascension_level":3}}