{"host":"fzjk61lpi4bwj033","time":1612056380,"event":{"mods":["Ascension Unlocker","BaseMod","Conspire","Downfall","Hermit","Hubris","Infinite Spire","Jorbs\u0027s Wanderer Trilogy","Minty Spire (QoL Compilation)","Rare Cards Sparkle","Replay The Spire","StSLib","The Jungle"],"gold_per_floor":[114,128,203,217,15,15,50,63,63,98,98,124,124,161,161,181,181],"floor_reached":16,"language":"ENG","playtime":483,"items_purged":[],"score":236,"play_id":"fa4a3e31-057d-46cc-958b-3ae8558cae33","local_time":"20210130192620","is_ascension_mode":true,"campfire_choices":[{"data":"BasicCrystalCard","floor":6,"key":"SMITH"},{"floor":11,"key":"REST"},{"floor":13,"key":"REST"},{"data":"Fission","floor":15,"key":"SMITH"}],"circlet_count":0,"master_deck":["AscendersBane","Strike_B","Strike_B","Strike_B","Strike_B+1","Defend_B+1","Defend_B","Defend_B","Defend_B","Zap","Dualcast","Cold Snap","BasicCrystalCard+1","Ball Lightning","Compile Driver","Conserve Battery","Ball Lightning","Redo","Panic Button","BootSequence","Fission+1"],"relics":["Cracked Core","Membership Card","Unceasing Top","Gremlin Food","infinitespire:Midas Blood","Odd Mushroom","Turnip"],"acts_visited":["Exordium"],"potions_floor_usage":[12,16],"damage_taken":[{"damage":0,"enemies":"Cultist","floor":1,"turns":3},{"damage":0,"enemies":"Jaw Worm","floor":2,"turns":5},{"damage":6,"enemies":"Small Slimes","floor":4,"turns":3},{"damage":20,"enemies":"Lagavulin","floor":7,"turns":7},{"damage":14,"enemies":"Red Slaver","floor":8,"turns":3},{"damage":4,"enemies":"Gremlin Nob","floor":10,"turns":3},{"damage":4,"enemies":"The Mushroom Lair","floor":12,"turns":3},{"damage":6,"enemies":"Replay:BlueRogue","floor":14,"turns":4},{"damage":48,"enemies":"Hexaghost","floor":16,"turns":11}],"seed_played":"5383156292496907121","potions_obtained":[{"floor":8,"key":"Venom Potion"},{"floor":10,"key":"Energy Potion"},{"floor":12,"key":"Dexterity Potion"}],"is_trial":false,"path_per_floor":["M","M","?","M","$","R","E","M","T","E","R","?","R","E","R","B"],"character_chosen":"DEFECT","items_purchased":["Membership Card","Conserve Battery"],"campfire_rested":2,"item_purchase_floors":[5,5],"current_hp_per_floor":[64,64,53,47,47,47,27,13,13,9,30,26,47,41,41,0,0],"gold":181,"neow_bonus":"RANDOM_EVENT","is_daily":false,"chose_seed":false,"campfire_upgraded":2,"win_rate":0.0,"timestamp":1612056380,"path_taken":["M","M","?","M","$","R","E","M","T","E","R","?","R","E","R","BOSS"],"items_purchased_type":["Relic","Card"],"build_version":"2020-12-22","purchased_purges":0,"victory":false,"max_hp_per_floor":[71,71,71,71,71,71,71,71,71,71,71,71,71,71,71,71,71],"card_choices":[{"not_picked":["Sweeping Beam","Go for the Eyes"],"picked":"BasicCrystalCard","floor":1},{"not_picked":["Compile Driver","Sweeping Beam"],"picked":"Ball Lightning","floor":2},{"not_picked":["Cold Snap","Reinforced Body"],"picked":"Compile Driver","floor":4},{"not_picked":["Reprogram","Streamline"],"picked":"Ball Lightning","floor":7},{"not_picked":["Go for the Eyes","Fusion"],"picked":"Redo","floor":8},{"not_picked":["Heatsinks","All For One"],"picked":"Panic Button","floor":10},{"not_picked":["Ball Lightning","Sweeping Beam"],"picked":"BootSequence","floor":12},{"not_picked":["Sweeping Beam","Cold Snap"],"picked":"Fission","floor":14}],"player_experience":806402,"relics_obtained":[{"floor":7,"key":"Unceasing Top"},{"floor":9,"key":"Gremlin Food"},{"floor":10,"key":"infinitespire:Midas Blood"},{"floor":12,"key":"Odd Mushroom"},{"floor":14,"key":"Turnip"}],"event_choices":[{"damage_healed":0,"gold_gain":75,"player_choice":"Gather Gold","damage_taken":11,"max_hp_gain":0,"max_hp_loss":0,"event_name":"World of Goop","floor":3,"gold_loss":0},{"damage_healed":0,"gold_gain":0,"player_choice":"Fought Mushrooms","damage_taken":0,"max_hp_gain":0,"max_hp_loss":0,"event_name":"Mushrooms","floor":12,"gold_loss":0}],"is_beta":false,"boss_relics":[],"items_purged_floors":[],"is_endless":false,"potions_floor_spawned":[8,10,12],"killed_by":"Hexaghost","ascension_level":20}}