{"host":"jlretfujpo77gr8u","time":1612094741,"event":{"mods":["AchievementEnabler","Aspiration","Astrologer","Bard","BaseMod","Challenge The Spire","Colored Powertips","Conspire","Decade(王小明)","Downfall","GifTheSpireLib","Hubris","Infinite Spire","Minty Spire (QoL Compilation)","Relic Stats","Replay The Spire","StSLib","The Bug Knight","The Cursed","The Hierophant","The Jungle","The Mystic","The Runesmith","Warlord Emblem","[IsaacMod]以撒尖塔"],"gold_per_floor":[115,165,183,132,32,32,51,111,135,160,189,215,228,228,228],"floor_reached":14,"language":"ZHS","playtime":1454,"items_purged":[],"score":86,"play_id":"de5d72e2-7d82-4961-8797-781d5ef4ffd6","local_time":"20210131200541","is_ascension_mode":false,"campfire_choices":[{"data":"conspire:SpireCoStock","floor":6.0,"key":"SMITH"}],"circlet_count":0,"master_deck":["Strike_G","Strike_G","Strike_G","Strike_G","Strike_G","Defend_G","Defend_G","Defend_G","Defend_G","Defend_G","Survivor","Neutralize","Deadly Poison","Blade Dance","Sucker Punch","Riddle With Holes","Riddle With Holes","conspire:SpireCoStock+1","conspire:SpireCoStock","hubris:SlightOfHand","Envenom","Acrobatics","Deflect","Crippling Poison","Hidden Blade"],"relics":["Ring of the Snake","HushsDoor","infinitespire:BottledMercury","Void","aspiration:HiddenCompartment"],"acts_visited":["Exordium"],"potions_floor_usage":[13,13,13],"damage_taken":[{"damage":0.0,"enemies":"Jaw Worm","floor":1.0,"turns":5.0},{"damage":55.0,"enemies":"Hiden Room Battle","floor":2.0,"turns":10.0},{"damage":0.0,"enemies":"Cultist","floor":3.0,"turns":3.0},{"damage":0.0,"enemies":"2 Louse","floor":7.0,"turns":2.0},{"damage":12.0,"enemies":"Looter","floor":8.0,"turns":4.0},{"damage":0,"enemies":"Large Slime","floor":10,"turns":6},{"damage":0,"enemies":"Exordium Wildlife","floor":11,"turns":4},{"damage":7,"enemies":"Blue Slaver","floor":12,"turns":5},{"damage":0,"enemies":"2 Fungi Beasts","floor":13,"turns":2},{"damage":13,"enemies":"HollowMod:MossKnight","floor":14,"turns":3}],"seed_played":"-1090463747115410102","potions_obtained":[{"floor":2.0,"key":"SkillPotion"},{"floor":3.0,"key":"PowerPotion"},{"floor":11,"key":"infinitespire:BlackPotion"}],"is_trial":false,"path_per_floor":["M","?","M","$","?","R","M","M","T","M","M","M","M","E"],"character_chosen":"THE_SILENT","items_purchased":["Riddle With Holes"],"campfire_rested":0,"item_purchase_floors":[4],"current_hp_per_floor":[77,22,22,22,22,22,22,10,10,10,10,3,3,0,0],"gold":228,"neow_bonus":"TEN_PERCENT_HP_BONUS","is_daily":false,"chose_seed":false,"campfire_upgraded":1,"win_rate":0.0,"timestamp":1612094741,"path_taken":["M","?","M","?","?","R","M","M","T","M","?","M","M","E"],"items_purchased_type":["Card"],"build_version":"2020-12-22","purchased_purges":0,"victory":false,"max_hp_per_floor":[77,77,77,77,77,77,77,77,77,77,77,77,77,77,77],"relic_stats":{"counters":[10,44],"obtain_stats":[{"KeepersGift":0,"infinitespire:BottledMercury":2,"Void":3,"HushsDoor":0,"aspiration:HiddenCompartment":9,"Toy Ornithopter":2,"Ring of the Snake":0},{"KeepersGift":0,"infinitespire:BottledMercury":2,"Void":3,"HushsDoor":0,"aspiration:HiddenCompartment":5,"Toy Ornithopter":2,"Ring of the Snake":0},{"KeepersGift":0,"infinitespire:BottledMercury":15,"Void":16,"HushsDoor":0,"aspiration:HiddenCompartment":24,"Toy Ornithopter":15,"Ring of the Snake":0}],"Ring of the Snake":[20]},"card_choices":[{"not_picked":[],"picked":"Bomb","floor":0.0},{"not_picked":["Distraction","ReplayTheSpireMod:Shiv Toss"],"picked":"Deadly Poison","floor":1.0},{"not_picked":["Dagger Throw","Prepared"],"picked":"Blade Dance","floor":2.0},{"not_picked":["Dagger Throw","Backflip"],"picked":"Sucker Punch","floor":3.0},{"not_picked":["Prepared","Slice"],"picked":"hubris:SlightOfHand","floor":7.0},{"not_picked":["Prepared","Underhanded Strike"],"picked":"Envenom","floor":8.0},{"not_picked":["Dagger Throw","Backstab"],"picked":"Acrobatics","floor":10},{"not_picked":["All Out Attack","PiercingWail"],"picked":"Deflect","floor":11},{"not_picked":["Sucker Punch","Expertise"],"picked":"Crippling Poison","floor":12},{"not_picked":["Prepared","PiercingWail"],"picked":"Hidden Blade","floor":13}],"player_experience":4591,"relics_obtained":[{"floor":2.0,"key":"Toy Ornithopter"},{"floor":2.0,"key":"infinitespire:BottledMercury"},{"floor":9.0,"key":"aspiration:HiddenCompartment"}],"event_choices":[{"damage_healed":0.0,"max_hp_gain":0.0,"max_hp_loss":0.0,"gold_gain":0.0,"event_name":"HidenRoomEvent","player_choice":"Fight","floor":2.0,"gold_loss":0.0,"damage_taken":0.0},{"damage_healed":0.0,"max_hp_gain":0.0,"max_hp_loss":0.0,"gold_gain":0.0,"event_name":"conspire:Investor","player_choice":"Invest 2","floor":5.0,"gold_loss":0.0,"damage_taken":0.0}],"is_beta":false,"boss_relics":[],"items_purged_floors":[],"is_endless":false,"potions_floor_spawned":[2,3,11,12],"killed_by":"HollowMod:MossKnight","ascension_level":0}}