{"host":"2se5dq1do2gp0x9k","time":1612058344,"event":{"mods":["AchievementEnabler","BaseMod","Block Reminder","Colored Map","Colored Powertips","Minty Spire (QoL Compilation)","Relic Stats","StSLib","SuperFastMode"],"gold_per_floor":[111,36,54,129,129,129,155,166,166,176,209,209,221,234,234,306,306,320,298,106,124,137,137,137,137],"floor_reached":24,"language":"ENG","playtime":822,"items_purged":["Defend_B"],"score":470,"play_id":"52be6fb7-da00-4983-8869-35a68094fea4","local_time":"20210130175904","is_ascension_mode":true,"campfire_choices":[{"data":"Sweeping Beam","floor":6.0,"key":"SMITH"},{"data":"Defragment","floor":15,"key":"SMITH"},{"floor":23,"key":"REST"}],"circlet_count":0,"master_deck":["AscendersBane","Defend_B","Defend_B","Zap","Dualcast","Gash","Rebound","Sweeping Beam+1","Cold Snap","Coolheaded","Defragment+1","Capacitor","All For One","Go for the Eyes+1","Genetic Algorithm+1","Sweeping Beam+1","Glacier","Sunder","Defragment","Beam Cell","Recycle"],"relics":["Cracked Core","NeowsBlessing","Meat on the Bone","InkBottle","Regal Pillow","Astrolabe"],"acts_visited":["Exordium","TheCity"],"potions_floor_usage":[11,16,22],"damage_taken":[{"damage":0.0,"enemies":"Jaw Worm","floor":1.0,"turns":1.0},{"damage":0.0,"enemies":"Small Slimes","floor":3.0,"turns":1.0},{"damage":0.0,"enemies":"Lagavulin","floor":7.0,"turns":1.0},{"damage":0,"enemies":"Cultist","floor":8,"turns":3},{"damage":7,"enemies":"Lots of Slimes","floor":10,"turns":3},{"damage":19,"enemies":"3 Sentries","floor":11,"turns":4},{"damage":12,"enemies":"Large Slime","floor":13,"turns":5},{"damage":8,"enemies":"Blue Slaver","floor":14,"turns":4},{"damage":12,"enemies":"The Guardian","floor":16,"turns":14},{"damage":3,"enemies":"Chosen","floor":18,"turns":5},{"damage":30,"enemies":"2 Thieves","floor":19,"turns":4},{"damage":21,"enemies":"Centurion and Healer","floor":21,"turns":9},{"damage":26,"enemies":"Snake Plant","floor":22,"turns":4},{"damage":58,"enemies":"Book of Stabbing","floor":24,"turns":7}],"seed_played":"-916374898748287618","potions_obtained":[{"floor":3.0,"key":"SkillPotion"},{"floor":8,"key":"DuplicationPotion"},{"floor":12,"key":"Ancient Potion"},{"floor":13,"key":"DuplicationPotion"},{"floor":16,"key":"LiquidMemories"},{"floor":22,"key":"Explosive Potion"}],"is_trial":false,"path_per_floor":["M","?","M","?","?","R","E","M","T","M","E","?","M","M","R","B",null,"M","M","$","M","M","R","E"],"character_chosen":"DEFECT","items_purchased":["Sunder","Defragment"],"campfire_rested":1,"item_purchase_floors":[20,20],"current_hp_per_floor":[64,64,64,53,53,53,53,53,53,46,39,39,39,43,43,43,64,61,43,43,34,20,56,0,0],"gold":137,"neow_bonus":"THREE_ENEMY_KILL","is_daily":false,"chose_seed":false,"campfire_upgraded":2,"win_rate":0.0,"timestamp":1612058344,"path_taken":["M","?","M","?","?","R","E","M","T","M","E","?","M","?","R","BOSS","M","M","$","M","?","R","E"],"items_purchased_type":["Card","Card"],"build_version":"2020-12-22","purchased_purges":1,"victory":false,"max_hp_per_floor":[71,71,71,71,71,71,71,71,71,71,71,71,71,71,71,71,71,71,71,71,71,71,71,71,71],"relic_stats":{"Regal Pillow":15,"counters":[14,65],"Astrolabe":["Go for the Eyes","Genetic Algorithm","Sweeping Beam"],"obtain_stats":[{"Regal Pillow":11,"NeowsBlessing":0,"Astrolabe":17,"Cracked Core":0,"InkBottle":9,"Meat on the Bone":7},{"Regal Pillow":6,"NeowsBlessing":0,"Astrolabe":9,"Cracked Core":0,"InkBottle":4,"Meat on the Bone":3},{"Regal Pillow":13,"NeowsBlessing":0,"Astrolabe":36,"Cracked Core":0,"InkBottle":6,"Meat on the Bone":3}],"InkBottle":[16],"Meat on the Bone":84},"card_choices":[{"not_picked":["Fusion","Leap"],"picked":"Gash","floor":1.0},{"not_picked":["White Noise","Auto Shields"],"picked":"Rebound","floor":3.0},{"not_picked":["Barrage","Biased Cognition"],"picked":"Cold Snap","floor":7.0},{"not_picked":["White Noise","Streamline","Double Energy"],"picked":"SKIP","floor":8},{"not_picked":["Storm","Hologram"],"picked":"Coolheaded","floor":10},{"not_picked":["FTL","Compile Driver"],"picked":"Defragment","floor":11},{"not_picked":["Redo","Streamline"],"picked":"Capacitor","floor":13},{"not_picked":["Redo","Rebound","Turbo"],"picked":"SKIP","floor":14},{"not_picked":["Reboot","Hyperbeam"],"picked":"All For One","floor":16},{"not_picked":["Darkness","Doom and Gloom","Stack"],"picked":"SKIP","floor":18},{"not_picked":["Aggregate","Static Discharge+1"],"picked":"Glacier","floor":19},{"not_picked":["Fusion","Steam"],"picked":"Beam Cell","floor":21},{"not_picked":["Compile Driver","Beam Cell"],"picked":"Recycle","floor":22}],"player_experience":4005378,"relics_obtained":[{"floor":7.0,"key":"Meat on the Bone"},{"floor":9,"key":"InkBottle"},{"floor":11,"key":"Regal Pillow"}],"event_choices":[{"cards_removed":["Strike_B"],"damage_healed":0.0,"max_hp_gain":0.0,"max_hp_loss":0.0,"gold_gain":0.0,"event_name":"The Cleric","player_choice":"Card Removal","floor":2.0,"gold_loss":75.0,"damage_taken":0.0},{"damage_healed":0.0,"max_hp_gain":0.0,"max_hp_loss":0.0,"gold_gain":75.0,"event_name":"World of Goop","player_choice":"Gather Gold","floor":4.0,"gold_loss":0.0,"damage_taken":11.0},{"damage_healed":0.0,"max_hp_gain":0.0,"max_hp_loss":0.0,"gold_gain":0.0,"cards_transformed":["Strike_B"],"event_name":"Living Wall","player_choice":"Change","floor":5.0,"gold_loss":0.0,"damage_taken":0.0,"cards_obtained":["Sweeping Beam"]},{"damage_healed":0,"gold_gain":0,"player_choice":"Got Potions","damage_taken":0,"max_hp_gain":0,"max_hp_loss":0,"event_name":"Lab","floor":12,"gold_loss":0}],"is_beta":false,"boss_relics":[{"not_picked":["SlaversCollar","Philosopher\u0027s Stone"],"picked":"Astrolabe"}],"items_purged_floors":[20],"is_endless":false,"potions_floor_spawned":[3,8,10,13,16,18,22],"killed_by":"Book of Stabbing","ascension_level":20}}