{"host":"2apb6gwm2fj4theg","time":1612097286,"event":{"mods":["2.2 Compatiblity","AlwaysNeverKeys","Ascension Reborn","BaseMod","Halation","Hubris","Infinite Spire","Ironclad Rager","Marked Mod","Minty Spire (QoL Compilation)","Replay The Spire","Shop Mod","Small Relic Pack","StSLib","Unceasing Turn Reminder","Waifu the Spire"],"gold_per_floor":[212,223,238,253,253,280,280,280,305,245,245,261,69,99,99,195,195,209,220,231,246,261,261,261],"floor_reached":23,"language":"ENG","playtime":1054,"items_purged":[],"score":205,"play_id":"e99150e2-f4e3-41d2-b57b-477daa014599","local_time":"20210131144806","is_ascension_mode":true,"campfire_choices":[{"data":"infinitespire:OneForAll","floor":7.0,"key":"SMITH"},{"data":"Thunderclap","floor":11.0,"key":"SMITH"},{"data":"Inflame","floor":15.0,"key":"SMITH"}],"circlet_count":0,"master_deck":["Bash","Twin Strike","Clash","Anger","Thunderclap+1","infinitespire:OneForAll+1","Inflame+1","Inflame","Pommel Strike","Headbutt+1","Burning Pact","Offering","Wild Strike","Clothesline","Barricade","Berserk","Heavy Blade","Rage","Hemokinesis","Seeing Red","Replay:Many Hands","Rage+1","Sever Soul+1","Thunderclap","Pommel Strike","ReplayTheSpireMod:LeadingStrike"],"relics":["Burning Blood","Bag of Marbles","Oddly Smooth Stone","halation:PromiseList","Nunchaku","Pandora\u0027s Box"],"acts_visited":["Exordium","TheCity"],"potions_floor_usage":[20,21,21,23],"damage_taken":[{"damage":7.0,"enemies":"2 Louse","floor":1.0,"turns":2.0},{"damage":3.0,"enemies":"Jaw Worm","floor":2.0,"turns":3.0},{"damage":0.0,"enemies":"Cultist","floor":3.0,"turns":2.0},{"damage":10.0,"enemies":"Looter","floor":4.0,"turns":3.0},{"damage":14.0,"enemies":"Gremlin Nob","floor":6.0,"turns":3.0},{"damage":0.0,"enemies":"3 Louse","floor":12.0,"turns":3.0},{"damage":16.0,"enemies":"Replay:BlueRogue","floor":14.0,"turns":2.0},{"damage":39.0,"enemies":"The Guardian","floor":16.0,"turns":6.0},{"damage":22.0,"enemies":"2 Thieves","floor":18.0,"turns":3.0},{"damage":10,"enemies":"Chosen","floor":19,"turns":3},{"damage":18,"enemies":"Snecko","floor":20,"turns":3},{"damage":2,"enemies":"Shelled Parasite and Fungi","floor":21,"turns":1},{"damage":15,"enemies":"Centurion and Healer","floor":22,"turns":4},{"damage":43,"enemies":"Slavers","floor":23,"turns":4}],"seed_played":"8323687045339967167","potions_obtained":[{"floor":4.0,"key":"SteroidPotion"},{"floor":6.0,"key":"Fire Potion"},{"floor":12.0,"key":"BlessingOfTheForge"},{"floor":16.0,"key":"Explosive Potion"},{"floor":19,"key":"DuplicationPotion"},{"floor":20,"key":"Swift Potion"},{"floor":22,"key":"FearPotion"}],"is_trial":false,"path_per_floor":["M","M","M","M","?","E","R","?","T","$","R","M","$","E","R","B",null,"M","M","M","M","M","E"],"character_chosen":"IRONCLAD","items_purchased":["Inflame","halation:PromiseList","Headbutt+1"],"campfire_rested":0,"item_purchase_floors":[10,13,13],"current_hp_per_floor":[79,80,80,76,76,68,68,73,73,73,73,79,79,69,69,36,80,64,60,48,52,43,0,0],"gold":261,"neow_bonus":"HUNDRED_GOLD","is_daily":false,"chose_seed":false,"campfire_upgraded":3,"win_rate":0.0,"timestamp":1612097286,"path_taken":["M","M","M","M","?","E","R","?","T","$","R","M","$","E","R","BOSS","M","M","M","M","M","E"],"items_purchased_type":["Card","Relic","Card"],"build_version":"2020-12-22","purchased_purges":0,"victory":false,"max_hp_per_floor":[80,80,80,80,80,80,80,80,80,80,80,80,80,80,80,80,80,80,80,80,80,80,80,80],"card_choices":[{"not_picked":["Warcry","Headbutt"],"picked":"Twin Strike","floor":1.0},{"not_picked":["Shrug It Off","Heavy Blade"],"picked":"Clash","floor":2.0},{"not_picked":["Cleave","Double Tap"],"picked":"Anger","floor":3.0},{"not_picked":["Disarm","Flex"],"picked":"Thunderclap","floor":4.0},{"not_picked":["Sword Boomerang","Replay:Undeath\u0027s Touch"],"picked":"infinitespire:OneForAll","floor":6.0},{"not_picked":["ReplayTheSpireMod:Corrosion Curse","Perfected Strike"],"picked":"Pommel Strike","floor":12.0},{"not_picked":["Massacre","Offering"],"picked":"Burning Pact","floor":14.0},{"not_picked":["Barricade","Brutality"],"picked":"Offering","floor":16.0},{"not_picked":["True Grit","Warcry+1"],"picked":"Rage+1","floor":18.0},{"not_picked":["Twin Strike+1","hubris:ReadiedAction+1"],"picked":"Sever Soul+1","floor":19},{"not_picked":["hubris:ReadiedAction","Anger"],"picked":"Thunderclap","floor":20},{"not_picked":["Hemokinesis","Sever Soul+1"],"picked":"Pommel Strike","floor":21},{"not_picked":["Body Slam+1","Demon Form"],"picked":"ReplayTheSpireMod:LeadingStrike","floor":22}],"player_experience":560647,"relics_obtained":[{"floor":6.0,"key":"Bag of Marbles"},{"floor":9.0,"key":"Oddly Smooth Stone"},{"floor":14.0,"key":"Nunchaku"}],"event_choices":[{"cards_removed":["Headbutt"],"damage_healed":5.0,"max_hp_gain":0.0,"max_hp_loss":0.0,"gold_gain":0.0,"event_name":"Bonfire Elementals","player_choice":"Offered Common","floor":8.0,"gold_loss":0.0,"damage_taken":0.0},{"cards_removed":["Headbutt"],"damage_healed":5.0,"max_hp_gain":0.0,"max_hp_loss":0.0,"gold_gain":0.0,"event_name":"Bonfire Elementals","player_choice":"Offered Special","floor":8.0,"gold_loss":0.0,"damage_taken":0.0}],"is_beta":false,"boss_relics":[{"not_picked":["Replay:Grab Bag","halation:Yufonium"],"picked":"Pandora\u0027s Box"}],"items_purged_floors":[],"is_endless":false,"potions_floor_spawned":[4,6,12,16,19,20,22],"killed_by":"Slavers","ascension_level":0}}