{"host":"auv68s8i97pkmhwr","time":1612074114,"event":{"mods":["A Penny For Your Troubles","AchievementEnabler","BaseMod","Best Route Mod","Bestiary","Better Altar","Better Match","Better Sensory Stone","Better Skull","Better Third Choice","Better Vampires","BetterRewards","Block Reminder","Colored Map","Colored Powertips","Dark Map","Displayed Cursed Tome","Minty Spire (QoL Compilation)","StSLib","SuperFastMode","Uncapped","Unceasing Turn Reminder"],"gold_per_floor":[113,128,203,215,41,41,75,75,125,156,156,156,188,208,208,305,305,325,339,371,382,481,481,513,525,600,634,651,685,1026,1038,1050,1157,1169,1198,1227,1461,1485,1497,1535,1565,1606,1669,1697,1709,1731,1743,1169,1169,1170,1170,1170,354,386,386],"floor_reached":56,"language":"ENG","playtime":1781,"items_purged":["Strike_B","Strike_B","Strike_B","Defend_B"],"score":2453,"play_id":"056b8ecd-9e81-4597-8861-81437e0d4dbd","local_time":"20210131142154","is_ascension_mode":true,"campfire_choices":[{"data":"Apotheosis","floor":6,"key":"SMITH"},{"data":"Defragment","floor":11,"key":"SMITH"},{"data":"Consume","floor":15,"key":"SMITH"},{"data":"Chill","floor":23,"key":"SMITH"},{"data":"Fission","floor":32,"key":"SMITH"},{"data":"Biased Cognition","floor":45,"key":"SMITH"},{"data":"Discovery","floor":47,"key":"SMITH"},{"floor":49,"key":"RECALL"},{"data":"Loop","floor":52,"key":"SMITH"}],"circlet_count":0,"master_deck":["AscendersBane","Strike_B","Defend_B","Defend_B","Defend_B","Zap","Dualcast","Conserve Battery","Coolheaded","Rip and Tear","Chill+1","Consume+1","Apotheosis+1","Defragment+1","Ball Lightning","Discovery+1","Fission+1","Cold Snap+1","Loop+1","Capacitor+1","Coolheaded+1","Defragment+1","Biased Cognition+1","White Noise+1","Self Repair+1","Machine Learning"],"relics":["Cracked Core","ClockworkSouvenir","Ancient Tea Set","Ice Cream","Du-Vu Doll","Emotion Chip","Runic Capacitor","Mango","Meat on the Bone","Juzu Bracelet","Bag of Preparation","Bottled Flame","Coffee Dripper","Red Mask","betterAltar:BloodRelic","Kunai","Regal Pillow","MawBank","Nuclear Battery","Shovel","Darkstone Periapt","Happy Flower","OrangePellets","PreservedInsect","Bronze Scales","Lantern","HandDrill","FossilizedHelix","Cables"],"acts_visited":["Exordium","TheCity","TheBeyond","TheEnding"],"potions_floor_usage":[16,18,19,19,20,20,33,33,40,50,54,55,55,55,55,55,55],"damage_taken":[{"damage":0,"enemies":"2 Louse","floor":1,"turns":1},{"damage":1,"enemies":"Small Slimes","floor":2,"turns":3},{"damage":0,"enemies":"Cultist","floor":4,"turns":3},{"damage":15,"enemies":"3 Sentries","floor":7,"turns":6},{"damage":0,"enemies":"Lagavulin","floor":10,"turns":5},{"damage":14,"enemies":"Gremlin Nob","floor":13,"turns":3},{"damage":0,"enemies":"Looter","floor":14,"turns":2},{"damage":0,"enemies":"Slime Boss","floor":16,"turns":5},{"damage":0,"enemies":"Shell Parasite","floor":18,"turns":4},{"damage":0,"enemies":"3 Byrds","floor":19,"turns":2},{"damage":3,"enemies":"Masked Bandits","floor":20,"turns":5},{"damage":1,"enemies":"Snake Plant","floor":21,"turns":4},{"damage":1,"enemies":"Slavers","floor":24,"turns":4},{"damage":0,"enemies":"Snecko","floor":25,"turns":5},{"damage":0,"enemies":"Book of Stabbing","floor":27,"turns":5},{"damage":0,"enemies":"Centurion and Healer","floor":28,"turns":5},{"damage":21,"enemies":"Slavers","floor":29,"turns":5},{"damage":0,"enemies":"Champ","floor":33,"turns":9},{"damage":0,"enemies":"3 Darklings","floor":35,"turns":4},{"damage":0,"enemies":"Orb Walker","floor":36,"turns":2},{"damage":0,"enemies":"Writhing Mass","floor":38,"turns":5},{"damage":14,"enemies":"Nemesis","floor":40,"turns":7},{"damage":0,"enemies":"3 Darklings","floor":41,"turns":4},{"damage":0,"enemies":"Giant Head","floor":42,"turns":4},{"damage":0,"enemies":"4 Shapes","floor":44,"turns":4},{"damage":1,"enemies":"Sphere and 2 Shapes","floor":46,"turns":4},{"damage":6,"enemies":"Awakened One","floor":50,"turns":14},{"damage":10,"enemies":"Shield and Spear","floor":54,"turns":4},{"damage":24,"enemies":"The Heart","floor":55,"turns":6}],"seed_played":"3394178336894774183","potions_obtained":[{"floor":2,"key":"EntropicBrew"},{"floor":4,"key":"SpeedPotion"},{"floor":7,"key":"BlessingOfTheForge"},{"floor":13,"key":"PowerPotion"},{"floor":16,"key":"BlessingOfTheForge"},{"floor":18,"key":"FocusPotion"},{"floor":19,"key":"Fire Potion"},{"floor":27,"key":"Ancient Potion"},{"floor":35,"key":"Energy Potion"},{"floor":36,"key":"SkillPotion"},{"floor":40,"key":"PotionOfCapacity"},{"floor":42,"key":"EntropicBrew"},{"floor":46,"key":"FocusPotion"},{"floor":54,"key":"FearPotion"}],"is_trial":false,"path_per_floor":["M","M","?","M","$","R","E","?","T","E","R","?","E","M","R","B",null,"M","M","?","M","?","R","E","M","T","E","M","E","?","?","R","B",null,"M","M","?","M","?","E","M","E","T","M","R","M","R","$","R","B",null,"R","$","E","B",null],"character_chosen":"DEFECT","items_purchased":["ClockworkSouvenir","Conserve Battery","Ancient Tea Set","Emotion Chip","Runic Capacitor","Coolheaded","Rip and Tear","Meat on the Bone","Apotheosis","OrangePellets","PreservedInsect","Bronze Scales","Lantern","HandDrill","FossilizedHelix","DuplicationPotion"],"campfire_rested":0,"item_purchase_floors":[0,0,0,0,0,0,0,0,5,48,48,48,53,53,53,53],"current_hp_per_floor":[82,81,70,70,70,70,55,55,55,55,55,55,53,53,53,53,80,80,80,77,76,76,76,75,77,77,79,81,62,31,27,27,47,79,85,89,89,89,85,71,77,83,83,85,85,85,85,85,85,85,85,85,85,85,71],"gold":386,"neow_bonus":"","is_daily":false,"chose_seed":false,"campfire_upgraded":8,"win_rate":0.0,"timestamp":1612074114,"path_taken":["M","M","?","M","$","R","E","?","T","E","R","?","E","M","R","BOSS","M","M","?","M","?","R","E","M","T","E","M","E","?","?","R","BOSS","M","M","?","M","?","E","M","E","T","M","R","M","R","$","R","BOSS","R","$","E","BOSS"],"items_purchased_type":["Relic","Card","Relic","Relic","Relic","Card","Card","Relic","Card","Relic","Relic","Relic","Relic","Relic","Relic","Potion"],"build_version":"2020-12-22","purchased_purges":4,"victory":true,"max_hp_per_floor":[89,89,89,89,89,89,89,89,89,89,89,89,89,89,89,89,89,89,89,89,89,89,89,89,89,89,89,89,89,89,89,89,89,89,89,89,89,89,85,85,85,85,85,85,85,85,85,85,85,85,85,85,85,85,85],"card_choices":[{"not_picked":["Sweeping Beam","Conserve Battery"],"picked":"Chill","floor":1},{"not_picked":["Go for the Eyes","Defragment"],"picked":"Consume","floor":2},{"not_picked":["Aggregate","Reprogram","Hologram"],"picked":"SKIP","floor":4},{"not_picked":["Go for the Eyes","Stack"],"picked":"Defragment","floor":7},{"not_picked":["Skim","Hello World"],"picked":"Ball Lightning","floor":10},{"not_picked":["Apotheosis","Transmutation"],"picked":"Discovery","floor":12},{"not_picked":["Static Discharge","Darkness","Steam Power"],"picked":"SKIP","floor":13},{"not_picked":["Barrage","Conserve Battery","Turbo"],"picked":"SKIP","floor":14},{"not_picked":["Core Surge","Rainbow"],"picked":"Fission","floor":16},{"not_picked":["Turbo+1","Cold Snap+1","Beam Cell+1"],"picked":"SKIP","floor":18},{"not_picked":["Turbo+1","Beam Cell+1"],"picked":"Cold Snap+1","floor":18},{"not_picked":["Static Discharge","Sweeping Beam"],"picked":"Loop","floor":19},{"not_picked":["Consume","Sweeping Beam"],"picked":"Capacitor+1","floor":21},{"not_picked":["Reboot","Conserve Battery","Reinforced Body"],"picked":"SKIP","floor":24},{"not_picked":["Barrage","Heatsinks","Skim+1"],"picked":"SKIP","floor":25},{"not_picked":["White Noise","Leap"],"picked":"Coolheaded+1","floor":27},{"not_picked":["Sweeping Beam","Scrape"],"picked":"Defragment+1","floor":28},{"not_picked":["Coolheaded+1","Conserve Battery","Reprogram"],"picked":"SKIP","floor":29},{"not_picked":["Echo Form","Reboot"],"picked":"Biased Cognition","floor":33},{"not_picked":["Coolheaded","Auto Shields+1"],"picked":"White Noise+1","floor":35},{"not_picked":["Leap","Go for the Eyes","Darkness+1"],"picked":"SKIP","floor":36},{"not_picked":["Gash+1","Leap","Loop+1"],"picked":"SKIP","floor":38},{"not_picked":["Leap","Beam Cell","Aggregate+1"],"picked":"SKIP","floor":40},{"not_picked":["Undo","Reprogram+1","Tempest+1"],"picked":"SKIP","floor":41},{"not_picked":["Compile Driver+1","Ball Lightning"],"picked":"Self Repair+1","floor":42},{"not_picked":["Stack+1","Consume+1","Gash"],"picked":"SKIP","floor":44},{"not_picked":["Stack+1","Consume+1","Gash"],"picked":"SKIP","floor":44},{"not_picked":["Leap+1","Rebound","Rip and Tear+1"],"picked":"SKIP","floor":46},{"not_picked":["Leap+1","Machine Learning","Compile Driver"],"picked":"SKIP","floor":54},{"not_picked":["Leap+1","Compile Driver"],"picked":"Machine Learning","floor":54}],"player_experience":1271774,"relics_obtained":[{"floor":7,"key":"Juzu Bracelet"},{"floor":10,"key":"Bag of Preparation"},{"floor":13,"key":"Bottled Flame"},{"floor":20,"key":"Red Mask"},{"floor":24,"key":"Blood Vial"},{"floor":26,"key":"Kunai"},{"floor":27,"key":"Regal Pillow"},{"floor":29,"key":"MawBank"},{"floor":40,"key":"Shovel"},{"floor":42,"key":"Darkstone Periapt"},{"floor":43,"key":"Happy Flower"},{"floor":54,"key":"Cables"}],"event_choices":[{"damage_healed":0,"gold_gain":75,"player_choice":"Gold","damage_taken":11,"max_hp_gain":0,"max_hp_loss":0,"event_name":"betterThird:BetterGoop","floor":3,"gold_loss":0},{"damage_healed":55,"gold_gain":0,"player_choice":"Leave","damage_taken":0,"max_hp_gain":0,"max_hp_loss":89,"event_name":"betterThird:BetterShining","floor":8,"gold_loss":0},{"damage_healed":0,"gold_gain":1,"player_choice":"1","damage_taken":0,"max_hp_gain":0,"max_hp_loss":0,"event_name":"betterStone:BetterStone","floor":12,"gold_loss":0},{"damage_healed":0,"gold_gain":0,"player_choice":"Fought Bandits","damage_taken":0,"max_hp_gain":0,"max_hp_loss":0,"event_name":"Masked Bandits","floor":20,"gold_loss":0},{"damage_healed":0,"gold_gain":99,"player_choice":"Steal","damage_taken":0,"max_hp_gain":0,"max_hp_loss":0,"event_name":"betterThird:BetterNest","floor":22,"gold_loss":0},{"damage_healed":0,"gold_gain":329,"player_choice":"GO GO GO ","damage_taken":34,"relics_obtained":[],"max_hp_gain":0,"max_hp_loss":0,"event_name":"betterSkull:BetterSkull","floor":30,"gold_loss":0,"cards_upgraded":[]},{"damage_healed":0,"gold_gain":0,"player_choice":" RottenVial ","damage_taken":4,"relics_obtained":["betterAltar:BloodRelic"],"max_hp_gain":31,"max_hp_loss":27,"event_name":"betterAltar:BetterAltar","floor":31,"potions_obtained":[],"relics_lost":["Blood Vial"],"gold_loss":0},{"damage_healed":0,"gold_gain":222,"player_choice":"Wore Mask","damage_taken":0,"max_hp_gain":0,"max_hp_loss":0,"event_name":"Tomb of Lord Red Mask","floor":37,"gold_loss":0},{"damage_healed":0,"gold_gain":0,"player_choice":"Max HP","damage_taken":0,"max_hp_gain":0,"max_hp_loss":4,"event_name":"Winding Halls","floor":39,"gold_loss":0}],"is_beta":false,"boss_relics":[{"not_picked":["Ectoplasm","Velvet Choker"],"picked":"Coffee Dripper"},{"not_picked":["Runic Pyramid","Pandora\u0027s Box"],"picked":"Nuclear Battery"}],"items_purged_floors":[0,0,48,53],"is_endless":false,"potions_floor_spawned":[2,4,7,13,16,18,19,25,27,28,35,36,40,42,46,54],"ascension_level":10}}