{"host":"bp73yv6vym73vckj","time":1612086329,"event":{"mods":["BaseMod","Colored Powertips","Conspire","Downfall","Hermit","Highlight Path","Hubris","Infinite Spire","Ironclad Rager","Minty Spire (QoL Compilation)","Quick Restart","Replay The Spire","StSLib","The Construct","The Cursed","The Hierophant","The IronCluck","The Runesmith"],"gold_per_floor":[166,13,13,36,52,78,78,120,140,166,166,166,176,186,206,318,318,318,338,365,383,383,383,383,383,407,427,469,469,493,515,542,542,542,542],"floor_reached":33,"language":"ENG","playtime":3573,"items_purged":[],"score":327,"play_id":"8913988e-74e0-43a2-bd08-1b48d637c33b","local_time":"20210131044529","is_ascension_mode":false,"campfire_choices":[{"floor":12,"key":"REST"},{"floor":18,"key":"DIG"},{"floor":23,"key":"REST"},{"floor":29,"key":"REST"}],"circlet_count":0,"master_deck":["hexamod:Strike","hexamod:Strike","hexamod:Defend+1","hexamod:Defend+1","hexamod:Defend","hexamod:Sear","hexamod:Float","hexamod:EmpoweredFlame","hexamod:DynamicBlow","hexamod:DynamicBlow","ReplayTheSpireMod:Faulty Equipment","hexamod:PhantomCloak","hexamod:PhantomFireball","hexamod:SoulSteal+1","hexamod:NecessarySacrifice","hexamod:SoulSteal","infinitespire:Execution","hexamod:Firestarter","hexamod:GhostOfSpireFuture+1","hexamod:EtherealExpedition+1","hexamod:HeatShield+1","hexamod:FirstSeal","hexamod:HeatCrush","hexamod:AdvancingGuard+1","hexamod:ThermalTransfer+1","hexamod:UnlimitedPower","hexamod:FastForward+1","hexamod:FirstSeal","hexamod:GhostShield+1","hexamod:BurningTouch+1","hexamod:RecurringNightmare+1","hexamod:Rewind","hexamod:SixthSeal","hexamod:Hexaguard","hexamod:EmpoweredFlame+1"],"relics":["hexamod:SpiritBrand","Pear","Omamori","Painkiller Herb","hubris:TenFootPole","hubris:Icosahedron","Pet Ghost","War Paint","hexamod:TheBrokenSeal"],"acts_visited":["Exordium","TheCity"],"potions_floor_usage":[28,31],"damage_taken":[{"damage":0,"enemies":"downfall:FleeingMerchant","floor":2,"turns":4},{"damage":1,"enemies":"Jaw Worm","floor":4,"turns":4},{"damage":0,"enemies":"Cultist","floor":5,"turns":3},{"damage":2,"enemies":"conspire:RoseBush","floor":6,"turns":3},{"damage":30,"enemies":"Lagavulin","floor":8,"turns":6},{"damage":4,"enemies":"Blue Slaver","floor":9,"turns":3},{"damage":10,"enemies":"2 Fungi Beasts","floor":10,"turns":4},{"damage":2,"enemies":"Blue Slaver","floor":13,"turns":2},{"damage":6,"enemies":"Exordium Wildlife","floor":14,"turns":3},{"damage":11,"enemies":"Red Slaver","floor":15,"turns":3},{"damage":14,"enemies":"WA_ARCHETYPE_RETAIN","floor":16,"turns":7},{"damage":45,"enemies":"Shell Parasite","floor":19,"turns":8},{"damage":31,"enemies":"Centurion and Healer","floor":20,"turns":7},{"damage":33,"enemies":"conspire:HollyBat","floor":21,"turns":10},{"damage":21,"enemies":"Snecko","floor":26,"turns":6},{"damage":25,"enemies":"3 Cultists","floor":27,"turns":6},{"damage":27,"enemies":"Gremlin Leader","floor":28,"turns":8},{"damage":9,"enemies":"Cultist and Chosen","floor":30,"turns":5},{"damage":10,"enemies":"Shelled Parasite and Fungi","floor":31,"turns":8},{"damage":15,"enemies":"Centurion and Healer","floor":32,"turns":10},{"damage":119,"enemies":"DF_ARCHETYPE_CLAW","floor":33,"turns":11}],"seed_played":"7413118877027436120","potions_obtained":[{"floor":4,"key":"FairyPotion"},{"floor":5,"key":"Explosive Potion"},{"floor":9,"key":"hexamod:SoulburnPotion"},{"floor":14,"key":"Doom Potion"},{"floor":19,"key":"infinitespire:BlackPotion"},{"floor":21,"key":"Reflective Coating"},{"floor":27,"key":"Energy Potion"},{"floor":31,"key":"LiquidMemories"},{"floor":31,"key":"Languid Potion"}],"is_trial":false,"path_per_floor":["R","$","?","M","M","M","T","E","M","M","?","R","M","M","M","B",null,"T","?","?","?","?","T","T","?","?","?","E","T","?","?","?","B"],"character_chosen":"THE_SPIRIT","items_purchased":["hexamod:EmpoweredFlame","hexamod:DynamicBlow"],"campfire_rested":3,"item_purchase_floors":[2,2],"current_hp_per_floor":[77,77,77,76,76,77,87,64,67,64,44,70,68,69,58,51,87,87,49,25,51,51,77,77,77,70,59,46,72,70,87,97,0,0,0],"gold":542,"neow_bonus":"TEN_PERCENT_HP_BONUS","is_daily":false,"chose_seed":false,"campfire_upgraded":0,"win_rate":0.0,"timestamp":1612086329,"path_taken":["R","$","?","M","?","M","T","E","M","M","?","R","M","M","M","BOSS","T","?","?","?","?","T","T","?","?","?","E","T","?","?","?","BOSS"],"items_purchased_type":["Card","Card"],"build_version":"2020-12-22","purchased_purges":0,"victory":false,"max_hp_per_floor":[77,77,77,77,77,77,87,87,87,87,87,87,87,87,87,87,87,87,87,87,87,87,87,87,87,87,87,87,87,87,87,97,97,97,97],"card_choices":[{"not_picked":["hexamod:ShieldOfDarkness","hexamod:BacktrackSmack"],"picked":"hexamod:SecondSeal","floor":2},{"not_picked":["hexamod:NightmareStrike","hexamod:ThermalTransfer"],"picked":"hexamod:FirstSeal","floor":4},{"not_picked":["hexamod:TurnItUp","hexamod:HauntingEcho"],"picked":"hexamod:PhantomCloak","floor":5},{"not_picked":["hexamod:NightmareStrike","hexamod:HeatMetal"],"picked":"hexamod:PhantomFireball","floor":6},{"not_picked":["hexamod:BacktrackSmack","hexamod:Haunt"],"picked":"hexamod:SoulSteal","floor":8},{"not_picked":["hexamod:Firestarter","hexamod:StepThrough"],"picked":"hexamod:NecessarySacrifice","floor":9},{"not_picked":["hexamod:NightmareGuise","hexamod:SwordOfDarkness"],"picked":"hexamod:SoulSteal","floor":10},{"not_picked":["infinitespire:Starlight","infinitespire:DeathsTouch"],"picked":"infinitespire:Execution","floor":11},{"not_picked":["hexamod:InspiringFlames","hexamod:BurningTouch"],"picked":"hexamod:FourthSeal","floor":13},{"not_picked":["hexamod:GhostShield","hexamod:HeatMetal"],"picked":"hexamod:Firestarter","floor":14},{"not_picked":["hexamod:BurningTouch","hexamod:FastForward"],"picked":"hexamod:GhostOfSpireFuture","floor":15},{"not_picked":["hexamod:TimeOfNeed","hexamod:WildfireWeapon"],"picked":"hexamod:FifthSeal","floor":16},{"not_picked":["hexamod:SpectersWail","hexamod:GhostflameBarrier"],"picked":"hexamod:EtherealExpedition","floor":19},{"not_picked":["hexamod:FirstSeal","hexamod:FourthSeal"],"picked":"hexamod:SixthSeal","floor":20},{"not_picked":["hexamod:SwordOfDarkness","hexamod:SpectersWail"],"picked":"hexamod:HeatShield+1","floor":20},{"not_picked":["hexamod:FourthSeal","hexamod:SixthSeal"],"picked":"hexamod:FirstSeal","floor":21},{"not_picked":["hexamod:StepThrough+1","hexamod:ShieldOfDarkness"],"picked":"hexamod:HeatCrush","floor":21},{"not_picked":["hexamod:FirstSeal","hexamod:SixthSeal"],"picked":"hexamod:ThirdSeal","floor":26},{"not_picked":["hexamod:Rewind","hexamod:NecessarySacrifice"],"picked":"hexamod:AdvancingGuard+1","floor":26},{"not_picked":["hexamod:StepThrough","hexamod:PhantomCloak"],"picked":"hexamod:ThermalTransfer+1","floor":27},{"not_picked":["hexamod:PhantomFireball","hexamod:NightmareGuise"],"picked":"hexamod:UnlimitedPower","floor":27},{"not_picked":["hexamod:AdvancingGuard","hexamod:RainOfEmbers"],"picked":"hexamod:FastForward+1","floor":28},{"not_picked":["hexamod:SecondSeal","hexamod:SixthSeal"],"picked":"hexamod:FirstSeal","floor":28},{"not_picked":["hexamod:GhostOfSpireFuture","hexamod:Incineration+1"],"picked":"hexamod:GhostShield+1","floor":28},{"not_picked":["hexamod:NightmareGuise","hexamod:SpectersWail"],"picked":"hexamod:BurningTouch","floor":30},{"not_picked":["hexamod:Rewind+1","hexamod:ShieldOfDarkness"],"picked":"hexamod:RecurringNightmare+1","floor":30},{"not_picked":["hexamod:ShieldOfDarkness","hexamod:SpectersWail"],"picked":"hexamod:Rewind","floor":31},{"not_picked":["hexamod:FirstSeal","hexamod:FourthSeal"],"picked":"hexamod:SixthSeal","floor":31},{"not_picked":["hexamod:FourthSeal","hexamod:BurningTouch"],"picked":"hexamod:Hexaguard","floor":31},{"not_picked":["hexamod:GhostLash","hexamod:BurningTouch"],"picked":"hexamod:EmpoweredFlame+1","floor":32}],"player_experience":999491,"relics_obtained":[{"floor":7,"key":"Pear"},{"floor":8,"key":"Omamori"},{"floor":18,"key":"hubris:TenFootPole"},{"floor":24,"key":"Pet Ghost"},{"floor":28,"key":"War Paint"}],"event_choices":[],"is_beta":false,"boss_relics":[{"not_picked":["construct:ClawGrip","Replay:Drink Me"],"picked":"Painkiller Herb"}],"items_purged_floors":[],"is_endless":false,"potions_floor_spawned":[4,5,9,13,16,19,26,27,31],"killed_by":"DF_ARCHETYPE_CLAW","ascension_level":0}}