{"host":"lehbxtjrpalkmwwj","time":1612104484,"event":{"mods":["BaseMod","Colored Powertips","GungeonMod","Minty Spire (QoL Compilation)","Replay The Spire","Shop Mod","StSLib","The Bug Knight","The Cursed","The Gatherer"],"gold_per_floor":[109,109,109,109,109,109,145,145,145,158,201,86,126,89,89,213,213,232,257,257,257,13,13,13],"floor_reached":23,"language":"ZHS","playtime":555,"items_purged":[],"score":287,"play_id":"2e13596b-1eda-424e-9ea2-c2c9c870fb8c","local_time":"20210131224804","is_ascension_mode":true,"campfire_choices":[{"floor":6,"key":"RECALL"},{"data":"ReplayTheSpireMod:From All Sides","floor":8,"key":"SMITH"},{"data":"Infinite Blades","floor":15,"key":"SMITH"}],"circlet_count":0,"master_deck":["Defend_G","Defend_G","Defend_G","Defend_G","Defend_G","Survivor","Neutralize+1","Poisoned Stab","ReplayTheSpireMod:From All Sides+1","Poisoned Stab","Escape Plan","Infinite Blades+1","Infinite Blades+1","Wraith Form v2","Sucker Punch","Poisoned Stab","Bite","Bite","Bite","Bite","Bite"],"relics":["Ring of the Snake","NeowsBlessing","Golden Idol","Pantograph","MealTicket","ReplayTheSpireMod:Ninjato","DemoMod:GnawedKey","Toy Ornithopter","Ring of Chaos","DemoMod:OrangeGuonStone"],"acts_visited":["Exordium","TheCity"],"potions_floor_usage":[11],"damage_taken":[{"damage":0.0,"enemies":"Small Slimes","floor":1.0,"turns":1.0},{"damage":0,"enemies":"Gremlin Nob","floor":7,"turns":1},{"damage":0,"enemies":"2 Louse","floor":10,"turns":1},{"damage":24,"enemies":"3 Sentries","floor":11,"turns":8},{"damage":22,"enemies":"Gremlin Nob","floor":13,"turns":4},{"damage":57,"enemies":"Fading Forest","floor":16,"turns":11},{"damage":18,"enemies":"2 Thieves","floor":18,"turns":5},{"damage":8,"enemies":"Chosen","floor":19,"turns":4},{"damage":32,"enemies":"Slavers","floor":23,"turns":5}],"seed_played":"-3501235462834489396","potions_obtained":[{"floor":10,"key":"GamblersBrew"},{"floor":11,"key":"Strength Potion"}],"is_trial":false,"path_per_floor":["M","?","?","?","$","R","E","R","T","M","E","$","E","$","R","B",null,"M","M","?","?","$","E"],"character_chosen":"THE_SILENT","items_purchased":["DemoMod:GnawedKey","Infinite Blades","DemoMod:OrangeGuonStone"],"campfire_rested":0,"item_purchase_floors":[12,14,22],"current_hp_per_floor":[70,53,53,53,53,53,53,53,53,53,29,44,22,37,37,19,70,52,44,44,44,49,19,19],"gold":13,"neow_bonus":"THREE_ENEMY_KILL","is_daily":false,"chose_seed":false,"campfire_upgraded":2,"win_rate":0.0,"timestamp":1612104484,"path_taken":["M","?","?","?","$","R","E","R","T","?","E","$","E","?","R","BOSS","M","M","?","?","$","E"],"items_purchased_type":["Relic","Card","Relic"],"build_version":"2020-12-22","purchased_purges":0,"victory":false,"max_hp_per_floor":[70,70,70,70,70,70,70,70,70,70,70,70,70,70,70,70,70,70,70,49,49,49,49,49],"card_choices":[{"not_picked":["Slice","Heel Hook"],"picked":"Poisoned Stab","floor":1.0},{"not_picked":["Caltrops","Leg Sweep"],"picked":"ReplayTheSpireMod:From All Sides","floor":7},{"not_picked":["Concentrate","Acrobatics"],"picked":"Poisoned Stab","floor":10},{"not_picked":["Deflect","Backflip"],"picked":"Escape Plan","floor":11},{"not_picked":["Toxin Wave","Finisher"],"picked":"Infinite Blades","floor":13},{"not_picked":["ReplayTheSpireMod:Necrosis","Grand Finale"],"picked":"Wraith Form v2","floor":16},{"not_picked":["Quick Slash","ReplayTheSpireMod:Scrap Shanks"],"picked":"Sucker Punch","floor":18},{"not_picked":["ReplayTheSpireMod:The Works","Toxin Wave"],"picked":"Poisoned Stab","floor":19}],"player_experience":96307,"relics_obtained":[{"floor":7,"key":"Pantograph"},{"floor":9,"key":"MealTicket"},{"floor":11,"key":"ReplayTheSpireMod:Ninjato"},{"floor":13,"key":"Toy Ornithopter"}],"event_choices":[{"damage_healed":0.0,"max_hp_gain":0.0,"max_hp_loss":0.0,"gold_gain":0.0,"event_name":"Golden Idol","player_choice":"Take Damage","floor":2.0,"gold_loss":0.0,"damage_taken":17.0,"relics_obtained":["Golden Idol"]},{"damage_healed":0.0,"max_hp_gain":0.0,"max_hp_loss":0.0,"gold_gain":0.0,"event_name":"Living Wall","player_choice":"Grow","floor":3.0,"gold_loss":0.0,"damage_taken":0.0,"cards_upgraded":["Neutralize"]},{"damage_healed":0,"gold_gain":0,"player_choice":"Ignored","damage_taken":0,"max_hp_gain":0,"max_hp_loss":0,"event_name":"Golden Wing","floor":4,"gold_loss":0},{"damage_healed":0,"gold_gain":0,"player_choice":"Became a vampire","damage_taken":0,"max_hp_gain":0,"max_hp_loss":21,"event_name":"Vampires","floor":20,"gold_loss":0,"cards_obtained":["Bite","Bite","Bite","Bite","Bite"]},{"damage_healed":0,"gold_gain":0,"player_choice":"Upgraded","damage_taken":0,"max_hp_gain":0,"max_hp_loss":0,"event_name":"Upgrade Shrine","floor":21,"gold_loss":0,"cards_upgraded":["Infinite Blades"]}],"is_beta":false,"boss_relics":[{"not_picked":["WristBlade","Ectoplasm"],"picked":"Ring of Chaos"}],"items_purged_floors":[],"is_endless":false,"potions_floor_spawned":[10,11],"killed_by":"Slavers","ascension_level":3}}