{"host":"yq2wmfr0u0wuvxc0","time":1612135504,"event":{"mods":["Act Like it!","Aspiration","BaseMod","Curses Come First","Downfall","Friendly Minions","Gensokyo","Hubris","Infinite Spire","Marisa????????","Minty Spire (QoL Compilation)","Pale of the Ancients","Remilia??????","Shop Mod","Smile Girya","Spicy Shops","StSLib","The Jungle","The Servant 0.9.4","Wide Potions"],"gold_per_floor":[99,117,131,131,131,131,176,186,186,214,55,68,96,96,113,217,217,117,127,144,160,70,70,93,5,5,5,24,58,93,105,119,119,119,119],"floor_reached":33,"language":"ZHS","playtime":1809,"items_purged":["Slimebound:Defend_Slimebound"],"score":294,"play_id":"4c710ac2-1adb-4a90-aca8-90906c735fc8","local_time":"20210131152504","is_ascension_mode":true,"campfire_choices":[{"data":"Slimebound:CorrosiveSpit","floor":1.0,"key":"SMITH"},{"data":"Slimebound:Split","floor":6.0,"key":"SMITH"},{"data":"Slimebound:SplitLeeching","floor":9.0,"key":"SMITH"},{"data":"Slimebound:SelfFormingGoo","floor":18.0,"key":"SMITH"},{"data":"Slimebound:MinionMaster","floor":23.0,"key":"SMITH"},{"data":"Slimebound:Teamwork","floor":27.0,"key":"SMITH"}],"circlet_count":0,"master_deck":["Slimebound:Strike_Slimebound","Slimebound:Tackle","Slimebound:Defend_Slimebound","Slimebound:Defend_Slimebound","Slimebound:Split+1","Slimebound:CorrosiveSpit+1","Slimebound:SplitLeeching+1","Slimebound:SlimeTap","Slimebound:SelfFormingGoo+1","Slimebound:MinionMaster+1","Slimebound:ForwardTackle","Slimebound:DivideAndConquer","Slimebound:Teamwork+1","Slimebound:SplitSpecialist+1","Slimebound:GoopSpray","Slimebound:ForwardTackle","Slimebound:Replication","Slimebound:SplitBruiser","Slimebound:RallyTheTroops"],"relics":["Slimebound:AbsorbEndCombat","hubris:Towel","hubris:OldNail","Ancient Tea Set","Strange Spoon","Odd Mushroom","Black Star","downfall:HeartBlessingGreen","Potion Belt","Bag of Marbles","Blue Candle","hubris:Reverence","Red Mask"],"acts_visited":["Exordium","TheCity"],"potions_floor_usage":[33,33],"damage_taken":[{"damage":10.0,"enemies":"Jaw Worm","floor":2.0,"turns":4.0},{"damage":3.0,"enemies":"2 Louse","floor":3.0,"turns":3.0},{"damage":7.0,"enemies":"infinitespire:Voidling","floor":8.0,"turns":4.0},{"damage":19.0,"enemies":"Gremlin Nob","floor":10.0,"turns":4.0},{"damage":0.0,"enemies":"downfall:FleeingMerchant","floor":11.0,"turns":4.0},{"damage":3.0,"enemies":"3 Louse","floor":12.0,"turns":2.0},{"damage":3.0,"enemies":"The Mushroom Lair","floor":13.0,"turns":4.0},{"damage":10.0,"enemies":"2 Fungi Beasts","floor":15.0,"turns":3.0},{"damage":39.0,"enemies":"DF_ARCHETYPE_STREAMLINE","floor":16.0,"turns":9.0},{"damage":0.0,"enemies":"3 Byrds","floor":19.0,"turns":3.0},{"damage":8.0,"enemies":"Chosen","floor":20.0,"turns":4.0},{"damage":22.0,"enemies":"3 Cultists","floor":21.0,"turns":5.0},{"damage":0.0,"enemies":"downfall:FleeingMerchant","floor":22.0,"turns":4.0},{"damage":3.0,"enemies":"downfall:FleeingMerchant","floor":25.0,"turns":4.0},{"damage":0.0,"enemies":"Chosen and Byrds","floor":28.0,"turns":3.0},{"damage":15.0,"enemies":"Book of Stabbing","floor":29.0,"turns":5.0},{"damage":5.0,"enemies":"Masked Bandits","floor":30.0,"turns":4.0},{"damage":4.0,"enemies":"Snecko","floor":31.0,"turns":5.0},{"damage":15.0,"enemies":"Cultist and Chosen","floor":32.0,"turns":6.0},{"damage":26,"enemies":"SI_MIRROR_ARCHETYPE","floor":33,"turns":4}],"seed_played":"-8184706450547762246","potions_obtained":[{"floor":2.0,"key":"SteroidPotion"},{"floor":10.0,"key":"SneckoOil"},{"floor":12.0,"key":"Fire Potion"},{"floor":16.0,"key":"Swift Potion"},{"floor":21.0,"key":"Fire Potion"},{"floor":30.0,"key":"Fire Potion"},{"floor":31.0,"key":"Fire Potion"}],"is_trial":false,"path_per_floor":["R","M","M","?","?","R","T","M","R","E","$","M","?","?","M","B",null,"R","M","M","M","$","R","T","$","?","R","M","E","?","M","M","B"],"character_chosen":"SLIMEBOUND","items_purchased":["Strange Spoon","Bag of Marbles"],"campfire_rested":0,"item_purchase_floors":[11,25],"current_hp_per_floor":[47,41,40,40,40,40,40,44,44,33,39,40,39,39,33,2,65,65,65,59,39,45,45,45,50,39,39,43,32,35,35,24,0,0,0],"gold":119,"neow_bonus":"REMOVE_TWO","is_daily":false,"chose_seed":false,"campfire_upgraded":6,"win_rate":0.0,"timestamp":1612135504,"path_taken":["R","M","M","?","?","R","T","M","R","E","?","?","?","?","M","BOSS","R","M","M","M","$","R","T","$","?","R","M","E","?","M","M","BOSS"],"items_purchased_type":["Relic","Relic"],"build_version":"2020-12-22","purchased_purges":1,"victory":false,"max_hp_per_floor":[65,65,65,65,65,65,65,65,65,65,65,65,65,65,65,65,65,65,65,65,65,65,65,65,65,70,70,70,70,70,70,70,70,70,70],"card_choices":[{"not_picked":["Slimebound:DisruptingSlam","Slimebound:LeechEnergy"],"picked":"Slimebound:SplitLeeching","floor":2.0},{"not_picked":["Slimebound:FinishingTackle","Slimebound:GoopTackle","Slimebound:SplitAcid"],"picked":"SKIP","floor":3.0},{"not_picked":["Slimebound:Equalize","Slimebound:MegaLick"],"picked":"Slimebound:SlimeTap","floor":8.0},{"not_picked":["Slimebound:DivideAndConquer","Slimebound:Replication"],"picked":"Slimebound:SelfFormingGoo","floor":10.0},{"not_picked":["Slimebound:BestDefense","Slimebound:DisruptingSlam"],"picked":"Slimebound:MinionMaster","floor":11.0},{"not_picked":["Slimebound:SlimeSpikes","Slimebound:SplitLeeching"],"picked":"Slimebound:ForwardTackle","floor":12.0},{"not_picked":["Slimebound:Dissolve","Slimebound:ComboTackle"],"picked":"Slimebound:DivideAndConquer","floor":15.0},{"not_picked":["Slimebound:Recycling","Slimebound:OneTwoCombo"],"picked":"Slimebound:Teamwork","floor":16.0},{"not_picked":["Slimebound:RejuvenatingLick","Slimebound:ProtectTheBoss"],"picked":"Slimebound:SplitSpecialist+1","floor":19.0},{"not_picked":["Slimebound:FinishingTackle+1","Slimebound:Prepare","Slimebound:DivideAndConquer+1"],"picked":"SKIP","floor":20.0},{"not_picked":["Slimebound:ViciousTackle+1","Slimebound:Equalize","Slimebound:Prepare+1"],"picked":"SKIP","floor":21.0},{"not_picked":["Slimebound:SplitLeeching","Slimebound:TongueLash"],"picked":"Slimebound:GoopSpray","floor":22.0},{"not_picked":["Slimebound:ViciousTackle","Slimebound:GoopTackle+1"],"picked":"Slimebound:ForwardTackle","floor":25.0},{"not_picked":["Slimebound:GoopTackle","Slimebound:SamplingLick"],"picked":"Slimebound:Replication","floor":28.0},{"not_picked":["Slimebound:AcidTongue","Slimebound:LivingWall"],"picked":"Slimebound:SplitBruiser","floor":29.0},{"not_picked":["Slimebound:SamplingLick","Slimebound:LeechingTouch","Slimebound:Schlurp"],"picked":"SKIP","floor":31.0},{"not_picked":["Slimebound:ComboTackle","Slimebound:LeechEnergy"],"picked":"Slimebound:RallyTheTroops","floor":32.0}],"player_experience":290648,"relics_obtained":[{"floor":7.0,"key":"hubris:OldNail"},{"floor":10.0,"key":"Ancient Tea Set"},{"floor":13.0,"key":"Odd Mushroom"},{"floor":24.0,"key":"Potion Belt"},{"floor":29.0,"key":"Blue Candle"},{"floor":29.0,"key":"hubris:Reverence"},{"floor":30.0,"key":"Red Mask"}],"event_choices":[{"damage_healed":0.0,"max_hp_gain":0.0,"max_hp_loss":0.0,"gold_gain":0.0,"event_name":"Mushrooms","player_choice":"Fought Mushrooms","floor":13.0,"gold_loss":0.0,"damage_taken":0.0},{"damage_healed":0.0,"max_hp_gain":0.0,"max_hp_loss":0.0,"gold_gain":0.0,"event_name":"Masked Bandits","player_choice":"Fought Bandits","floor":30.0,"gold_loss":0.0,"damage_taken":0.0}],"is_beta":false,"boss_relics":[{"not_picked":["Slimebound:AbsorbEndCombatUpgraded","Coffee Dripper"],"picked":"Black Star"}],"items_purged_floors":[22],"is_endless":false,"potions_floor_spawned":[2,10,12,16,19,21,30,31],"killed_by":"SI_MIRROR_ARCHETYPE","ascension_level":2}}