{"host":"x205naxbihvu3p76","time":1612078343,"event":{"mods":["AchievementEnabler","BaseMod","Minty Spire (QoL Compilation)","StSLib","SuperFastMode"],"gold_per_floor":[12,12,27,41,41,41,41,41,41,54,87,87,107,134,134,208,208,219,238,163,163,2,2,14,45,57,69,101,113,125,125],"floor_reached":30,"language":"KOR","playtime":786,"items_purged":["Strike_B"],"score":516,"play_id":"a8c453a8-74bb-4071-bb9b-4d166c8c70a3","local_time":"20210131163223","is_ascension_mode":true,"campfire_choices":[{"data":"Creative AI","floor":6,"key":"SMITH"},{"data":"Go for the Eyes","floor":8,"key":"SMITH"},{"floor":12,"key":"REST"},{"floor":15,"key":"REST"},{"data":"Defragment","floor":23,"key":"SMITH"},{"floor":27,"key":"REST"},{"floor":29,"key":"REST"}],"circlet_count":0,"master_deck":["AscendersBane","Defend_B","Defend_B","Defend_B","Zap","Dualcast","Sweeping Beam","Creative AI+1","Doom and Gloom","Go for the Eyes+1","Chill","Reinforced Body","Defragment+1","Conserve Battery","Chaos","Compile Driver","Chill","Leap"],"relics":["Cracked Core","Bottled Lightning","Calipers","Du-Vu Doll","Sozu","DataDisk","MawBank"],"acts_visited":["Exordium","TheCity"],"potions_floor_usage":[14,16,25],"damage_taken":[{"damage":10,"enemies":"Small Slimes","floor":1,"turns":3},{"damage":2,"enemies":"2 Louse","floor":3,"turns":2},{"damage":2,"enemies":"Cultist","floor":4,"turns":4},{"damage":5,"enemies":"Exordium Thugs","floor":10,"turns":4},{"damage":28,"enemies":"3 Sentries","floor":11,"turns":7},{"damage":7,"enemies":"Red Slaver","floor":13,"turns":5},{"damage":20,"enemies":"Gremlin Nob","floor":14,"turns":5},{"damage":34,"enemies":"Slime Boss","floor":16,"turns":10},{"damage":4,"enemies":"3 Byrds","floor":18,"turns":5},{"damage":11,"enemies":"Shell Parasite","floor":19,"turns":7},{"damage":0,"enemies":"Shelled Parasite and Fungi","floor":24,"turns":6},{"damage":21,"enemies":"Gremlin Leader","floor":25,"turns":6},{"damage":8,"enemies":"3 Cultists","floor":28,"turns":4},{"damage":59,"enemies":"Slavers","floor":30,"turns":6}],"seed_played":"6696822993989876055","potions_obtained":[{"floor":4,"key":"DistilledChaos"},{"floor":11,"key":"Swift Potion"},{"floor":16,"key":"Swift Potion"}],"is_trial":false,"path_per_floor":["M","?","M","M","?","R","?","R","T","M","E","R","M","E","R","B",null,"M","M","$","?","$","R","M","E","T","R","M","R","E"],"character_chosen":"DEFECT","items_purchased":["DataDisk"],"campfire_rested":4,"item_purchase_floors":[22],"current_hp_per_floor":[54,54,52,50,55,55,55,55,55,50,22,44,37,17,39,5,58,54,43,43,43,43,43,43,22,22,44,36,58,0,0],"gold":125,"neow_bonus":"TRANSFORM_TWO_CARDS","is_daily":false,"chose_seed":false,"campfire_upgraded":3,"win_rate":0.0,"timestamp":1612078343,"path_taken":["M","?","M","M","?","R","?","R","T","M","E","R","M","E","R","BOSS","M","M","?","?","$","R","?","E","T","R","M","R","E"],"items_purchased_type":["Relic"],"build_version":"2020-12-22","purchased_purges":1,"victory":false,"max_hp_per_floor":[71,71,71,71,76,76,76,76,76,76,76,76,76,76,76,76,76,76,76,76,76,76,76,76,76,76,76,76,76,76,76],"card_choices":[{"not_picked":["Streamline","Lockon","Hologram"],"picked":"SKIP","floor":1},{"not_picked":["Stack","Streamline"],"picked":"Go for the Eyes","floor":3},{"not_picked":["Go for the Eyes","Steam Power"],"picked":"Chill","floor":4},{"not_picked":["Streamline","Beam Cell"],"picked":"Reinforced Body","floor":10},{"not_picked":["Streamline","Coolheaded"],"picked":"Defragment","floor":11},{"not_picked":["Static Discharge","Steam"],"picked":"Conserve Battery","floor":13},{"not_picked":["Gash","Defragment"],"picked":"Chaos","floor":14},{"not_picked":["Sunder","Rip and Tear+1","Genetic Algorithm"],"picked":"SKIP","floor":18},{"not_picked":["Compile Driver","Streamline","Barrage"],"picked":"SKIP","floor":19},{"not_picked":["Streamline","Barrage"],"picked":"Compile Driver","floor":19},{"not_picked":["Redo","Darkness","Hologram"],"picked":"SKIP","floor":24},{"not_picked":["Rainbow","Rebound"],"picked":"Leap","floor":25},{"not_picked":["Streamline","FTL","Stack"],"picked":"SKIP","floor":28}],"player_experience":1008121,"relics_obtained":[{"floor":9,"key":"Bottled Lightning"},{"floor":11,"key":"Calipers"},{"floor":14,"key":"Du-Vu Doll"},{"floor":25,"key":"MawBank"}],"event_choices":[{"damage_healed":0,"gold_gain":0,"cards_transformed":["Strike_B"],"player_choice":"Change","damage_taken":0,"max_hp_gain":0,"max_hp_loss":0,"event_name":"Living Wall","floor":2,"gold_loss":0,"cards_obtained":["Doom and Gloom"]},{"damage_healed":0,"gold_gain":0,"player_choice":"Donut","damage_taken":0,"max_hp_gain":5,"max_hp_loss":0,"event_name":"Big Fish","floor":5,"gold_loss":0},{"cards_removed":["Defend_B"],"damage_healed":0,"gold_gain":0,"player_choice":"Purged","damage_taken":0,"max_hp_gain":0,"max_hp_loss":0,"event_name":"Purifier","floor":7,"gold_loss":0},{"damage_healed":0,"gold_gain":0,"player_choice":"Copied","damage_taken":0,"max_hp_gain":0,"max_hp_loss":0,"event_name":"Duplicator","floor":21,"gold_loss":0,"cards_obtained":["Chill"]}],"is_beta":false,"boss_relics":[{"not_picked":["Coffee Dripper","Black Star"],"picked":"Sozu"}],"items_purged_floors":[20],"is_endless":false,"potions_floor_spawned":[4,11,13,16,19,25],"killed_by":"Slavers","ascension_level":20}}