{"host":"9kesdg97wkrx2bva","time":1612134411,"event":{"mods":["AchievementEnabler","BaseMod","Colored Map","GifTheSpireLib","Infinite Spire","Minty Spire (QoL Compilation)","Replay The Spire","StSLib"],"gold_per_floor":[116,127,145,245,35,35,35,61,61,101,133,33,47,97,97,169,169,187,62,62,62,75,75,105,105,105,105,105,105,205,231,62,75,75,150,150,164,14,14,14],"floor_reached":39,"language":"ENG","playtime":1577,"items_purged":["Strike_B","Strike_B","Strike_B","Strike_B","Sunder"],"score":990,"play_id":"9254c622-d981-4656-b386-265b9abcac71","local_time":"20210131170651","is_ascension_mode":true,"campfire_choices":[{"data":"ReplayGash","floor":7,"key":"SMITH"},{"floor":15,"key":"REST"},{"floor":23,"key":"REST"},{"data":"Reboot","floor":25,"key":"SMITH"},{"data":"ReplayTheSpireMod:Black Plague","floor":29,"key":"SMITH"},{"floor":34,"key":"DIG"}],"circlet_count":0,"master_deck":["AscendersBane","Defend_B","Defend_B","Defend_B","Defend_B","Zap+1","Dualcast","ReplayGash+1","ReplayGash","Undo","ReplayGash","Scrape+1","Reboot+1","Scrape","Sweeping Beam","Machine Learning","Go for the Eyes","ReplayTheSpireMod:Black Plague+1","Hologram+1","Streamline","Storm","Echo Form","Beam Cell"],"relics":["FrozenCore","Iron Hammer","Meat on the Bone","Replay:Wax Seal","White Beast Statue","Replay:Bronze Core","Sozu","Ice Cream","Tiny Chest","Bag of Marbles","Shovel","Replay:Bottled Snecko","infinitespire:Bottled Soul","Gremlin Food","Pocketwatch"],"acts_visited":["Exordium","TheCity","TheBeyond"],"potions_floor_usage":[11,11,16,22,30],"damage_taken":[{"damage":14,"enemies":"infinitespire:Voidling","floor":1,"turns":3},{"damage":4,"enemies":"Jaw Worm","floor":2,"turns":3},{"damage":0,"enemies":"Cultist","floor":3,"turns":4},{"damage":8,"enemies":"Gremlin Nob","floor":8,"turns":3},{"damage":0,"enemies":"Lagavulin","floor":11,"turns":3},{"damage":0,"enemies":"2 Fungi Beasts","floor":13,"turns":2},{"damage":0,"enemies":"Slime Boss","floor":16,"turns":6},{"damage":33,"enemies":"Spheric Guardian","floor":18,"turns":4},{"damage":21,"enemies":"Shell Parasite","floor":22,"turns":2},{"damage":0,"enemies":"Replay:Snechameleon","floor":24,"turns":5},{"damage":0,"enemies":"Colosseum Slavers","floor":30,"turns":3},{"damage":0,"enemies":"Colosseum Nobs","floor":30,"turns":2},{"damage":18,"enemies":"Nightmare","floor":31,"turns":5},{"damage":0,"enemies":"Snecko","floor":33,"turns":4},{"damage":16,"enemies":"Champ","floor":35,"turns":6},{"damage":5,"enemies":"3 Darklings","floor":37,"turns":3},{"damage":8,"enemies":"infinitespire:Three Voidlings","floor":39,"turns":3},{"damage":60,"enemies":"Nightmare_Alpha","floor":39,"turns":8}],"seed_played":"-9035413168883693638","potions_obtained":[{"floor":8,"key":"DistilledChaos"},{"floor":10,"key":"Adrenaline Potion"},{"floor":10,"key":"AttackPotion"},{"floor":11,"key":"FearPotion"},{"floor":13,"key":"ColorlessPotion"},{"floor":16,"key":"Energy Potion"}],"is_trial":false,"path_per_floor":["M","M","M","?","$","?","R","E","T","?","E","$","M","?","R","B",null,"M","$","?","AVR","M","R","E","R","T","PTL","PTL","R","?","NM","$","M","R_BF","B",null,"M","$","?"],"character_chosen":"DEFECT","items_purchased":["ReplayGash","Scrape+1","Gremlin Food"],"campfire_rested":2,"item_purchase_floors":[5,5,32],"current_hp_per_floor":[50,46,46,46,46,41,41,33,33,10,22,22,34,27,48,48,65,44,44,24,24,15,37,49,49,49,49,49,49,49,43,43,43,43,39,67,62,62,0,0],"gold":14,"neow_bonus":"UPGRADE_CARD","is_daily":false,"chose_seed":false,"campfire_upgraded":3,"win_rate":0.0,"timestamp":1612134411,"path_taken":["M","M","?","?","?","?","R","E","T","?","E","$","?","?","R","BOSS","M","$","?","AVR","M","R","E","R","T","PTL","PTL","R","?","NM","$","M","R_BF","BOSS","M","$","?"],"items_purchased_type":["Card","Card","Relic"],"build_version":"2020-12-22","purchased_purges":5,"victory":false,"max_hp_per_floor":[71,71,71,71,71,71,71,71,71,71,71,71,71,71,71,71,71,71,71,76,76,76,76,76,76,76,76,76,76,76,76,76,76,76,76,76,76,76,76,76],"card_choices":[{"not_picked":["Genetic Algorithm","Rebound"],"picked":"ReplayGash","floor":1},{"not_picked":["Streamline","ReplayTheSpireMod:System Scan"],"picked":"ReplayGash","floor":2},{"not_picked":["Redo","Ball Lightning"],"picked":"Undo","floor":3},{"not_picked":["Streamline","Blizzard"],"picked":"Reboot","floor":8},{"not_picked":["Loop","Compile Driver"],"picked":"Scrape","floor":10},{"not_picked":["Leap","Streamline"],"picked":"Sweeping Beam","floor":11},{"not_picked":["Rip and Tear","ReplayTheSpireMod:GoodbyeWorld"],"picked":"Sunder","floor":13},{"not_picked":["Multi-Cast","Seek"],"picked":"Machine Learning","floor":16},{"not_picked":["Sweeping Beam","BootSequence"],"picked":"Go for the Eyes","floor":18},{"not_picked":["Stack","Biased Cognition"],"picked":"Hologram+1","floor":22},{"not_picked":["Gash","Stack","Glacier"],"picked":"SKIP","floor":24},{"not_picked":["Consume","Barrage"],"picked":"Streamline","floor":30},{"not_picked":["Conserve Battery","Blizzard","Undo"],"picked":"SKIP","floor":31},{"not_picked":["Hologram","Panic Button"],"picked":"Storm","floor":33},{"not_picked":["Buffer","Biased Cognition"],"picked":"Echo Form","floor":35},{"not_picked":["Streamline+1","Leap"],"picked":"Beam Cell","floor":37}],"player_experience":993213,"relics_obtained":[{"floor":8,"key":"Meat on the Bone"},{"floor":9,"key":"Replay:Wax Seal"},{"floor":11,"key":"White Beast Statue"},{"floor":24,"key":"Tiny Chest"},{"floor":26,"key":"Bag of Marbles"},{"floor":30,"key":"Shovel"},{"floor":30,"key":"Replay:Bottled Snecko"},{"floor":31,"key":"infinitespire:Bottled Soul"},{"floor":34,"key":"Pocketwatch"}],"event_choices":[{"damage_healed":0,"gold_gain":100,"player_choice":"Gold","damage_taken":0,"max_hp_gain":0,"max_hp_loss":0,"event_name":"Wheel of Change","floor":4,"gold_loss":0},{"damage_healed":0,"gold_gain":0,"player_choice":"Success","damage_taken":5,"relics_obtained":["Iron Hammer"],"max_hp_gain":0,"max_hp_loss":0,"event_name":"Scrap Ooze","floor":6,"gold_loss":0},{"damage_healed":0,"gold_gain":50,"player_choice":"Touch","damage_taken":7,"max_hp_gain":0,"max_hp_loss":0,"event_name":"FaceTrader","floor":14,"gold_loss":0},{"damage_healed":0,"gold_gain":0,"player_choice":"Shed Blood","damage_taken":25,"max_hp_gain":5,"max_hp_loss":0,"event_name":"Forgotten Altar","floor":20,"gold_loss":0},{"damage_healed":0,"gold_gain":0,"player_choice":"Fight","damage_taken":0,"max_hp_gain":0,"max_hp_loss":0,"event_name":"Colosseum","floor":30,"gold_loss":0},{"damage_healed":0,"gold_gain":0,"player_choice":"Fought Nobs","damage_taken":0,"max_hp_gain":0,"max_hp_loss":0,"event_name":"Colosseum","floor":30,"gold_loss":0}],"is_beta":false,"boss_relics":[{"not_picked":["Nuclear Battery","infinitespire:Cupcake"],"picked":"Replay:Bronze Core"},{"not_picked":["SacredBark","Kintsugi"],"picked":"FrozenCore"}],"items_purged_floors":[5,12,19,21,38],"is_endless":true,"potions_floor_spawned":[8,11,13,16,18,22,24,30,30,31,33,35,37,39],"killed_by":"Nightmare_Alpha","ascension_level":18}}