{"host":"6xsbn6ynqlzwllfm","time":1612100979,"event":{"mods":["2.2 Compatiblity","BaseMod","Bestiary","Colored Map","Colored Powertips","Curses Come First","Highlight Path","Keyboard Shortcuts","Minty Spire (QoL Compilation)","Relic Stats","Slay the Relics Exporter","StSLib","SuperFastMode"],"gold_per_floor":[117,129,146,71,71,101,115,115,115],"floor_reached":8,"language":"ENG","playtime":188,"items_purged":["Strike_P"],"score":116,"play_id":"9bbbf47a-7ab9-4fff-a330-9a890e224d39","local_time":"20210131084939","is_ascension_mode":true,"campfire_choices":[],"circlet_count":0,"master_deck":["AscendersBane","Strike_P","Strike_P","Strike_P","Defend_P","Defend_P","Defend_P","Defend_P","Eruption","Vigilance","Conclude","EmptyFist","Pain","LikeWater","Wish"],"relics":["Runic Pyramid","WarpedTongs","Matryoshka"],"acts_visited":["Exordium"],"potions_floor_usage":[],"damage_taken":[{"damage":8.0,"enemies":"Small Slimes","floor":1.0,"turns":3.0},{"damage":1.0,"enemies":"Cultist","floor":2.0,"turns":3.0},{"damage":9.0,"enemies":"2 Louse","floor":3.0,"turns":2.0},{"damage":11.0,"enemies":"3 Sentries","floor":6.0,"turns":4.0},{"damage":14,"enemies":"Red Slaver","floor":7,"turns":3},{"damage":40,"enemies":"Lagavulin","floor":8,"turns":4}],"seed_played":"-731937234990998631","potions_obtained":[{"floor":2.0,"key":"SteroidPotion"},{"floor":6.0,"key":"BlessingOfTheForge"}],"is_trial":false,"path_per_floor":["M","M","M","$","?","E","M","E"],"character_chosen":"WATCHER","items_purchased":[],"campfire_rested":0,"item_purchase_floors":[],"current_hp_per_floor":[53,52,43,43,43,32,18,0,0],"gold":115,"neow_bonus":"BOSS_RELIC","is_daily":false,"chose_seed":false,"campfire_upgraded":0,"win_rate":0.0,"timestamp":1612100979,"path_taken":["M","M","M","$","?","E","M","E"],"items_purchased_type":[],"build_version":"2020-12-22","purchased_purges":1,"victory":false,"max_hp_per_floor":[68,68,68,68,68,68,68,68,68],"relic_stats":{"counters":[6,19],"obtain_stats":[{"Matryoshka":6,"PureWater":0,"Runic Pyramid":0,"WarpedTongs":5},{"Matryoshka":4,"PureWater":0,"Runic Pyramid":0,"WarpedTongs":3},{"Matryoshka":12,"PureWater":0,"Runic Pyramid":0,"WarpedTongs":8}],"WarpedTongs":[11]},"card_choices":[{"not_picked":["PathToVictory","BowlingBash"],"picked":"Conclude","floor":2.0},{"not_picked":["FlyingSleeves","Nirvana"],"picked":"EmptyFist","floor":3.0},{"not_picked":["FlyingSleeves","WaveOfTheHand"],"picked":"LikeWater","floor":6.0},{"not_picked":["JustLucky","FlyingSleeves"],"picked":"Wish","floor":7}],"player_experience":1349318,"relics_obtained":[{"floor":6.0,"key":"Matryoshka"}],"event_choices":[{"damage_healed":0.0,"max_hp_gain":0.0,"max_hp_loss":0.0,"gold_gain":0.0,"event_name":"Accursed Blacksmith","player_choice":"Rummage","floor":5.0,"gold_loss":0.0,"damage_taken":0.0,"relics_obtained":["WarpedTongs"],"cards_obtained":["Pain"]}],"is_beta":false,"boss_relics":[],"items_purged_floors":[4],"is_endless":false,"potions_floor_spawned":[2,6],"killed_by":"Lagavulin","ascension_level":20}}