{"host":"uc8wz0q199a7d901","time":1612085206,"event":{"mods":["2.2 Compatiblity","BaseMod","Colored Map","DeckTracker","Highlight Path","Minty Spire (QoL Compilation)","Permanent Neow","Quick Restart","SuperFastMode"],"gold_per_floor":[13,25,35,52,69,69,96,96,96,110,385,40,40,52,52,128,128,142,192,192,42,42,42,42],"floor_reached":23,"language":"KOR","playtime":506,"items_purged":["Strike_R"],"score":381,"play_id":"06e4375d-e1a8-42b4-911a-b32fc5588809","local_time":"20210131182646","is_ascension_mode":true,"campfire_choices":[{"data":"Searing Blow","floor":6.0,"key":"SMITH"},{"data":"Searing Blow+1","floor":8.0,"key":"SMITH"},{"data":"Searing Blow+2","floor":13.0,"key":"SMITH"},{"data":"Searing Blow+3","floor":15.0,"key":"SMITH"}],"circlet_count":0,"master_deck":["AscendersBane","Strike_R","Strike_R","Strike_R","Defend_R","Defend_R","Defend_R","Bash","Disarm","Ghostly Armor","Wild Strike","Searing Blow+4","Power Through","Feed","Dropkick","Shockwave","Barricade","CurseOfTheBell","Flame Barrier","Fire Breathing"],"relics":["Burning Blood","Pear","Blue Candle","Ice Cream","Calling Bell","Juzu Bracelet","Shuriken","Bird Faced Urn","Spirit Poop","Toxic Egg 2"],"acts_visited":["Exordium","TheCity"],"potions_floor_usage":[],"damage_taken":[{"damage":1.0,"enemies":"2 Louse","floor":1.0,"turns":4.0},{"damage":1.0,"enemies":"Cultist","floor":2.0,"turns":3.0},{"damage":0.0,"enemies":"Small Slimes","floor":3.0,"turns":3.0},{"damage":13.0,"enemies":"Exordium Thugs","floor":4.0,"turns":6.0},{"damage":18.0,"enemies":"2 Fungi Beasts","floor":5.0,"turns":7.0},{"damage":6.0,"enemies":"Gremlin Nob","floor":7.0,"turns":3.0},{"damage":1.0,"enemies":"3 Louse","floor":10.0,"turns":3.0},{"damage":9.0,"enemies":"Red Slaver","floor":14.0,"turns":2.0},{"damage":32.0,"enemies":"Slime Boss","floor":16.0,"turns":8.0},{"damage":16.0,"enemies":"Chosen","floor":18.0,"turns":5.0},{"damage":54,"enemies":"Gremlin Leader","floor":23,"turns":6}],"seed_played":"6268868951174042103","potions_obtained":[{"floor":1.0,"key":"SneckoOil"},{"floor":4.0,"key":"EntropicBrew"},{"floor":5.0,"key":"Weak Potion"},{"floor":14.0,"key":"LiquidMemories"},{"floor":16.0,"key":"SteroidPotion"}],"is_trial":false,"path_per_floor":["M","M","M","M","M","R","E","R","T","M","?","$","R","M","R","B",null,"M","?","?","$","?","E"],"character_chosen":"IRONCLAD","items_purchased":["Ice Cream","Fire Breathing"],"campfire_rested":0,"item_purchase_floors":[12,21],"current_hp_per_floor":[73,75,75,68,59,59,69,69,69,77,77,77,77,74,74,51,83,73,64,64,64,64,10,10],"gold":42,"neow_bonus":"TRANSFORM_TWO_CARDS","is_daily":false,"chose_seed":false,"campfire_upgraded":4,"win_rate":0.0,"timestamp":1612085206,"path_taken":["M","M","M","M","M","R","E","R","T","M","?","$","R","M","R","BOSS","M","?","?","$","?","E"],"items_purchased_type":["Relic","Card"],"build_version":"2020-12-22","purchased_purges":1,"victory":false,"max_hp_per_floor":[75,75,75,75,78,78,88,88,88,91,91,91,91,91,91,94,94,94,94,94,94,94,94,94],"card_choices":[{"not_picked":["Dark Embrace","Shrug It Off"],"picked":"Wild Strike","floor":1.0},{"not_picked":["Clothesline","Headbutt"],"picked":"Searing Blow","floor":2.0},{"not_picked":["Burning Pact","Rage"],"picked":"Power Through","floor":3.0},{"not_picked":["Heavy Blade","Pummel"],"picked":"Feed","floor":4.0},{"not_picked":["Armaments","True Grit"],"picked":"Cleave","floor":5.0},{"not_picked":["Disarm","Burning Pact"],"picked":"Dropkick","floor":7.0},{"not_picked":["Inflame","Combust"],"picked":"Shockwave","floor":10.0},{"not_picked":["Cleave","Combust","Perfected Strike"],"picked":"SKIP","floor":14.0},{"not_picked":["Juggernaut","Berserk"],"picked":"Barricade","floor":16.0},{"not_picked":["Carnage","Feel No Pain"],"picked":"Flame Barrier","floor":18.0}],"player_experience":704515,"relics_obtained":[{"floor":7.0,"key":"Pear"},{"floor":9.0,"key":"Blue Candle"},{"floor":17.0,"key":"Juzu Bracelet"},{"floor":17.0,"key":"Shuriken"},{"floor":17.0,"key":"Bird Faced Urn"}],"event_choices":[{"damage_healed":0.0,"max_hp_gain":0.0,"max_hp_loss":0.0,"gold_gain":275.0,"event_name":"Golden Shrine","player_choice":"Desecrate","floor":11.0,"gold_loss":0.0,"damage_taken":0.0,"cards_obtained":["Regret"]},{"damage_healed":0,"gold_gain":50,"player_choice":"Touch","damage_taken":9,"max_hp_gain":0,"max_hp_loss":0,"event_name":"FaceTrader","floor":19,"gold_loss":0},{"cards_removed":["Regret"],"damage_healed":0,"gold_gain":0,"player_choice":"Offered Curse","damage_taken":0,"relics_obtained":["Spirit Poop"],"max_hp_gain":0,"max_hp_loss":0,"event_name":"Bonfire Elementals","floor":20,"gold_loss":0},{"cards_removed":["Cleave"],"damage_healed":0,"gold_gain":0,"player_choice":"Gave Card","damage_taken":0,"relics_obtained":["Toxic Egg 2"],"max_hp_gain":0,"max_hp_loss":0,"event_name":"WeMeetAgain","floor":22,"gold_loss":0}],"is_beta":false,"boss_relics":[{"not_picked":["Philosopher\u0027s Stone","Black Blood"],"picked":"Calling Bell"}],"items_purged_floors":[21],"is_endless":false,"potions_floor_spawned":[1,4,5,14,16],"killed_by":"Gremlin Leader","ascension_level":20}}