{"host":"g7mkzn6qfoxkk5sz","time":1612096246,"event":{"mods":["BaseMod","Colored Map","Colored Powertips","Downfall","Hermit","Marisa????????","Minty Spire (QoL Compilation)","StSLib","The Animator","The Bug Knight","The Servant 0.9.4"],"gold_per_floor":[99,118,79,89,89,102,102,137,7,7,33,44,44,75,94,191,191,91,104,118,136,153,101,101,129,114,14,43,43,43,56,66,167,167,167,184,184,184,184,216,240,290,301,287,287,287,287,55,69,69],"floor_reached":51,"language":"ENG","playtime":3653,"items_purged":["Slimebound:Strike_Slimebound","Slimebound:Defend_Slimebound"],"score":808,"play_id":"35f9371e-31f3-4428-afde-e558091d2391","local_time":"20210131143046","is_ascension_mode":false,"campfire_choices":[{"floor":1,"key":"RECALL"},{"data":"Slimebound:RainOfGoop","floor":10,"key":"SMITH"},{"data":"Slimebound:Equalize","floor":13,"key":"SMITH"},{"data":"Slimebound:GoopSpray","floor":18,"key":"SMITH"},{"data":"Slimebound:Split","floor":27,"key":"SMITH"},{"data":"Slimebound:MassRepurpose","floor":30,"key":"SMITH"},{"data":"Slimebound:Prepare","floor":35,"key":"SMITH"},{"data":"Slimebound:SlimeSpikes","floor":45,"key":"SMITH"},{"data":"Slimebound:SamplingLick","floor":47,"key":"SMITH"}],"circlet_count":0,"master_deck":["Slimebound:Strike_Slimebound+1","Slimebound:Tackle+1","Slimebound:Defend_Slimebound","Slimebound:Defend_Slimebound","Slimebound:Defend_Slimebound","Slimebound:Split+1","Slimebound:CorrosiveSpit","Slimebound:SlimeSpikes+1","Slimebound:Prepare+1","Slimebound:Schlurp","Slimebound:LivingWall","Slimebound:RainOfGoop+1","Slimebound:AcidTongue","Slimebound:Equalize+1","Slimebound:GoopSpray+1","Slimebound:RollThrough","Slimebound:SamplingLick+1","Slimebound:LeechLife","Slimebound:SplitLeeching","Slimebound:MassRepurpose+1","CurseOfTheBell","Slimebound:SplitMire","Slimebound:SplitAcid","Slimebound:SplitAcid+1","Slimebound:MassFeed","Slimebound:MegaLick","Slimebound:SplitMire+1","Slimebound:SlimeTap+1","Slimebound:SplitMire+1","downfall:Bewildered","Slimebound:RainOfGoop+1","Slimebound:SplitBruiser+1","Wraith","Trip+1","Slimebound:SlimeSpikes+1"],"relics":["Slimebound:AbsorbEndCombat","Anchor","downfall:ShatteredFragment","Slimebound:MaxSlimesRelic","Bottled Lightning","Ancient Tea Set","Kunai","Calling Bell","Potion Belt","Singing Bowl","Turnip","downfall:HeartBlessingRed","Toxic Egg 2","Eternal Feather","downfall:HeartBlessingGreen","Pantograph","sneckomod:BabySnecko","Busted Crown","White Beast Statue","Bottled Tornado","Whetstone","Du-Vu Doll","Sling","Akabeko"],"acts_visited":["Exordium","TheCity","TheBeyond"],"potions_floor_usage":[23,23,23,26,44,50,50,50],"damage_taken":[{"damage":4,"enemies":"Cultist","floor":2,"turns":3},{"damage":6,"enemies":"downfall:FleeingMerchant","floor":3,"turns":4},{"damage":3,"enemies":"Jaw Worm","floor":4,"turns":3},{"damage":0,"enemies":"Small Slimes","floor":6,"turns":3},{"damage":12,"enemies":"3 Sentries","floor":8,"turns":8},{"damage":6,"enemies":"downfall:FleeingMerchant","floor":9,"turns":4},{"damage":9,"enemies":"Lagavulin","floor":11,"turns":5},{"damage":0,"enemies":"Exordium Wildlife","floor":12,"turns":3},{"damage":11,"enemies":"Gremlin Nob","floor":14,"turns":4},{"damage":2,"enemies":"Large Slime","floor":15,"turns":4},{"damage":12,"enemies":"DF_ARCHETYPE_STREAMLINE","floor":16,"turns":14},{"damage":7,"enemies":"Spheric Guardian","floor":19,"turns":4},{"damage":15,"enemies":"3 Byrds","floor":20,"turns":6},{"damage":14,"enemies":"Sentry and Sphere","floor":21,"turns":5},{"damage":12,"enemies":"3 Cultists","floor":22,"turns":5},{"damage":3,"enemies":"downfall:FleeingMerchant","floor":23,"turns":4},{"damage":35,"enemies":"Gremlin Leader","floor":25,"turns":7},{"damage":0,"enemies":"downfall:FleeingMerchant","floor":26,"turns":4},{"damage":31,"enemies":"Book of Stabbing","floor":28,"turns":5},{"damage":0,"enemies":"Cultist and Chosen","floor":31,"turns":4},{"damage":18,"enemies":"Snake Plant","floor":32,"turns":4},{"damage":50,"enemies":"SI_MIRROR_ARCHETYPE","floor":33,"turns":12},{"damage":0,"enemies":"Orb Walker","floor":36,"turns":3},{"damage":47,"enemies":"Giant Head","floor":40,"turns":9},{"damage":0,"enemies":"Giant Head","floor":42,"turns":4},{"damage":9,"enemies":"3 Darklings","floor":43,"turns":3},{"damage":8,"enemies":"downfall:FleeingMerchant","floor":44,"turns":3},{"damage":1,"enemies":"4 Shapes","floor":49,"turns":3},{"damage":19,"enemies":"WA_ARCHETYPE_DIVINITY","floor":50,"turns":7}],"seed_played":"2040151212725831397","potions_obtained":[{"floor":4,"key":"sneckomod:MuddlingPotion"},{"floor":11,"key":"Weak Potion"},{"floor":15,"key":"Dexterity Potion"},{"floor":20,"key":"SkillPotion"},{"floor":21,"key":"Fire Potion"},{"floor":22,"key":"ColorlessPotion"},{"floor":32,"key":"Guardian:BlockOnCardUsePotion"},{"floor":40,"key":"champ:CounterPotion"},{"floor":42,"key":"Swift Potion"},{"floor":43,"key":"Block Potion"},{"floor":44,"key":"Fruit Juice"},{"floor":49,"key":"AttackPotion"}],"is_trial":false,"path_per_floor":["R","M","$","M","?","M","T","E","$","R","E","M","R","E","M","B",null,"R","M","M","M","M","$","T","E","$","R","E","?","R","M","M","B",null,"R","M","?","?","?","E","T","?","M","$","R","?","R","$","M","B",null],"character_chosen":"SLIMEBOUND","items_purchased":["Slimebound:Schlurp","Slimebound:Equalize","Slimebound:GoopSpray","Slimebound:MegaLick","Sling","Akabeko","Dexterity Potion","Trip+1"],"campfire_rested":0,"item_purchase_floors":[3,9,9,23,44,44,48,48],"current_hp_per_floor":[65,63,61,60,42,46,46,42,42,42,47,61,61,56,60,56,65,65,62,67,59,67,67,67,34,46,64,36,36,54,62,46,32,71,71,74,74,74,74,35,35,74,75,87,93,93,93,93,102,88],"gold":69,"neow_bonus":"RANDOM_COMMON_RELIC","is_daily":false,"chose_seed":false,"campfire_upgraded":8,"win_rate":0.0,"timestamp":1612096246,"path_taken":["R","M","$","?","?","M","T","E","$","R","E","M","R","E","M","BOSS","R","M","M","M","M","$","T","E","$","R","E","?","R","M","M","BOSS","R","M","?","?","?","E","T","?","M","$","R","?","R","$","M","BOSS"],"items_purchased_type":["Card","Card","Card","Card","Relic","Relic","Potion","Card"],"build_version":"2020-12-22","purchased_purges":2,"victory":true,"max_hp_per_floor":[65,65,65,65,65,65,65,65,65,65,65,65,65,65,65,65,65,65,65,67,67,67,67,67,67,67,67,67,67,67,69,69,71,71,71,74,74,74,74,76,76,84,86,93,93,93,93,93,102,102],"card_choices":[{"not_picked":["Slimebound:SplitMire","Slimebound:PressTheAttack"],"picked":"Slimebound:SlimeSpikes","floor":2},{"not_picked":["Slimebound:GoopTackle","Slimebound:Gluttony"],"picked":"Slimebound:Prepare","floor":3},{"not_picked":["Slimebound:SlimeBarrage","Slimebound:ServeAndProtect"],"picked":"Slimebound:LivingWall","floor":4},{"not_picked":["Slimebound:WasteNot","Slimebound:LeadByExample"],"picked":"Slimebound:RainOfGoop","floor":6},{"not_picked":["Slimebound:SlimeBrawl","Slimebound:SpikyOuterGoop"],"picked":"Slimebound:AcidTongue","floor":8},{"not_picked":["Slimebound:DivideAndConquer","Slimebound:OneTwoCombo","Slimebound:ProtectTheBoss"],"picked":"SKIP","floor":9},{"not_picked":["Slimebound:LeechingTouch","Slimebound:SlimeBarrage"],"picked":"Slimebound:RollThrough","floor":11},{"not_picked":["Slimebound:ComboTackle","Slimebound:FinishingTackle"],"picked":"Slimebound:SamplingLick","floor":12},{"not_picked":["Slimebound:RollThrough","Slimebound:ComboTackle"],"picked":"Slimebound:LeechLife","floor":14},{"not_picked":["Slimebound:MegaLick","Slimebound:ServeAndProtect"],"picked":"Slimebound:SplitLeeching","floor":15},{"not_picked":["Slimebound:FirmFortitude","Slimebound:SlimeSlap"],"picked":"Slimebound:MassRepurpose","floor":16},{"not_picked":["Slimebound:Schlurp","Slimebound:LeadByExample"],"picked":"Slimebound:SplitMire","floor":19},{"not_picked":["Slimebound:Chomp+1","Slimebound:Replication","Slimebound:LeechEnergy"],"picked":"Singing Bowl","floor":20},{"not_picked":["Slimebound:Prepare","Slimebound:LivingWall+1"],"picked":"Slimebound:SplitAcid","floor":21},{"not_picked":["Slimebound:BestDefense","Slimebound:Schlurp"],"picked":"Slimebound:SplitAcid+1","floor":22},{"not_picked":["Slimebound:RollThrough","Slimebound:Grow"],"picked":"Slimebound:MassFeed","floor":23},{"not_picked":["Slimebound:ItLooksTasty","Slimebound:HauntingLick+1"],"picked":"Slimebound:SplitMire+1","floor":25},{"not_picked":["Slimebound:RallyTheTroops","Slimebound:RainOfGoop+1"],"picked":"Slimebound:SlimeTap+1","floor":26},{"not_picked":["Slimebound:TongueLash","Slimebound:FinishingTackle"],"picked":"Slimebound:SplitMire+1","floor":28},{"not_picked":["Slimebound:Repurpose+1","Slimebound:LeechEnergy","Slimebound:ServeAndProtect+1"],"picked":"Singing Bowl","floor":31},{"not_picked":["Slimebound:SplitAcid+1","Slimebound:SplitMire+1"],"picked":"Slimebound:RainOfGoop+1","floor":32},{"not_picked":["Slimebound:OozeBath+1","Slimebound:Teamwork+1","Slimebound:DouseInSlime+1"],"picked":"Singing Bowl","floor":33},{"not_picked":[],"picked":"Slimebound:SplitBruiser+1","floor":36},{"not_picked":["Slimebound:AcidTongue+1"],"picked":"Singing Bowl","floor":40},{"not_picked":["Slimebound:HauntingLick+1"],"picked":"Singing Bowl","floor":42},{"not_picked":["Slimebound:ItLooksTasty"],"picked":"Singing Bowl","floor":43},{"not_picked":["Slimebound:BestDefense+1"],"picked":"Singing Bowl","floor":44},{"not_picked":[],"picked":"Slimebound:SlimeSpikes+1","floor":49}],"player_experience":457783,"relics_obtained":[{"floor":7,"key":"Slimebound:MaxSlimesRelic"},{"floor":8,"key":"Bottled Lightning"},{"floor":11,"key":"Ancient Tea Set"},{"floor":14,"key":"Kunai"},{"floor":17,"key":"Potion Belt"},{"floor":17,"key":"Singing Bowl"},{"floor":17,"key":"Turnip"},{"floor":24,"key":"Toxic Egg 2"},{"floor":25,"key":"Eternal Feather"},{"floor":28,"key":"Pantograph"},{"floor":38,"key":"White Beast Statue"},{"floor":40,"key":"Bottled Tornado"},{"floor":41,"key":"Whetstone"},{"floor":42,"key":"Du-Vu Doll"}],"event_choices":[{"cards_removed":["Slimebound:Strike_Slimebound"],"damage_healed":0,"gold_gain":0,"player_choice":"Removed Attack","damage_taken":0,"max_hp_gain":0,"max_hp_loss":0,"event_name":"Falling","floor":39,"gold_loss":0},{"damage_healed":0,"gold_gain":0,"player_choice":"Ignored","damage_taken":0,"max_hp_gain":0,"max_hp_loss":0,"event_name":"OrinTheCat","floor":46,"gold_loss":0}],"is_beta":false,"boss_relics":[{"not_picked":["SacredBark","Slimebound:AbsorbEndCombatUpgraded"],"picked":"Calling Bell"},{"not_picked":["Astrolabe","bronze:MakeshiftBattery"],"picked":"Busted Crown"}],"items_purged_floors":[44,48],"is_endless":false,"potions_floor_spawned":[4,11,15,16,20,21,22,32,40,42,43,44,49],"ascension_level":0}}