{"host":"6xsbn6ynqlzwllfm","time":1612114045,"event":{"mods":["2.2 Compatiblity","BaseMod","Bestiary","Colored Map","Colored Powertips","Curses Come First","Highlight Path","Keyboard Shortcuts","Minty Spire (QoL Compilation)","Relic Stats","Slay the Relics Exporter","StSLib","SuperFastMode"],"gold_per_floor":[119,132,152,170,181,181,507,525,607,631,663,663,663,679,679,679,679],"floor_reached":16,"language":"ENG","playtime":495,"items_purged":[],"score":228,"play_id":"5e51d273-3386-44a7-b040-227ae9aecd2c","local_time":"20210131122725","is_ascension_mode":true,"campfire_choices":[{"data":"Scrawl","floor":6,"key":"SMITH"},{"data":"Consecrate","floor":13,"key":"SMITH"},{"data":"Consecrate","floor":15,"key":"SMITH"}],"circlet_count":0,"master_deck":["AscendersBane","Strike_P","Strike_P","Strike_P","Defend_P","Defend_P","Defend_P","Defend_P","Eruption","Vigilance","Scrawl+1","Consecrate+1","CarveReality","FearNoEvil","EmptyBody","Consecrate+1","CutThroughFate","FlurryOfBlows","Consecrate","ThirdEye"],"relics":["PureWater","Old Coin","Meat on the Bone","Odd Mushroom","Sundial"],"acts_visited":["Exordium"],"potions_floor_usage":[7,10,11],"damage_taken":[{"damage":0,"enemies":"Cultist","floor":1,"turns":2},{"damage":0,"enemies":"Jaw Worm","floor":2,"turns":2},{"damage":0,"enemies":"Small Slimes","floor":3,"turns":4},{"damage":6,"enemies":"Looter","floor":4,"turns":3},{"damage":8,"enemies":"Gremlin Gang","floor":5,"turns":4},{"damage":15,"enemies":"3 Sentries","floor":7,"turns":7},{"damage":1,"enemies":"Red Slaver","floor":8,"turns":2},{"damage":2,"enemies":"The Mushroom Lair","floor":10,"turns":4},{"damage":25,"enemies":"Lagavulin","floor":11,"turns":5},{"damage":4,"enemies":"Looter","floor":14,"turns":2},{"damage":33,"enemies":"Slime Boss","floor":16,"turns":5}],"seed_played":"999421517673477239","potions_obtained":[{"floor":1,"key":"Strength Potion"},{"floor":7,"key":"Fire Potion"},{"floor":8,"key":"ColorlessPotion"},{"floor":14,"key":"FairyPotion"}],"is_trial":false,"path_per_floor":["M","M","M","M","M","R","E","M","T","?","E","?","R","M","R","B"],"character_chosen":"WATCHER","items_purchased":[],"campfire_rested":0,"item_purchase_floors":[],"current_hp_per_floor":[61,61,61,55,47,47,32,31,31,41,28,21,21,29,29,20,20],"gold":679,"neow_bonus":"ONE_RANDOM_RARE_CARD","is_daily":false,"chose_seed":false,"campfire_upgraded":3,"win_rate":0.0,"timestamp":1612114045,"path_taken":["M","?","M","M","M","R","E","M","T","?","E","?","R","M","R","BOSS"],"items_purchased_type":[],"build_version":"2020-12-22","purchased_purges":0,"victory":false,"max_hp_per_floor":[68,68,68,68,68,68,68,68,68,68,68,68,68,68,68,68,68],"relic_stats":{"counters":[11,40],"Sundial":[0],"obtain_stats":[{"Sundial":11,"PureWater":0,"Odd Mushroom":10,"Old Coin":7,"Meat on the Bone":9},{"Sundial":9,"PureWater":0,"Odd Mushroom":8,"Old Coin":6,"Meat on the Bone":7},{"Sundial":33,"PureWater":0,"Odd Mushroom":28,"Old Coin":22,"Meat on the Bone":24}],"Meat on the Bone":36},"card_choices":[{"not_picked":["WaveOfTheHand","Swivel"],"picked":"Consecrate","floor":1},{"not_picked":["ClearTheMind","Meditate"],"picked":"CarveReality","floor":2},{"not_picked":["EmptyFist","Study"],"picked":"FearNoEvil","floor":3},{"not_picked":["CutThroughFate","JustLucky"],"picked":"EmptyBody","floor":4},{"not_picked":["Protect","Collect"],"picked":"Consecrate","floor":5},{"not_picked":["EmptyBody","ClearTheMind"],"picked":"CutThroughFate","floor":7},{"not_picked":["Fasting2","Protect"],"picked":"FlurryOfBlows","floor":8},{"not_picked":["EmptyBody","Protect"],"picked":"Consecrate","floor":10},{"not_picked":["Adaptation","Evaluate","InnerPeace"],"picked":"SKIP","floor":11},{"not_picked":["FlyingSleeves","CarveReality"],"picked":"ThirdEye","floor":14}],"player_experience":1359649,"relics_obtained":[{"floor":7,"key":"Old Coin"},{"floor":9,"key":"Meat on the Bone"},{"floor":10,"key":"Odd Mushroom"},{"floor":11,"key":"Sundial"}],"event_choices":[{"damage_healed":0,"gold_gain":0,"player_choice":"Fought Mushrooms","damage_taken":0,"max_hp_gain":0,"max_hp_loss":0,"event_name":"Mushrooms","floor":10,"gold_loss":0},{"cards_removed":["Strike_P"],"damage_healed":0,"gold_gain":0,"player_choice":"Card Removal","damage_taken":7,"max_hp_gain":0,"max_hp_loss":0,"event_name":"Golden Wing","floor":12,"gold_loss":0}],"is_beta":false,"boss_relics":[],"items_purged_floors":[],"is_endless":false,"potions_floor_spawned":[1,7,8,14],"killed_by":"Slime Boss","ascension_level":20}}