{"host":"6p0attdrtjqaih7v","time":1612084495,"event":{"mods":["2.2 Compatiblity","AchievementEnabler","Bard","BaseMod","Better Skull","Better Third Choice","Colored Powertips","Downfall","Hermit","Highlight Path","Key Reminder","Minty Spire (QoL Compilation)","Permanent Neow","Quick Restart","Random Character Button","Relic Stats","Replay The Spire","Robot Space Explorer","StSLib","The Witch"],"gold_per_floor":[109,123,143,143,143,143,160,160,160,195,195,225,6,33,33,112,112,132,132,149,166,185,185,210,226,253,263,263,56,56,73,73,147,147,163,12,12,28,53,53,63,74,74,108,128,128,145,45,45,45,45],"floor_reached":52,"language":"ENG","playtime":3585,"items_purged":["Strike_B","Blizzard"],"score":1958,"play_id":"ce982336-6480-4eb4-b275-4d4fc715cbe4","local_time":"20210131041455","is_ascension_mode":true,"campfire_choices":[{"data":"Consume","floor":6.0,"key":"SMITH"},{"data":"Static Discharge","floor":8.0,"key":"SMITH"},{"data":"Buffer","floor":11.0,"key":"SMITH"},{"data":"Machine Learning","floor":15.0,"key":"SMITH"},{"data":"Fusion","floor":23.0,"key":"SMITH"},{"data":"Seek","floor":28,"key":"SMITH"},{"data":"BasicCrystalCard","floor":30,"key":"SMITH"},{"data":"Steam Power","floor":32,"key":"SMITH"},{"data":"BasicCrystalCard","floor":40,"key":"SMITH"},{"floor":46,"key":"REST"},{"data":"Consume","floor":49,"key":"SMITH"}],"circlet_count":0,"master_deck":["AscendersBane","Defend_B+1","Defend_B","Defend_B","Defend_B","Zap","Dualcast","Lockon+1","Cold Snap","Static Discharge+1","Consume+1","Buffer+1","Self Repair","Machine Learning+1","Cold Snap","Seek+1","Glacier","Meteor Strike","Gash","Fusion+1","Steam Power+1","ReplayTheSpireMod:Calculation Training","Turbo","BasicCrystalCard+1","Ball Lightning","Compile Driver","Compile Driver","Coolheaded","Capacitor+1","Consume+1","BasicCrystalCard+1","Conserve Battery+1","Gash","Gash","Coolheaded"],"relics":["Cracked Core","Mirror","HornCleat","Pear","Blue Doll","Philosopher\u0027s Stone","Red Mask","Geode","Runic Capacitor","Black Star","BranchBurnRelic","Ginger","sneckomod:BlankCard","Guardian:PocketSentry"],"acts_visited":["Exordium","TheCity","TheBeyond"],"potions_floor_usage":[50,51],"damage_taken":[{"damage":0.0,"enemies":"Cultist","floor":1.0,"turns":2.0},{"damage":5.0,"enemies":"Small Slimes","floor":2.0,"turns":3.0},{"damage":0.0,"enemies":"2 Louse","floor":3.0,"turns":2.0},{"damage":11.0,"enemies":"Exordium Wildlife","floor":7.0,"turns":6.0},{"damage":1.0,"enemies":"Replay:BlueRogue","floor":10.0,"turns":5.0},{"damage":0.0,"enemies":"Lagavulin","floor":12.0,"turns":5.0},{"damage":9.0,"enemies":"Replay:BlueRogue","floor":14.0,"turns":6.0},{"damage":3.0,"enemies":"The Guardian","floor":16.0,"turns":12.0},{"damage":1.0,"enemies":"Spheric Guardian","floor":18.0,"turns":5.0},{"damage":16.0,"enemies":"3 Byrds","floor":20.0,"turns":2.0},{"damage":32.0,"enemies":"3 Cultists","floor":21.0,"turns":6.0},{"damage":2.0,"enemies":"Sentry and Sphere","floor":22.0,"turns":9.0},{"damage":16.0,"enemies":"Masked Bandits","floor":24.0,"turns":4.0},{"damage":0.0,"enemies":"Cultist and Chosen","floor":25.0,"turns":11.0},{"damage":0,"enemies":"Centurion and Healer","floor":27,"turns":8},{"damage":0,"enemies":"Snake Plant","floor":31,"turns":4},{"damage":0,"enemies":"Champ","floor":33,"turns":14},{"damage":1,"enemies":"Orb Walker","floor":35,"turns":4},{"damage":3,"enemies":"3 Darklings","floor":38,"turns":10},{"damage":0,"enemies":"Mind Bloom Boss Battle","floor":39,"turns":10},{"damage":13,"enemies":"4 Shapes","floor":41,"turns":8},{"damage":0,"enemies":"Maw","floor":42,"turns":10},{"damage":24,"enemies":"Nemesis","floor":44,"turns":9},{"damage":40,"enemies":"Transient","floor":45,"turns":6},{"damage":2,"enemies":"3 Darklings","floor":47,"turns":5},{"damage":5,"enemies":"Donu and Deca","floor":50,"turns":14},{"damage":34,"enemies":"Awakened One","floor":51,"turns":16}],"seed_played":"4916603081139529352","potions_obtained":[{"floor":3.0,"key":"Regen Potion"},{"floor":7.0,"key":"Explosive Potion"},{"floor":14.0,"key":"AttackPotion"},{"floor":18.0,"key":"Reflective Coating"},{"floor":21.0,"key":"BlessingOfTheForge"},{"floor":22.0,"key":"EssenceOfSteel"},{"floor":31,"key":"AttackPotion"},{"floor":33,"key":"GamblersBrew"},{"floor":38,"key":"DuplicationPotion"}],"is_trial":false,"path_per_floor":["M","M","M","?","?","R","M","R","T","E","R","E","$","E","R","B",null,"M","?","M","M","M","R","?","M","T","M","R","$","R","M","R","B",null,"M","$","?","M","?","R","M","M","T","E","M","R","M","$","R","B","B",null],"character_chosen":"DEFECT","items_purchased":["Seek","ColorlessPotion","Runic Capacitor","Ball Lightning","Compile Driver","Capacitor+1","Consume"],"campfire_rested":1,"item_purchase_floors":[13,13,29,29,29,36,36],"current_hp_per_floor":[64,59,59,38,38,38,42,42,42,48,48,65,65,63,63,67,78,81,81,65,33,38,38,29,36,36,43,43,43,43,50,50,57,75,81,81,81,81,81,81,81,81,81,64,31,55,67,67,67,81,47],"gold":45,"neow_bonus":"THREE_CARDS","is_daily":false,"chose_seed":false,"campfire_upgraded":10,"win_rate":0.0,"timestamp":1612084495,"path_taken":["M","M","M","?","?","R","?","R","T","E","R","E","$","E","R","BOSS","M","?","M","M","M","R","?","M","T","M","R","?","R","M","R","BOSS","M","$","?","M","?","R","M","M","T","E","M","R","M","$","R","BOSS","BOSS"],"items_purchased_type":["Card","Potion","Relic","Card","Card","Card","Card"],"build_version":"2020-12-22","purchased_purges":2,"victory":true,"max_hp_per_floor":[71,71,71,71,71,71,71,71,71,71,71,81,81,81,81,81,81,81,81,81,81,81,81,81,81,81,81,81,81,81,81,81,81,81,81,81,81,81,81,81,81,81,81,81,81,81,81,81,81,81,81],"relic_stats":{"counters":[27,196],"Black Star":1,"Ginger":[0],"obtain_stats":[{"Pear":12,"Dead Branch":39,"sneckomod:BlankCard":44,"Blue Doll":14,"Geode":26,"Runic Capacitor":29,"Guardian:PocketSentry":44,"Ginger":43,"BranchBurnRelic":40,"HornCleat":10,"Philosopher\u0027s Stone":17,"Red Mask":24,"Black Star":34,"Cracked Core":0,"Mirror":9},{"Pear":6,"Dead Branch":20,"sneckomod:BlankCard":23,"Blue Doll":7,"Geode":14,"Runic Capacitor":15,"Guardian:PocketSentry":23,"Ginger":22,"BranchBurnRelic":20,"HornCleat":5,"Philosopher\u0027s Stone":8,"Red Mask":13,"Black Star":17,"Cracked Core":0,"Mirror":4},{"Pear":23,"Dead Branch":128,"sneckomod:BlankCard":155,"Blue Doll":29,"Geode":78,"Runic Capacitor":86,"Guardian:PocketSentry":155,"Ginger":146,"BranchBurnRelic":128,"HornCleat":18,"Philosopher\u0027s Stone":41,"Red Mask":67,"Black Star":104,"Cracked Core":0,"Mirror":13}]},"card_choices":[{"not_picked":["Conserve Battery","Cold Snap"],"picked":"Lockon","floor":0.0},{"not_picked":["Recycle","Doom and Gloom"],"picked":"Cold Snap","floor":1.0},{"not_picked":["Go for the Eyes","Reprogram"],"picked":"Static Discharge","floor":2.0},{"not_picked":["Coolheaded","ReplayTheSpireMod:System Scan"],"picked":"Consume","floor":3.0},{"not_picked":["Blizzard","Reinforced Body"],"picked":"Self Repair","floor":7.0},{"not_picked":["Static Discharge","Turbo"],"picked":"Machine Learning","floor":10.0},{"not_picked":["Lockon","Redo"],"picked":"Cold Snap","floor":12.0},{"not_picked":["Chill","Beam Cell"],"picked":"Glacier","floor":14.0},{"not_picked":["Thunder Strike","Amplify"],"picked":"Meteor Strike","floor":16.0},{"not_picked":["Barrage","Steam Power"],"picked":"Gash","floor":18.0},{"not_picked":["Recycle","Rebound","Steam"],"picked":"SKIP","floor":20.0},{"not_picked":["Sweeping Beam","BootSequence"],"picked":"ReplayTheSpireMod:Calculation Training","floor":21.0},{"not_picked":["Barrage","Go for the Eyes"],"picked":"Turbo","floor":22.0},{"not_picked":["Sunder+1","Barrage"],"picked":"BasicCrystalCard","floor":24.0},{"not_picked":["All For One","Reinforced Body","Chaos"],"picked":"SKIP","floor":25.0},{"not_picked":["Redo","ReplayTheSpireMod:System Scan","Aggregate"],"picked":"SKIP","floor":27},{"not_picked":["Steam","Streamline","ReplayTheSpireMod:System Scan"],"picked":"SKIP","floor":31},{"not_picked":["Sunder+1","Redo"],"picked":"Coolheaded","floor":35},{"not_picked":["Leap+1","Steam Power+1"],"picked":"BasicCrystalCard","floor":38},{"not_picked":["Sunder","Rebound+1"],"picked":"Conserve Battery+1","floor":39},{"not_picked":["Hologram","Auto Shields+1"],"picked":"Blizzard","floor":41},{"not_picked":["Steam Power","Chaos","ReplaySort"],"picked":"SKIP","floor":42},{"not_picked":["Turbo","All For One"],"picked":"Gash","floor":44},{"not_picked":["Leap","BasicCrystalCard"],"picked":"Gash","floor":45},{"not_picked":["Reinforced Body+1","Steam Power+1"],"picked":"Coolheaded","floor":47}],"player_experience":998137,"relics_obtained":[{"floor":9.0,"key":"Mirror"},{"floor":10.0,"key":"HornCleat"},{"floor":12.0,"key":"Pear"},{"floor":14.0,"key":"Blue Doll"},{"floor":24.0,"key":"Red Mask"},{"floor":26,"key":"Geode"},{"floor":39,"key":"Dead Branch"},{"floor":43,"key":"Ginger"},{"floor":44,"key":"sneckomod:BlankCard"},{"floor":44,"key":"Guardian:PocketSentry"}],"event_choices":[{"damage_healed":0.0,"max_hp_gain":0.0,"max_hp_loss":0.0,"gold_gain":0.0,"event_name":"Shining Light","player_choice":"Entered Light","floor":4.0,"gold_loss":0.0,"damage_taken":21.0,"cards_upgraded":["Defend_B","Lockon"]},{"damage_healed":0.0,"max_hp_gain":0.0,"max_hp_loss":0.0,"gold_gain":0.0,"cards_transformed":["Strike_B"],"event_name":"Transmorgrifier","player_choice":"Transformed","floor":5.0,"gold_loss":0.0,"damage_taken":0.0,"cards_obtained":["Buffer"]},{"damage_healed":0.0,"max_hp_gain":0.0,"max_hp_loss":0.0,"gold_gain":0.0,"cards_transformed":["Strike_B","Strike_B"],"event_name":"Drug Dealer","player_choice":"Became Test Subject","floor":19.0,"gold_loss":0.0,"damage_taken":0.0,"cards_obtained":["Fusion","Steam Power"]},{"damage_healed":0.0,"max_hp_gain":0.0,"max_hp_loss":0.0,"gold_gain":0.0,"event_name":"Masked Bandits","player_choice":"Fought Bandits","floor":24.0,"gold_loss":0.0,"damage_taken":0.0},{"damage_healed":0,"gold_gain":0,"player_choice":"Fight","damage_taken":0,"max_hp_gain":0,"max_hp_loss":0,"event_name":"MindBloom","floor":39,"gold_loss":0}],"is_beta":false,"boss_relics":[{"not_picked":["Ring of Chaos","FrozenCore"],"picked":"Philosopher\u0027s Stone"},{"not_picked":["Runic Dome","Replay:Ancient Bell"],"picked":"Black Star"}],"items_purged_floors":[36,48],"is_endless":false,"potions_floor_spawned":[3,7,14,18,21,22,31,33,38,42,44],"ascension_level":20}}