{"host":"d2y4rmbezebiv8aj","time":1612055920,"event":{"mods":["AchievementEnabler","BaseMod","Bestiary","BetterRewards","Colored Map","Colored Powertips","Custom Start","Highlight Path","Minty Spire (QoL Compilation)","Quick Restart","Rare Cards Sparkle","Relic Sorter","Relic Stats","Shop Mod","Slay-I","StSLib","SuperFastMode"],"gold_per_floor":[117,134,149,167,94,94,41,61,61,72,101,121,196,196,196,196,196],"floor_reached":16,"language":"DEU","playtime":498,"items_purged":[],"score":231,"play_id":"f4a4860e-da97-42f6-83b2-31f843141149","local_time":"20210131021840","is_ascension_mode":true,"campfire_choices":[{"data":"All Out Attack","floor":6.0,"key":"SMITH"},{"floor":15.0,"key":"REST"}],"circlet_count":0,"master_deck":["AscendersBane","Strike_G","Strike_G","Strike_G","Strike_G","Strike_G","Defend_G","Defend_G","Defend_G","Defend_G","Defend_G","Survivor","Neutralize","Sucker Punch","Cloak And Dagger","Accuracy","Dagger Throw","All Out Attack+1","Backstab","Accuracy","Blade Dance+1","Backflip","Masterful Stab","Backflip"],"relics":["Ring of the Snake","Mercury Hourglass","Vajra"],"acts_visited":["Exordium"],"potions_floor_usage":[],"damage_taken":[{"damage":1.0,"enemies":"2 Louse","floor":1.0,"turns":4.0},{"damage":0.0,"enemies":"Jaw Worm","floor":2.0,"turns":5.0},{"damage":0.0,"enemies":"Cultist","floor":3.0,"turns":4.0},{"damage":14.0,"enemies":"Gremlin Gang","floor":4.0,"turns":7.0},{"damage":16.0,"enemies":"Lots of Slimes","floor":8.0,"turns":3.0},{"damage":0.0,"enemies":"3 Louse","floor":10.0,"turns":3.0},{"damage":9.0,"enemies":"3 Sentries","floor":11.0,"turns":5.0},{"damage":0.0,"enemies":"Looter","floor":12.0,"turns":3.0},{"damage":25,"enemies":"The Guardian","floor":16,"turns":8}],"seed_played":"1582359242841219142","potions_obtained":[{"floor":3.0,"key":"Energy Potion"},{"floor":8.0,"key":"ColorlessPotion"},{"floor":11.0,"key":"FearPotion"}],"is_trial":false,"path_per_floor":["M","M","M","M","$","R","$","M","T","M","E","M","?","?","R","B"],"character_chosen":"THE_SILENT","items_purchased":["Sucker Punch","Cloak And Dagger","Accuracy","Accuracy","Blade Dance"],"campfire_rested":1,"item_purchase_floors":[0,0,0,5,7],"current_hp_per_floor":[52,52,52,38,38,38,38,22,22,22,13,13,2,2,23,0,0],"gold":196,"neow_bonus":"","is_daily":false,"chose_seed":false,"campfire_upgraded":1,"win_rate":0.0,"timestamp":1612055920,"path_taken":["M","M","M","M","$","R","$","M","T","M","E","M","?","?","R","BOSS"],"items_purchased_type":["Card","Card","Card","Card","Card"],"build_version":"2020-12-22","purchased_purges":0,"victory":false,"max_hp_per_floor":[70,70,70,70,70,70,70,70,70,70,70,70,70,70,70,70,70],"relic_stats":{"counters":[21,89],"obtain_stats":[{"Potion Belt":4,"Dream Catcher":9,"Tough Bandages":13,"NeowsBlessing":0,"The Specimen":20,"Ornamental Fan":6,"Vajra":11,"Orichalcum":8,"Ring of the Serpent":17,"Ring of the Snake":0,"Mercury Hourglass":9},{"Potion Belt":2,"Dream Catcher":4,"Tough Bandages":7,"NeowsBlessing":0,"The Specimen":11,"Ornamental Fan":3,"Vajra":19,"Orichalcum":4,"Ring of the Serpent":9,"Ring of the Snake":0,"Mercury Hourglass":17},{"Potion Belt":2,"Dream Catcher":8,"Tough Bandages":17,"NeowsBlessing":0,"The Specimen":43,"Ornamental Fan":3,"Vajra":78,"Orichalcum":8,"Ring of the Serpent":34,"Ring of the Snake":0,"Mercury Hourglass":71}],"Ring of the Snake":[18],"Mercury Hourglass":[83]},"card_choices":[{"not_picked":["Dodge and Roll","PiercingWail"],"picked":"Dagger Throw","floor":1.0},{"not_picked":["Deadly Poison","Skewer","Acrobatics"],"picked":"SKIP","floor":2.0},{"not_picked":["Poisoned Stab","Terror"],"picked":"All Out Attack","floor":3.0},{"not_picked":["Deadly Poison","Caltrops"],"picked":"Backstab","floor":4.0},{"not_picked":["Distraction","Dash"],"picked":"Backflip","floor":8.0},{"not_picked":["Slice","Sucker Punch"],"picked":"Masterful Stab","floor":10.0},{"not_picked":["Corpse Explosion","Eviscerate"],"picked":"Backflip","floor":11.0},{"not_picked":["Underhanded Strike","Caltrops","Acrobatics"],"picked":"SKIP","floor":12.0}],"player_experience":388687,"relics_obtained":[{"floor":9.0,"key":"Mercury Hourglass"},{"floor":11.0,"key":"Vajra"}],"event_choices":[{"damage_healed":0.0,"max_hp_gain":0.0,"max_hp_loss":0.0,"gold_gain":75.0,"event_name":"World of Goop","player_choice":"Gather Gold","floor":13.0,"gold_loss":0.0,"damage_taken":11.0},{"damage_healed":0.0,"max_hp_gain":0.0,"max_hp_loss":0.0,"gold_gain":0.0,"event_name":"Upgrade Shrine","player_choice":"Upgraded","floor":14.0,"gold_loss":0.0,"damage_taken":0.0,"cards_upgraded":["Blade Dance"]}],"is_beta":false,"boss_relics":[],"items_purged_floors":[],"is_endless":false,"potions_floor_spawned":[3,8,11],"killed_by":"The Guardian","ascension_level":10}}