{"host":"0uumfqrc8aynrssa","time":1612121841,"event":{"mods":["AchievementEnabler","Act Like it!","Aspiration","Astrologer","BaseMod","Better Altar","Better Match","Better Note","Better Sensory Stone","Better Skull","Better Third Choice","Better Vampires","CapriCore","Colored Map","Colored Powertips","Conspire","Downfall","Energized Spire","Friendly Minions","Gensokyo","GifTheSpireLib","Hallownest","Hermit","Highlight Path","Hubris","Infinite Spire","Koishi","Marisa????????","Marked Mod","Minty Spire (QoL Compilation)","Pale of the Ancients","Permanent Neow","Potionbrewer","Random Character Button","Rare Cards Sparkle","Reimu??????","Relic Sorter","Reliquary","Remilia??????","Robot Space Explorer","Shop Mod","Somnambulant","Spicy Shops","Spikes Relics","Spire Arcade","StSLib","Stuff the Spire","The Animator","The Awakened One except there are too many feathers","The Bug Knight","The Cursed","The Hierophant","The Immortal","The Marked","The Problem Sleuth","The Runesmith","The Servant 0.9.4","TheBandit","TheFirefly","Trackpad","Wandering Minibosses","everything is the same but u backflip on backflip","slay the spire mod where everything is the same but ironclad has a cowboy hat"],"gold_per_floor":[112,129,129,148,148,148,181,194,194,227,239,239,239,251,251,251,251],"floor_reached":16,"language":"ENG","playtime":1219,"items_purged":[],"score":121,"play_id":"49c3f4f5-8423-4e90-b2d5-9ab35ad90f71","local_time":"20210131143721","is_ascension_mode":true,"campfire_choices":[{"data":"Infinite Blades","floor":6,"key":"SMITH"},{"floor":12,"key":"REST"},{"floor":15,"key":"REST"}],"circlet_count":0,"master_deck":["Strike_G","Strike_G","Strike_G","Strike_G","Strike_G","Defend_G","Defend_G","Defend_G","Defend_G","Defend_G","Neutralize","Bane","Infinite Blades+1","Pain","Blur","InfectiousVector","Backflip","Backflip","StuffTheSpire:BrainWave","Poisoned Stab"],"relics":["Ring of the Snake","aspiration:Nostalgia","champ:ChampionCrown","Gensokyo:Justice","Gensokyo:LunaticRedEyes","Smiling Mask","trackpad:WindUpAutoDealer"],"acts_visited":["Gensokyo:Gensokyo"],"potions_floor_usage":[10,10,16],"damage_taken":[{"damage":10,"enemies":"Gensokyo:Gryphon","floor":1,"turns":6},{"damage":8,"enemies":"Gensokyo:2_Kodama","floor":2,"turns":5},{"damage":2,"enemies":"Gensokyo:3_Fairies","floor":4,"turns":3},{"damage":16,"enemies":"Gensokyo:Cirno","floor":7,"turns":5},{"damage":7,"enemies":"Gensokyo:3_Kodama","floor":8,"turns":6},{"damage":24,"enemies":"Gensokyo:Mamizou","floor":10,"turns":9},{"damage":1,"enemies":"Gensokyo:LivingMonolith","floor":11,"turns":3},{"damage":13,"enemies":"Gensokyo:Gryphon_and_Rabbit","floor":14,"turns":6},{"damage":31,"enemies":"Gensokyo:Kokoro","floor":16,"turns":11}],"seed_played":"-4353149659053797672","potions_obtained":[{"floor":2,"key":"CunningPotion"},{"floor":7,"key":"SpeedPotion"},{"floor":10,"key":"SteroidPotion"},{"floor":11,"key":"potionbrewer:DiscountPotion"}],"is_trial":false,"path_per_floor":["M","M","?","M","?","R","E","M","T","E","M","R","?","M","R","B"],"character_chosen":"THE_SILENT","items_purchased":[],"campfire_rested":2,"item_purchase_floors":[],"current_hp_per_floor":[60,52,52,50,50,50,34,27,27,3,2,23,23,10,31,0,0],"gold":251,"neow_bonus":"NOSTALGIA","is_daily":false,"chose_seed":false,"campfire_upgraded":1,"win_rate":0.0,"timestamp":1612121841,"path_taken":["M","?","?","M","?","R","E","M","T","E","M","R","?","M","R","BOSS"],"items_purchased_type":[],"build_version":"2020-12-22","purchased_purges":0,"victory":false,"max_hp_per_floor":[70,70,70,70,70,70,70,70,70,70,70,70,70,70,70,70,70],"card_choices":[{"not_picked":["ShadowRift","Pace","Sucker Punch"],"picked":"SKIP","floor":1},{"not_picked":["Terror","StuffTheSpire:Shiver"],"picked":"Bane","floor":2},{"not_picked":["Sucker Punch","Tactician"],"picked":"Infinite Blades","floor":4},{"not_picked":["Concentrate","Sucker Punch"],"picked":"Blur","floor":7},{"not_picked":["Choke","StuffTheSpire:Python"],"picked":"InfectiousVector","floor":8},{"not_picked":["Masterful Stab","StuffTheSpire:ClusterCrunch"],"picked":"Backflip","floor":10},{"not_picked":["Dodge and Roll","Deflect"],"picked":"Backflip","floor":11},{"not_picked":["StuffTheSpire:Ambrosia","StuffTheSpire:Rapture"],"picked":"StuffTheSpire:BrainWave","floor":13},{"not_picked":["Well Laid Plans","Cloak And Dagger"],"picked":"Poisoned Stab","floor":14}],"player_experience":955944,"relics_obtained":[{"floor":7,"key":"Orichalcum"},{"floor":9,"key":"Smiling Mask"},{"floor":10,"key":"trackpad:WindUpAutoDealer"}],"event_choices":[],"is_beta":false,"boss_relics":[],"items_purged_floors":[],"is_endless":false,"potions_floor_spawned":[2,7,10,11],"killed_by":"Gensokyo:Kokoro","ascension_level":2}}