{"host":"ohzd90ieay82el1q","time":1612093459,"event":{"mods":["Act Like it!","Arknights","Aspiration","BaseMod","Chen","Colored Map","Colored Powertips","DeckTracker","Gensokyo","Highlight Path","Hubris","Infinite Spire","Koishi","Marisa£®ÏF”Í°°ƒß¿Ì…≥£©","Minty Spire (QoL Compilation)","Quick Restart","Random Character Button","Reimu£®≤©¿ˆ¡È√Œ£©","Relic Sorter","Remilia£®¿Ÿ√◊¿Ú—«£©","Replay The Spire","StSLib","SuperFastMode","Synergy Search","The Cursed","The Gatherer","The Jungle","The Runesmith","The Servant 0.9.4","Youmu£®ªÍ∆«—˝√Œ£©","[IsaacMod]“‘»ˆº‚À˛","[JumpMod]ŒË∂Øº‚À˛","°æ“≈ŒÔø®≈∆°øREMEMod"],"gold_per_floor":[117,117,192,27,37,37,71,71,71,71,71,45,62,121,121,218,218,236,255,255,2,12,42,42,77,104,139,139,173,196,251,251,377,377,411,450,450,479,479,524,524,592,661,727,765,73,109,77,77,93],"floor_reached":51,"language":"ZHS","playtime":3363,"items_purged":["Strike_RM","Defend_RM","Strike_RM","Strike_RM","Defend_RM"],"score":1125,"play_id":"920549e9-b204-418e-9064-769e13df5244","local_time":"20210131194419","is_ascension_mode":true,"campfire_choices":[{"data":"BloodAndWine","floor":6.0,"key":"SMITH"},{"data":"ScarletNetherworld","floor":8.0,"key":"SMITH"},{"floor":15.0,"key":"REST"},{"data":"ScarletNetherworld","floor":24.0,"key":"SMITH"},{"floor":28,"key":"REST"},{"data":"ScarletImprint","floor":32,"key":"SMITH"},{"data":"ScarletImprint","floor":41,"key":"SMITH"},{"floor":49,"key":"REST"}],"circlet_count":0,"master_deck":["Strike_RM","Defend_RM","Defend_RM","RedMoon","ScarletShoot","DoctorFetus","DoctorFetus","CharismaGuard+1","Swift Strike","BloodAndWine+1","ScarletNetherworld+1","ScarletImprint+1","ScarletImprint+1","NightDance","BatForm","EndlessAdversity+1","ScarletSymphony+1","MastersStateliness+1","ScarletNetherworld+1","ScarletImprint+1","TheCursedMod:AshesToAshes","RedMagic+1","CharismaGuard","BatForm","CharismaGuard+1","VampireKiss","CommonCold","EndlessAdversity+1","VampireFantasy+1","ScarletImprint+1","UnderTheZenith+1","VampireKiss+1","CharismaGuard+1","EndlessAdversity+1"],"relics":["ScarletHat","HowToJump","DeathBook","REME_CardOfGreed","Replay:Bandana","BookOfRevelations","REME_ComplimentaryCards","RuthlessExorcism:ReiMu","HushsDoor","KeepersGift","NeowsBlessing","White Beast Statue","hubris:Towel","DeadEye","hubris:Backtick","Shuriken","MutagenicStrength","Strawberry","Red Mask","REME_ChargedStone","Ring of Fangs","ReplayTheSpireMod:Ring of Exchange","The Courier","Bag of Marbles","hubris:BottledRain","Frozen Eye","Unceasing Top","Juzu Bracelet","hubris:TenFootPole"],"acts_visited":["Exordium","TheCity","TheBeyond"],"potions_floor_usage":[25,25,31,50],"damage_taken":[{"damage":0.0,"enemies":"Small Slimes","floor":1.0,"turns":1.0},{"damage":0.0,"enemies":"Cultist","floor":5.0,"turns":1.0},{"damage":0.0,"enemies":"Gremlin Nob","floor":7.0,"turns":1.0},{"damage":0.0,"enemies":"2 Louse","floor":13.0,"turns":4.0},{"damage":13.0,"enemies":"3 Sentries","floor":14.0,"turns":10.0},{"damage":21.0,"enemies":"Fading Forest","floor":16.0,"turns":11.0},{"damage":18.0,"enemies":"3 Byrds","floor":18.0,"turns":3.0},{"damage":7.0,"enemies":"Spheric Guardian","floor":19.0,"turns":3.0},{"damage":6.0,"enemies":"Snake Plant","floor":22.0,"turns":5.0},{"damage":0.0,"enemies":"Gremlin Leader","floor":23.0,"turns":4.0},{"damage":14,"enemies":"Slavers","floor":25,"turns":4},{"damage":21,"enemies":"Gremlin Leader","floor":27,"turns":4},{"damage":19,"enemies":"Shelled Parasite and Fungi","floor":29,"turns":2},{"damage":0,"enemies":"Sentry and Sphere","floor":30,"turns":2},{"damage":11,"enemies":"Masked Bandits","floor":31,"turns":4},{"damage":11,"enemies":"hubris:MusketHawk","floor":33,"turns":6},{"damage":5,"enemies":"Orb Walker","floor":35,"turns":4},{"damage":24,"enemies":"3 Shapes","floor":36,"turns":3},{"damage":31,"enemies":"Maw","floor":38,"turns":6},{"damage":7,"enemies":"R_Hoarder","floor":40,"turns":6},{"damage":18,"enemies":"Reptomancer","floor":42,"turns":4},{"damage":8,"enemies":"Sphere and 2 Shapes","floor":44,"turns":3},{"damage":10,"enemies":"Writhing Mass","floor":45,"turns":3},{"damage":3,"enemies":"3 Darklings","floor":47,"turns":4},{"damage":70,"enemies":"infinitespire:MassOfShapes","floor":50,"turns":8}],"seed_played":"4114449296000116093","potions_obtained":[{"floor":1.0,"key":"Languid Potion"},{"floor":13.0,"key":"REME_GoldPotion"},{"floor":14.0,"key":"Toxic Potion"},{"floor":16.0,"key":"LifebloodPotion"},{"floor":18.0,"key":"Fire Potion"},{"floor":19.0,"key":"REME_GoldPotion"},{"floor":22.0,"key":"REME_GoldPotion"},{"floor":22.0,"key":"Dexterity Potion"},{"floor":23.0,"key":"AttackPotion"},{"floor":25,"key":"FairyPotion"},{"floor":27,"key":"ZuzhouPotion:ReiMu"},{"floor":31,"key":"Elixir"},{"floor":45,"key":"EntropicBrew"}],"is_trial":false,"path_per_floor":["M","?","?","$","M","R","E","R","T","?","?","$","M","E","R","B",null,"M","M","?","$","M","E","R","E","T","E","R","M","M","?","R","B",null,"M","M","?","M","?","E","R","E","T","M","M","$","M","$","R","B",null],"character_chosen":"REMILIA","items_purchased":["Swift Strike","ScarletImprint","REME_CardOfGreed","Frozen Eye","Unceasing Top","Juzu Bracelet","hubris:TenFootPole","EndlessAdversity+1"],"campfire_rested":3,"item_purchase_floors":[4,12,21,46,46,46,46,48],"current_hp_per_floor":[75,75,64,64,64,64,64,64,64,64,46,46,49,36,58,49,70,52,45,45,45,44,59,59,51,51,34,57,51,54,48,48,43,70,65,41,41,48,48,54,54,53,53,45,46,46,44,44,65,33],"gold":93,"neow_bonus":"THREE_ENEMY_KILL","is_daily":false,"chose_seed":false,"campfire_upgraded":5,"win_rate":0.0,"timestamp":1612093459,"path_taken":["M","?","?","$","M","R","E","R","T","?","?","$","M","E","R","BOSS","M","M","?","$","M","E","R","E","T","E","R","M","M","?","R","BOSS","M","M","?","M","?","E","R","E","T","?","M","$","M","?","R","BOSS"],"items_purchased_type":["Card","Card","Relic","Relic","Relic","Relic","Relic","Card"],"build_version":"2020-12-22","purchased_purges":5,"victory":true,"max_hp_per_floor":[75,75,75,75,75,75,75,75,75,75,75,75,75,75,75,75,70,70,70,70,70,70,77,77,77,77,77,77,77,77,77,77,77,70,70,70,70,73,73,73,73,73,73,73,73,73,73,73,73,73],"card_choices":[{"not_picked":[],"picked":"DoctorFetus","floor":0.0},{"not_picked":[],"picked":"DoctorFetus","floor":0.0},{"not_picked":["EquivalentExchange","StarOfDavid"],"picked":"CharismaGuard","floor":1.0},{"not_picked":["DiffusionOfMisfortune","Stigmanizer"],"picked":"BloodAndWine","floor":5.0},{"not_picked":["MiserableFate","UnstableMagic"],"picked":"ScarletNetherworld","floor":7.0},{"not_picked":["ScarletNetherworld","MastersStateliness"],"picked":"ScarletImprint","floor":13.0},{"not_picked":["BlasphemousPunishment","EmergencyRegeneration"],"picked":"NightDance","floor":14.0},{"not_picked":["HellCatastrophe","ChaoticDestiny"],"picked":"BatForm","floor":16.0},{"not_picked":["FavorOfDestiny","MastersStateliness"],"picked":"EndlessAdversity+1","floor":18.0},{"not_picked":["MastersStateliness","Stigmanizer"],"picked":"ScarletSymphony+1","floor":19.0},{"not_picked":["HunterOfTheNight","EndlessAdversity"],"picked":"MastersStateliness+1","floor":22.0},{"not_picked":["ScarletDevil","Septette"],"picked":"ScarletNetherworld","floor":23.0},{"not_picked":["KillingBlow","RedRainbow"],"picked":"ScarletImprint","floor":25},{"not_picked":["ChaoticDestiny","UltimateOffering+1"],"picked":"RedMagic+1","floor":27},{"not_picked":["StarOfDavid","BloodyMagicSquare","UnderTheZenith"],"picked":"SKIP","floor":29},{"not_picked":["ScarletDevil","CeilingFear"],"picked":"CharismaGuard","floor":30},{"not_picked":["CurseOfVladTepes","HellCatastrophe"],"picked":"BatForm","floor":33},{"not_picked":["BloodyTrap","HunterOfTheNight+1"],"picked":"CharismaGuard+1","floor":35},{"not_picked":["QueenOfMidnight","BloodyTrap+1"],"picked":"VampireKiss","floor":36},{"not_picked":["MiserableFate+1","ScarletSymphony"],"picked":"EndlessAdversity+1","floor":38},{"not_picked":["ScarletDevil+1","CeilingFear"],"picked":"VampireFantasy+1","floor":40},{"not_picked":["GlobalNightmare+1","NightDance"],"picked":"ScarletImprint+1","floor":42},{"not_picked":["ScarletDevil","Stigmanizer","StarOfDavid"],"picked":"SKIP","floor":42},{"not_picked":["UnstableMagic+1","DiffusionOfMisfortune+1"],"picked":"UnderTheZenith+1","floor":44},{"not_picked":["BlasphemousPunishment+1","BloodyMagicSquare+1"],"picked":"VampireKiss+1","floor":45},{"not_picked":["EmergencyRegeneration+1","UnstableMagic+1"],"picked":"CharismaGuard+1","floor":47}],"player_experience":104331,"relics_obtained":[{"floor":7.0,"key":"White Beast Statue"},{"floor":9.0,"key":"DeathBook"},{"floor":14.0,"key":"DeadEye"},{"floor":23.0,"key":"Strawberry"},{"floor":25,"key":"RuthlessExorcism:ReiMu"},{"floor":26,"key":"BookOfRevelations"},{"floor":27,"key":"Replay:Bandana"},{"floor":31,"key":"Red Mask"},{"floor":37,"key":"Ring of Fangs"},{"floor":37,"key":"ReplayTheSpireMod:Ring of Exchange"},{"floor":40,"key":"The Courier"},{"floor":42,"key":"Bag of Marbles"},{"floor":43,"key":"hubris:BottledRain"}],"event_choices":[{"damage_healed":0.0,"max_hp_gain":0.0,"max_hp_loss":0.0,"gold_gain":0.0,"event_name":"Accursed Blacksmith","player_choice":"Forge","floor":2.0,"gold_loss":0.0,"damage_taken":0.0,"cards_upgraded":["CharismaGuard"]},{"damage_healed":0.0,"max_hp_gain":0.0,"max_hp_loss":0.0,"gold_gain":75.0,"event_name":"World of Goop","player_choice":"Gather Gold","floor":3.0,"gold_loss":0.0,"damage_taken":11.0},{"damage_healed":0.0,"max_hp_gain":0.0,"max_hp_loss":0.0,"gold_gain":0.0,"event_name":"Drug Dealer","player_choice":"Inject Mutagens","floor":20.0,"gold_loss":0.0,"damage_taken":0.0,"relics_obtained":["MutagenicStrength"]},{"damage_healed":0,"gold_gain":0,"player_choice":"Fought Bandits","damage_taken":0,"max_hp_gain":0,"max_hp_loss":0,"event_name":"Masked Bandits","floor":31,"gold_loss":0}],"is_beta":false,"boss_relics":[{"not_picked":["Busted Crown","Runic Dome"],"picked":"hubris:Backtick"},{"not_picked":[]},{"not_picked":["aspiration:WatcherSkillbook","Runesmith:UraniumAnvil"],"picked":"REME_ChargedStone"},{"not_picked":[]}],"items_purged_floors":[4,17,21,34,46],"is_endless":false,"potions_floor_spawned":[1,13,14,16,18,19,22,23,25,27,29,30,31,33,35,36,38,40,42,44,45,47],"ascension_level":3}}