{"host":"h78e02h09yhg9y5r","time":1612089898,"event":{"mods":["ATMod(阿瑾Mod)","AchievementEnabler","Act Like it!","Arknights","Aspiration","BaseMod","BetterRewards","Dota2Spire","Hermit","KinomotoSakuraMod(木之本樱)","Minty Spire (QoL Compilation)","MostiFishMod","Relic Filter Mod","RumiaBox-露米娅的神秘盒子","SIMod","Shop Mod","Spicy Shops","StSLib","The Blackbeard","The Runesmith","The Servant 0.9.4","【功能Mod】混沌之环修复补丁"],"gold_per_floor":[109,32,52,52,52,52,83,102,102,127,141,141,176,190,190,295,295,306,317,18,18,18,18,145,161,208,58,193,204,204,336,336,541,541,553,553,283,296,146,274,99,229,229,354,354,0,0,15,15,215],"floor_reached":51,"language":"ZHS","playtime":3300,"items_purged":["Strike_S","Strike_S","Defend_S","Defend_S","Strike_S"],"score":1469,"play_id":"2d533aaa-4329-4cae-95fd-e82a2efa2792","local_time":"20210131184458","is_ascension_mode":true,"campfire_choices":[{"data":"AT_EmpoweredMortalDraw","floor":6,"key":"SMITH"},{"data":"Solidify","floor":15,"key":"SMITH"},{"data":"SilverBlades","floor":23,"key":"SMITH"},{"floor":32,"key":"REST"},{"data":"SoulSculpture","floor":45,"key":"SMITH"},{"data":"ReturningBlade+2","floor":49,"key":"SMITH"}],"circlet_count":0,"master_deck":["Strike_S+1","Defend_S+1","Defend_S+1","KidneyShot+1","Exchange+1","AT_EmpoweredMortalDraw+1","Luminosity+1","SilverBlades+1","Moondial+1","Solidify+1","MurderousAura+1","Contraction+1","ReturningBlade+3","FastForward+1","Initiator+1","Shuttle+1","SoulSculpture+1"],"relics":["Uniform","DaveBox","AT_ATBox","Incense Burner","Bronze Scales","SynthV:TestCard","Mummified Hand","Toy Ornithopter","Vajra","AT_SilvercatRing","Dota2Spire:LotusOrb","JellyFishMachine","AT_TheCollector","HornCleat","AT_ChloranthyRing","Dota2Spire:ArcaneBoots","ShadowXiaoBlade","Gambling Chip","Dota2Spire:Satanic","Darkstone Periapt","AT_TrinityForce","AT_SunfireAegis","AT_SpeedBoots","AT_BellowingDragoncrestRing","aspiration:SeaSaltIceCream","RhineSuit","Nunchaku","Red Mask","Mark of the Bloom"],"acts_visited":["Exordium","TheCity","TheBeyond"],"potions_floor_usage":[16,16,28],"damage_taken":[{"damage":0,"enemies":"Cultist","floor":1,"turns":3},{"damage":0,"enemies":"Small Slimes","floor":3,"turns":3},{"damage":0,"enemies":"3 Sentries","floor":7,"turns":1},{"damage":1,"enemies":"Jaw Worm","floor":8,"turns":3},{"damage":12,"enemies":"Gremlin Nob","floor":10,"turns":4},{"damage":2,"enemies":"Blue Slaver","floor":11,"turns":2},{"damage":5,"enemies":"Lagavulin","floor":13,"turns":5},{"damage":0,"enemies":"2 Fungi Beasts","floor":14,"turns":2},{"damage":9,"enemies":"Slime Boss","floor":16,"turns":10},{"damage":0,"enemies":"Spheric Guardian","floor":18,"turns":1},{"damage":0,"enemies":"3 Byrds","floor":19,"turns":2},{"damage":34,"enemies":"Gremlin Leader","floor":24,"turns":5},{"damage":0,"enemies":"Centurion and Healer","floor":25,"turns":5},{"damage":0,"enemies":"Slavers","floor":28,"turns":1},{"damage":0,"enemies":"Snake Plant","floor":29,"turns":2},{"damage":0,"enemies":"Gremlin Leader","floor":31,"turns":3},{"damage":0,"enemies":"Champ","floor":33,"turns":7},{"damage":0,"enemies":"Orb Walker","floor":35,"turns":1},{"damage":0,"enemies":"3 Darklings","floor":38,"turns":2},{"damage":0,"enemies":"Reptomancer","floor":40,"turns":2},{"damage":0,"enemies":"Nemesis","floor":42,"turns":3},{"damage":0,"enemies":"Reptomancer","floor":44,"turns":1},{"damage":0,"enemies":"Transient","floor":48,"turns":3},{"damage":0,"enemies":"Donu and Deca","floor":50,"turns":1}],"seed_played":"679524050352392348","potions_obtained":[{"floor":7,"key":"LiquidMemories"},{"floor":8,"key":"DuplicationPotion"},{"floor":11,"key":"Explosive Potion"},{"floor":12,"key":"DistilledChaos"},{"floor":12,"key":"Energy Potion"},{"floor":14,"key":"ColorlessPotion"},{"floor":19,"key":"GamblersBrew"},{"floor":28,"key":"DistilledChaos"},{"floor":29,"key":"Fire Potion"},{"floor":33,"key":"Energy Potion"}],"is_trial":false,"path_per_floor":["M","$","M","T","$","R","E","M","T","E","M","?","E","M","R","B",null,"M","M","$","?","?","R","E","M","T","$","E","M","?","E","R","B",null,"M","?","$","M","$","E","$","E","T","E","R","?","?","M","R","B",null],"character_chosen":"THE_SERVANT","items_purchased":["Incense Burner","Bronze Scales","Luminosity","AT_TheCollector","Weak Potion","AT_SunfireAegis"],"campfire_rested":1,"item_purchase_floors":[0,0,2,20,27,37],"current_hp_per_floor":[65,65,65,65,65,65,65,64,64,52,50,50,45,45,45,46,65,65,65,65,65,59,59,25,25,25,25,30,30,30,30,49,49,65,65,65,65,65,65,65,65,65,65,65,65,65,65,65,65,65],"gold":215,"neow_bonus":"","is_daily":false,"chose_seed":false,"campfire_upgraded":5,"win_rate":0.0,"timestamp":1612089898,"path_taken":["M","$","M","?","$","R","E","M","T","E","M","?","E","M","R","BOSS","M","?","$","?","?","R","E","M","T","$","E","M","?","E","R","BOSS","M","?","$","M","$","E","$","E","T","E","R","?","?","M","R","BOSS"],"items_purchased_type":["Relic","Relic","Card","Relic","Potion","Relic"],"build_version":"2020-12-22","purchased_purges":5,"victory":true,"max_hp_per_floor":[65,65,65,65,65,65,65,65,65,65,65,65,65,65,65,65,65,65,65,65,65,65,65,65,65,65,65,65,65,65,65,65,65,65,65,65,65,65,65,65,65,65,65,65,65,65,65,65,65,65],"card_choices":[{"not_picked":["TimeWarp","Revamp","Replace"],"picked":"SKIP","floor":1},{"not_picked":["Potential","ShatteredReality","Ricochet","Defy","Orbit"],"picked":"SKIP","floor":3},{"not_picked":["Defy","Barrier","Read","Spin"],"picked":"SilverBlades","floor":7},{"not_picked":["WasteNot","Snipe","Defy","Reset","FastForward"],"picked":"SKIP","floor":8},{"not_picked":["Potential","Snipe","TimeWarp","ShatteredReality","Spin"],"picked":"SKIP","floor":10},{"not_picked":["TimeWarp","Spin","ReturningBlade","Collapse"],"picked":"Moondial","floor":11},{"not_picked":["Defy","Replace","Spin","Revamp","Rewind"],"picked":"SKIP","floor":13},{"not_picked":["ReturningBlade","TimeWarp","StarChef","Rewind"],"picked":"Solidify","floor":14},{"not_picked":["SoulSculpture","TrueSight","LightFlow","PendulumOfEternity"],"picked":"MurderousAura","floor":16},{"not_picked":["Hightail","SpecialFormula+1","ShatteredReality","Potential","Spin"],"picked":"SKIP","floor":18},{"not_picked":["Rewind+1","Read","Unruled+1","Revamp+1"],"picked":"Contraction+1","floor":19},{"not_picked":["TimeWarp+1","Comet","SpecialFormula","Rewind"],"picked":"ReturningBlade+1","floor":24},{"not_picked":["TimeTheft","Replace","Rearm","Ricochet","Spin"],"picked":"SKIP","floor":25},{"not_picked":["DoubleEdge+1","FastForward+1","ReturningBlade","Rewind+1","Potential+1"],"picked":"SKIP","floor":28},{"not_picked":["ShiftingGears","Deny","Barrier","ShatteredReality"],"picked":"FastForward","floor":29},{"not_picked":["Deadline","Alleviate","Revamp","SurpressingFire","Starlight"],"picked":"SKIP","floor":31},{"not_picked":["MurderousAura","TheWorld","LightFlow","Deny"],"picked":"Initiator","floor":33},{"not_picked":["DoubleEdge+1","GearUp","FanOfKnives","Potential","Revamp"],"picked":"SKIP","floor":35},{"not_picked":["RealityMarble","InstantArmor+1","Barrier","BottledTime+1","SurpressingFire"],"picked":"SKIP","floor":38},{"not_picked":["BottledTime","Contraction+1","SilverMatrix","DoubleEdge","Luminosity"],"picked":"SKIP","floor":40},{"not_picked":["SilverBlades+1","RealityMarble","Sunlight","Starlight"],"picked":"Shuttle+1","floor":42},{"not_picked":["WasteNot","ShatteredReality+1","Potential","Reset"],"picked":"SoulSculpture","floor":44},{"not_picked":["Contraction+1","Unruled","ShatteredReality+1","Starlight+1","Replace"],"picked":"SKIP","floor":48}],"player_experience":532287,"relics_obtained":[{"floor":1,"key":"SynthV:TestCard"},{"floor":4,"key":"Mummified Hand"},{"floor":7,"key":"Toy Ornithopter"},{"floor":9,"key":"Vajra"},{"floor":10,"key":"AT_SilvercatRing"},{"floor":13,"key":"Dota2Spire:LotusOrb"},{"floor":24,"key":"AT_ChloranthyRing"},{"floor":26,"key":"Dota2Spire:ArcaneBoots"},{"floor":28,"key":"Gambling Chip"},{"floor":31,"key":"Darkstone Periapt"},{"floor":40,"key":"AT_SpeedBoots"},{"floor":42,"key":"AT_BellowingDragoncrestRing"},{"floor":43,"key":"aspiration:SeaSaltIceCream"},{"floor":44,"key":"Nunchaku"}],"event_choices":[{"damage_healed":0,"gold_gain":0,"player_choice":"Got Potions","damage_taken":0,"max_hp_gain":0,"max_hp_loss":0,"event_name":"Lab","floor":12,"gold_loss":0},{"damage_healed":0,"gold_gain":0,"player_choice":"Ignored","damage_taken":0,"max_hp_gain":0,"max_hp_loss":0,"event_name":"Ghosts","floor":21,"gold_loss":0},{"damage_healed":0,"gold_gain":0,"player_choice":"HornCleat","damage_taken":0,"relics_obtained":["HornCleat"],"max_hp_gain":0,"max_hp_loss":0,"event_name":"blackbeard:ShipwreckEvent","floor":22,"gold_loss":0},{"damage_healed":0,"gold_gain":0,"player_choice":"Opened","damage_taken":0,"relics_obtained":["Dota2Spire:Satanic"],"max_hp_gain":0,"max_hp_loss":0,"event_name":"The Mausoleum","floor":30,"gold_loss":0},{"damage_healed":0,"gold_gain":0,"player_choice":"Memory 1","damage_taken":0,"max_hp_gain":0,"max_hp_loss":0,"event_name":"SensoryStone","floor":36,"gold_loss":0},{"damage_healed":0,"gold_gain":0,"player_choice":"Paid","damage_taken":0,"relics_obtained":["Red Mask"],"max_hp_gain":0,"max_hp_loss":0,"event_name":"Tomb of Lord Red Mask","floor":46,"gold_loss":354},{"damage_healed":0,"gold_gain":0,"player_choice":"Upgrade","damage_taken":0,"relics_obtained":["Mark of the Bloom"],"max_hp_gain":0,"max_hp_loss":0,"event_name":"MindBloom","floor":47,"gold_loss":0,"cards_upgraded":["Strike_S","Defend_S","Defend_S","Exchange","Luminosity","MurderousAura","ReturningBlade","FastForward"]}],"is_beta":false,"boss_relics":[{"not_picked":["ExusiaiGun","aspiration:PoetsPen"],"picked":"JellyFishMachine"},{"not_picked":["GreenFoldingFan","AddBug"],"picked":"AT_TrinityForce"}],"items_purged_floors":[0,27,37,39,41],"is_endless":false,"potions_floor_spawned":[7,8,11,14,19,28,29,33,38,40,42],"ascension_level":1}}