{"host":"lnrxyx1mebyhalma","time":1612136559,"event":{"mods":["2.2 Compatiblity","BaseMod","Block Reminder","Colored Powertips","Minty Spire (QoL Compilation)","Rare Cards Sparkle","Smile Girya","Weighted Paths"],"gold_per_floor":[115,115,127,127,202,237,237,265,289,323,1,16,31,45,45,142,142,161,161,186,196,196,226,226,254,254,281,293,74,74,39,39,134,134,149,149,165,1164,1184,1219,1219,1249,1321,1321,849,356,356,370,370,370],"floor_reached":51,"language":"PTB","playtime":2221,"items_purged":["Defend_B","Strike_B","Normality","Normality"],"score":871,"play_id":"eb106f94-2308-46e7-a4ba-c3473c5b2979","local_time":"20210131214239","is_ascension_mode":true,"campfire_choices":[{"data":"Leap","floor":7,"key":"SMITH"},{"floor":15,"key":"REST"},{"data":"Electrodynamics","floor":24,"key":"SMITH"},{"floor":28,"key":"REST"},{"floor":32,"key":"REST"},{"floor":41,"key":"REST"},{"floor":47,"key":"REST"},{"floor":49,"key":"REST"}],"circlet_count":0,"master_deck":["Strike_B","Strike_B","Strike_B","Defend_B+1","Defend_B","Defend_B","Zap","Dualcast","Hello World","Leap+1","Reinforced Body+1","Compile Driver","Aggregate","Consume","Leap","Beam Cell","Ball Lightning","Undo","Electrodynamics+1","Capacitor","Self Repair","Conserve Battery","Writhe","Go for the Eyes+1","Rebound","Loop","Doom and Gloom","Turbo","Defragment","Amplify","Stack+1","Chaos+1","Loop","Blizzard","Blizzard","Defragment","Core Surge","Mayhem","Conserve Battery","Force Field"],"relics":["FrozenCore","NeowsBlessing","Toy Ornithopter","Juzu Bracelet","Sundial","Runic Capacitor","Velvet Choker","Strawberry","Matryoshka","Pantograph","Letter Opener","MawBank","Ice Cream","Nloth\u0027s Gift","Bronze Scales","Anchor","Bag of Preparation","Mummified Hand","War Paint"],"acts_visited":["Exordium","TheCity","TheBeyond"],"potions_floor_usage":[14,23,33,33,33,40,40,50,50],"damage_taken":[{"damage":0,"enemies":"2 Louse","floor":1,"turns":1},{"damage":0,"enemies":"Small Slimes","floor":3,"turns":1},{"damage":0,"enemies":"Gremlin Nob","floor":6,"turns":1},{"damage":9,"enemies":"Lagavulin","floor":8,"turns":6},{"damage":46,"enemies":"Gremlin Nob","floor":10,"turns":5},{"damage":0,"enemies":"Jaw Worm","floor":12,"turns":2},{"damage":1,"enemies":"Looter","floor":13,"turns":4},{"damage":13,"enemies":"Exordium Thugs","floor":14,"turns":4},{"damage":5,"enemies":"Hexaghost","floor":16,"turns":9},{"damage":10,"enemies":"3 Byrds","floor":18,"turns":3},{"damage":20,"enemies":"Spheric Guardian","floor":21,"turns":4},{"damage":34,"enemies":"Gremlin Leader","floor":23,"turns":8},{"damage":23,"enemies":"Book of Stabbing","floor":25,"turns":5},{"damage":11,"enemies":"Cultist and Chosen","floor":27,"turns":6},{"damage":73,"enemies":"Automaton","floor":33,"turns":8},{"damage":13,"enemies":"Orb Walker","floor":35,"turns":4},{"damage":49,"enemies":"3 Shapes","floor":37,"turns":4},{"damage":11,"enemies":"Sphere and 2 Shapes","floor":39,"turns":6},{"damage":10,"enemies":"Nemesis","floor":40,"turns":7},{"damage":49,"enemies":"Giant Head","floor":42,"turns":13},{"damage":8,"enemies":"Transient","floor":48,"turns":5},{"damage":71,"enemies":"Donu and Deca","floor":50,"turns":8}],"seed_played":"7024743822505327276","potions_obtained":[{"floor":1,"key":"GamblersBrew"},{"floor":6,"key":"Energy Potion"},{"floor":13,"key":"Weak Potion"},{"floor":14,"key":"CultistPotion"},{"floor":27,"key":"SpeedPotion"},{"floor":33,"key":"Strength Potion"},{"floor":39,"key":"FocusPotion"},{"floor":40,"key":"FairyPotion"},{"floor":42,"key":"Dexterity Potion"}],"is_trial":false,"path_per_floor":["M","?","M","?","?","E","R","E","T","E","$","M","M","M","R","B",null,"M","?","T","M","?","E","R","E","T","M","R","$","?","$","R","B",null,"M","?","M","?","M","E","R","E","T","?","$","$","R","M","R","B",null],"character_chosen":"DEFECT","items_purchased":["Runic Capacitor","Consume","Leap","Doom and Gloom","Turbo","Defragment","Blizzard","War Paint","PowerPotion","Defragment","Core Surge","Mayhem","Conserve Battery"],"campfire_rested":6,"item_purchase_floors":[11,11,11,29,29,31,45,45,45,45,46,46,46],"current_hp_per_floor":[75,75,75,80,69,69,69,60,60,14,14,14,13,5,29,24,80,70,70,77,64,64,42,42,26,26,22,48,48,48,48,74,26,87,81,81,32,32,28,35,59,17,17,17,17,17,41,40,64,22],"gold":370,"neow_bonus":"THREE_ENEMY_KILL","is_daily":false,"chose_seed":false,"campfire_upgraded":2,"win_rate":0.0,"timestamp":1612136559,"path_taken":["M","?","M","?","?","E","R","E","T","E","$","M","M","M","R","BOSS","M","?","?","M","?","E","R","E","T","M","R","$","?","?","R","BOSS","M","?","M","?","M","E","R","E","T","?","?","$","R","M","R","BOSS"],"items_purchased_type":["Relic","Card","Card","Card","Card","Card","Card","Relic","Potion","Card","Card","Card","Card"],"build_version":"2020-12-22","purchased_purges":4,"victory":true,"max_hp_per_floor":[75,75,75,80,80,80,80,80,80,80,80,80,80,80,80,80,80,80,80,87,87,87,87,87,87,87,87,87,87,87,87,87,87,87,87,83,83,83,83,83,83,83,83,83,83,83,83,83,83,83],"card_choices":[{"not_picked":["Double Energy","Blizzard"],"picked":"Hello World","floor":1},{"not_picked":["Steam","Loop"],"picked":"Leap","floor":3},{"not_picked":["Barrage","Leap"],"picked":"Reinforced Body","floor":6},{"not_picked":["Hologram","Cold Snap"],"picked":"Compile Driver","floor":8},{"not_picked":["Chaos","Reprogram"],"picked":"Aggregate","floor":10},{"not_picked":["Reinforced Body","Streamline"],"picked":"Beam Cell","floor":12},{"not_picked":["Hello World","Redo"],"picked":"Ball Lightning","floor":13},{"not_picked":["Stack","Barrage"],"picked":"Undo","floor":14},{"not_picked":["Core Surge","Machine Learning"],"picked":"Electrodynamics","floor":16},{"not_picked":["Reinforced Body","Rip and Tear"],"picked":"Capacitor","floor":18},{"not_picked":["Steam Power+1","Coolheaded+1"],"picked":"Conserve Battery","floor":21},{"not_picked":["Hologram+1","Stack+1"],"picked":"Go for the Eyes+1","floor":23},{"not_picked":["Go for the Eyes","Sunder"],"picked":"Rebound","floor":25},{"not_picked":["Hologram","Coolheaded"],"picked":"Loop","floor":27},{"not_picked":["Machine Learning","Creative AI"],"picked":"Amplify","floor":33},{"not_picked":["Blizzard+1","Self Repair+1"],"picked":"Stack+1","floor":35},{"not_picked":["Hologram+1","Redo+1"],"picked":"Chaos+1","floor":37},{"not_picked":["Genetic Algorithm+1","Scrape","Steam"],"picked":"SKIP","floor":39},{"not_picked":["Gash+1","Cold Snap+1"],"picked":"Loop","floor":40},{"not_picked":["Aggregate","Fission"],"picked":"Blizzard","floor":42},{"not_picked":["Streamline+1","Capacitor"],"picked":"Force Field","floor":48}],"player_experience":99916,"relics_obtained":[{"floor":6,"key":"Toy Ornithopter"},{"floor":8,"key":"Pen Nib"},{"floor":9,"key":"Juzu Bracelet"},{"floor":10,"key":"Sundial"},{"floor":20,"key":"Strawberry"},{"floor":23,"key":"Pantograph"},{"floor":25,"key":"Letter Opener"},{"floor":26,"key":"MawBank"},{"floor":26,"key":"Ice Cream"},{"floor":40,"key":"Bronze Scales"},{"floor":42,"key":"Anchor"},{"floor":43,"key":"Bag of Preparation"},{"floor":43,"key":"Mummified Hand"}],"event_choices":[{"damage_healed":0,"gold_gain":0,"player_choice":"Ignored","damage_taken":0,"max_hp_gain":0,"max_hp_loss":0,"event_name":"Liars Game","floor":2,"gold_loss":0},{"damage_healed":0,"gold_gain":0,"player_choice":"Donut","damage_taken":0,"max_hp_gain":5,"max_hp_loss":0,"event_name":"Big Fish","floor":4,"gold_loss":0},{"damage_healed":0,"gold_gain":75,"player_choice":"Gather Gold","damage_taken":11,"max_hp_gain":0,"max_hp_loss":0,"event_name":"World of Goop","floor":5,"gold_loss":0},{"damage_healed":0,"gold_gain":0,"player_choice":"Read","damage_taken":0,"max_hp_gain":0,"max_hp_loss":0,"event_name":"The Library","floor":19,"gold_loss":0,"cards_obtained":["Self Repair"]},{"damage_healed":0,"gold_gain":0,"player_choice":"Opened","damage_taken":0,"relics_obtained":["Matryoshka"],"max_hp_gain":0,"max_hp_loss":0,"event_name":"The Mausoleum","floor":22,"gold_loss":0,"cards_obtained":["Writhe"]},{"damage_healed":0,"gold_gain":0,"player_choice":"Traded Relic","damage_taken":0,"relics_obtained":["Nloth\u0027s Gift"],"max_hp_gain":0,"max_hp_loss":0,"event_name":"N\u0027loth","floor":30,"relics_lost":["Pen Nib"],"gold_loss":0},{"damage_healed":0,"gold_gain":0,"player_choice":"Max HP","damage_taken":0,"max_hp_gain":0,"max_hp_loss":4,"event_name":"Winding Halls","floor":36,"gold_loss":0},{"damage_healed":0,"gold_gain":999,"player_choice":"Gold","damage_taken":0,"max_hp_gain":0,"max_hp_loss":0,"event_name":"MindBloom","floor":38,"gold_loss":0,"cards_obtained":["Normality","Normality"]},{"damage_healed":0,"gold_gain":0,"player_choice":"Ignored","damage_taken":0,"max_hp_gain":0,"max_hp_loss":0,"event_name":"Tomb of Lord Red Mask","floor":44,"gold_loss":0}],"is_beta":false,"boss_relics":[{"not_picked":["Busted Crown","Sozu"],"picked":"Velvet Choker"},{"not_picked":["Inserter","Snecko Eye"],"picked":"FrozenCore"}],"items_purged_floors":[11,29,45,46],"is_endless":false,"potions_floor_spawned":[1,6,13,14,27,33,39,40,42],"ascension_level":1}}