{"host":"nowlnq08cups5y6x","time":1612119734,"event":{"mods":["2.2 Compatiblity","AchievementEnabler","Aspiration","BaseMod","Beaked The Cultist","Better Altar","Better Match","Better Note","Better Sensory Stone","Better Silent Start","Better Skull","Better Third Choice","BetterRewards","Card Forge","Colored Map","Colored Powertips","Conspire","Curses Come First","Defuse TimeMaze Blight","Energized Spire","Gold Saver","Grow up Mod","Halation","Highlight Path","Hubris","Infinite Spire","Minty Spire (QoL Compilation)","Permanent Neow","Rare Cards Sparkle","Reliquary","Remove Card Discount Mod","Replay The Spire","SacredBarkPlus","Shop Mod","Spicy Shops","StS++","StSLib","The Cursed","Transform Curses","UnlockEverythingMod"],"gold_per_floor":[10,20,20,33,43,77,77,28,28,28,28,47,47,79,79,182,182,200,212,224,234,234,264,275,22,425,425,443,470,486,496,496,599,599,615,615,615,642,661,689,707,740,763,774,788,816,816,828,828,828],"floor_reached":51,"language":"ENG","playtime":6453,"items_purged":[],"score":993,"play_id":"89f7945b-9ca9-4ea7-a552-967d829c0553","local_time":"20210131140214","is_ascension_mode":false,"campfire_choices":[{"floor":7,"key":"REST"},{"data":"Defragment","floor":11,"key":"SMITH"},{"floor":47,"key":"REST"}],"circlet_count":0,"master_deck":["Strike_B","Strike_B","Defend_B","Defend_B","Defend_B","Defend_B","Zap+1","Dualcast+1","ReplayGash+1","Ball Lightning+1","Streamline+1","Defragment+1","Glacier+1","Ball Lightning+1","Hologram+1","Rebound+1","Echo Form+1","Blade Dance+1","hubris:Sniper+1","hubris:TrickCloak+1","hubris:SlightOfHand+1","Reboot+1","Night Terror+1","Blade Dance+1","FIFO Queue+1","infinitespire:Collect+1","infinitespire:NeuralNetwork+1","hubris:DuctTapeCard+2","hubris:Counter+1","Rip and Tear+1","Ball Lightning+1","Corpse Explosion+1","Thunder Strike+1","Endless Agony+1","Jack Of All Trades+1","Discovery+1","infinitespire:FinalStrike+1","Ball Lightning+1","StSpp:Igniter+1","BasicCrystalCard+1","hubris:Prefetch+1","Gash+1","conspire:DoublingDagger+1","ReplayTheSpireMod:Scrap Shanks+1","Tempest+1","Acrobatics+1"],"relics":["Cracked Core","Hammer of Thor","Seething Fire","Anvil of the Gods","hubris:MedicalManual","Replay:WaspNest","Bag of Marbles","Ring of Peace","ReplayTheSpireMod:Ring of Collecting","aspiration:SilentSkillbook","Nloth\u0027s Gift","Replay:PocketPolymizer","aspiration:EnhancedActuators","Ring of Greed","Old Coin","Golden Egg","ReplayTheSpireMod:Lightbulb","hubris:DuctTape","Counterbalance","reliquary:Craggleroot","Ring of Panic","reliquary:Knoch","Calipers","StSpp:BrokenTotem","reliquary:SilkGlove","StoneCalendar","hubris:Icosahedron"],"acts_visited":["Exordium","TheCity","TheBeyond"],"potions_floor_usage":[16,18,23,29,33,39,40,50],"damage_taken":[{"damage":13,"enemies":"infinitespire:Voidling","floor":1,"turns":3},{"damage":6,"enemies":"Cultist","floor":2,"turns":3},{"damage":1,"enemies":"Jaw Worm","floor":4,"turns":3},{"damage":8,"enemies":"Large Slime","floor":5,"turns":3},{"damage":16,"enemies":"Replay:BlueRogue","floor":6,"turns":4},{"damage":0,"enemies":"2 Fungi Beasts","floor":12,"turns":3},{"damage":10,"enemies":"3 Sentries","floor":14,"turns":5},{"damage":0,"enemies":"Slime Boss","floor":16,"turns":7},{"damage":20,"enemies":"Spheric Guardian","floor":18,"turns":4},{"damage":10,"enemies":"Shell Parasite","floor":19,"turns":4},{"damage":26,"enemies":"3 Cultists","floor":20,"turns":5},{"damage":27,"enemies":"Centurion and Healer","floor":21,"turns":5},{"damage":18,"enemies":"conspire:Head Lice","floor":23,"turns":7},{"damage":0,"enemies":"conspire:HollyBat","floor":24,"turns":7},{"damage":37,"enemies":"Sentry and Sphere","floor":28,"turns":5},{"damage":15,"enemies":"Replay:Snechameleon","floor":29,"turns":4},{"damage":19,"enemies":"Chosen and Byrds","floor":30,"turns":4},{"damage":50,"enemies":"3 Cultists","floor":31,"turns":5},{"damage":29,"enemies":"hubris:MusketHawk","floor":33,"turns":6},{"damage":8,"enemies":"3 Shapes","floor":35,"turns":4},{"damage":12,"enemies":"3 Darklings","floor":39,"turns":4},{"damage":69,"enemies":"Reptomancer","floor":40,"turns":4},{"damage":12,"enemies":"Transient","floor":41,"turns":5},{"damage":71,"enemies":"Giant Head","floor":42,"turns":7},{"damage":3,"enemies":"Spire Growth","floor":44,"turns":3},{"damage":34,"enemies":"3 Darklings","floor":45,"turns":4},{"damage":52,"enemies":"Reptomancer","floor":46,"turns":5},{"damage":4,"enemies":"Maw","floor":48,"turns":6},{"damage":74,"enemies":"infinitespire:MassOfShapes","floor":50,"turns":7}],"seed_played":"-5583389749630274520","potions_obtained":[{"floor":2,"key":"Weak Potion"},{"floor":5,"key":"Energy Potion"},{"floor":12,"key":"StSpp:SecondWindPotion"},{"floor":16,"key":"FearPotion"},{"floor":21,"key":"SkillPotion"},{"floor":24,"key":"EssenceOfDarkness"},{"floor":30,"key":"Energy Potion"},{"floor":33,"key":"Fire Potion"},{"floor":39,"key":"LiquidMemories"},{"floor":40,"key":"Reflective Coating"}],"is_trial":false,"path_per_floor":["M","M","$","M","M","E","R","$","T","?","R","M","$","E","R","B",null,"M","M","M","M","?","E","M","$","T","AVR","M","E","M","M","R_BF","B",null,"M","?","?","T","M","E","M","E","T","M","M","E","R","M","R_BF","B",null],"character_chosen":"DEFECT","items_purchased":["Ball Lightning","Blade Dance","FIFO Queue","aspiration:EnhancedActuators"],"campfire_rested":2,"item_purchase_floors":[8,25,25,25],"current_hp_per_floor":[82,86,96,105,107,101,154,164,174,184,194,204,214,214,224,234,255,245,245,229,212,222,214,224,234,244,254,227,222,213,173,301,282,425,427,437,447,457,455,396,394,333,343,350,326,284,457,463,473,409],"gold":828,"neow_bonus":"ONE_RARE_RELIC","is_daily":false,"chose_seed":false,"campfire_upgraded":1,"win_rate":0.0,"timestamp":1612119734,"path_taken":["M","M","$","?","M","E","R","?","T","?","R","M","$","E","R","BOSS","M","M","M","M","?","E","?","?","T","AVR","M","E","M","M","R_BF","BOSS","M","?","?","?","M","E","?","E","T","M","M","E","R","M","R_BF","BOSS"],"items_purchased_type":["Card","Card","Card","Relic"],"build_version":"2020-12-22","purchased_purges":0,"victory":true,"max_hp_per_floor":[95,105,115,125,135,145,155,165,175,185,195,205,215,225,235,245,255,265,275,285,295,305,315,325,335,345,355,365,375,385,395,405,415,425,435,445,455,465,475,485,495,505,515,525,535,545,555,565,575,585],"card_choices":[{"not_picked":["Leap","Go for the Eyes"],"picked":"ReplayGash","floor":1},{"not_picked":["Defragment","conspire:SharedLibrary"],"picked":"Ball Lightning","floor":2},{"not_picked":["Conserve Battery","Beam Cell"],"picked":"Streamline","floor":4},{"not_picked":["Turbo","Go for the Eyes"],"picked":"Defragment","floor":5},{"not_picked":["Beam Cell","Sunder"],"picked":"Glacier","floor":6},{"not_picked":["Coolheaded","Cold Snap"],"picked":"Hologram","floor":12},{"not_picked":["Self Repair","ReplayTheSpireMod:Repulse"],"picked":"Rebound","floor":14},{"not_picked":["Multi-Cast","Reboot"],"picked":"Echo Form","floor":16},{"not_picked":["Draining Mist","ReplayTheSpireMod:Calculation Training","Escape Plan+1"],"picked":"Blade Dance","floor":18},{"not_picked":["Leap","Beam Cell","Turbo"],"picked":"hubris:Sniper+1","floor":19},{"not_picked":["StSpp:PoisonousPunch","StSpp:Channeliser","ReplayTheSpireMod:Omega Cannon"],"picked":"hubris:TrickCloak","floor":20},{"not_picked":["Flechettes+1","Blizzard+1","PiercingWail"],"picked":"hubris:SlightOfHand","floor":21},{"not_picked":["Steam Power","StSpp:StrikeFirst","Replay:Bag of Tricks"],"picked":"Reboot","floor":23},{"not_picked":["Underhanded Strike+1","Rainbow","Conserve Battery"],"picked":"Night Terror","floor":24},{"not_picked":["Force Field","Glacier","Gash"],"picked":"hubris:Counter","floor":28},{"not_picked":["Backflip","Beam Cell","StSpp:StrikeFirst"],"picked":"Rip and Tear","floor":29},{"not_picked":["ReplayTheSpireMod:Tripwire","hubris:SlightOfHand","Panic Button"],"picked":"Ball Lightning","floor":30},{"not_picked":["Sneak Up","Footwork","Beam Cell+1"],"picked":"Corpse Explosion","floor":31},{"not_picked":["Doppelganger","Core Surge","StSpp:AbandonFlesh"],"picked":"Thunder Strike","floor":33},{"not_picked":["Deadly Poison+1","Masterful Stab","Dodge and Roll+1"],"picked":"Endless Agony","floor":35},{"not_picked":["Dramatic Entrance","Midas Touch","Master of Strategy"],"picked":"Jack Of All Trades","floor":36},{"not_picked":["Transmutation","Good Instincts","hubris:Ssssneak"],"picked":"Discovery","floor":36},{"not_picked":["infinitespire:Execution","ReplayTheSpireMod:Chaos Vortex"],"picked":"infinitespire:FinalStrike","floor":37},{"not_picked":["Beam Cell+1","StSpp:Dive","Sunder+1"],"picked":"Ball Lightning","floor":39},{"not_picked":["Storm of Steel","hubris:DoWhile","Envenom"],"picked":"StSpp:Igniter","floor":40},{"not_picked":["Backflip","StSpp:PoisonousPunch+1","Streamline+1"],"picked":"BasicCrystalCard","floor":41},{"not_picked":["StSpp:Converter","Reprogram","Replay:Poison Smokescreen+1"],"picked":"hubris:Prefetch","floor":42},{"not_picked":["Cloak And Dagger","Caltrops+1","Wraith Form v2"],"picked":"Gash+1","floor":44},{"not_picked":["Well Laid Plans+1","Slice+1","Coolheaded+1"],"picked":"conspire:DoublingDagger+1","floor":45},{"not_picked":["Dagger Throw+1","StSpp:MemoryLeak","StSpp:ChainedTrap"],"picked":"ReplayTheSpireMod:Scrap Shanks","floor":46},{"not_picked":["Steam Power","Sweeping Beam+1","StSpp:Dive"],"picked":"Acrobatics","floor":48}],"player_experience":500613,"relics_obtained":[{"floor":6,"key":"Replay:WaspNest"},{"floor":9,"key":"Bag of Marbles"},{"floor":10,"key":"Ring of Peace"},{"floor":10,"key":"ReplayTheSpireMod:Ring of Collecting"},{"floor":14,"key":"Art of War"},{"floor":23,"key":"Replay:PocketPolymizer"},{"floor":26,"key":"Ring of Greed"},{"floor":26,"key":"Old Coin"},{"floor":26,"key":"Golden Egg"},{"floor":26,"key":"ReplayTheSpireMod:Lightbulb"},{"floor":29,"key":"Counterbalance"},{"floor":38,"key":"Ring of Panic"},{"floor":38,"key":"reliquary:Knoch"},{"floor":40,"key":"Calipers"},{"floor":42,"key":"StSpp:BrokenTotem"},{"floor":43,"key":"reliquary:SilkGlove"},{"floor":46,"key":"StoneCalendar"}],"event_choices":[{"damage_healed":0,"gold_gain":0,"player_choice":"Traded Relic","damage_taken":0,"relics_obtained":["Nloth\u0027s Gift"],"max_hp_gain":0,"max_hp_loss":0,"event_name":"N\u0027loth","floor":22,"relics_lost":["Art of War"],"gold_loss":0},{"damage_healed":0,"gold_gain":3,"player_choice":"1","damage_taken":0,"max_hp_gain":0,"max_hp_loss":0,"event_name":"betterStone:BetterStone","floor":36,"gold_loss":0}],"is_beta":false,"boss_relics":[{"not_picked":["reliquary:Ember","energizedSpire:DeadBattery"],"picked":"aspiration:SilentSkillbook"},{"not_picked":["StSpp:PileOfSugar","Painkiller Herb"],"picked":"reliquary:Craggleroot"}],"items_purged_floors":[],"is_endless":false,"potions_floor_spawned":[2,5,12,16,20,21,24,30,33,39,40,44],"ascension_level":0}}