{"host":"6xsbn6ynqlzwllfm","time":1612090621,"event":{"mods":["2.2 Compatiblity","BaseMod","Bestiary","Colored Map","Colored Powertips","Curses Come First","Highlight Path","Keyboard Shortcuts","Minty Spire (QoL Compilation)","Relic Stats","Slay the Relics Exporter","StSLib","SuperFastMode"],"gold_per_floor":[365,375,375,392,110,110,137,137,186,5,5,5],"floor_reached":11,"language":"ENG","playtime":256,"items_purged":["Strike_P"],"score":192,"play_id":"0eb62e4e-d4a4-4e9e-b7ae-3e6039b89eba","local_time":"20210131055701","is_ascension_mode":true,"campfire_choices":[{"floor":6,"key":"REST"}],"circlet_count":0,"master_deck":["AscendersBane","Strike_P","Strike_P","Strike_P+1","Defend_P","Defend_P","Defend_P","Defend_P","Eruption","Vigilance","TalkToTheHand","FlurryOfBlows+1","BowlingBash","WaveOfTheHand","Halt","FollowUp"],"relics":["PureWater","ClockworkSouvenir","Bag of Preparation","Bag of Marbles","PreservedInsect","Membership Card"],"acts_visited":["Exordium"],"potions_floor_usage":[7],"damage_taken":[{"damage":6,"enemies":"2 Louse","floor":1,"turns":4},{"damage":0,"enemies":"Small Slimes","floor":2,"turns":3},{"damage":0,"enemies":"Jaw Worm","floor":4,"turns":4},{"damage":0,"enemies":"Gremlin Nob","floor":7,"turns":2},{"damage":12,"enemies":"Lagavulin","floor":11,"turns":8}],"seed_played":"-4996103572118746318","potions_obtained":[{"floor":1,"key":"AttackPotion"}],"is_trial":false,"path_per_floor":["M","M","?","M","$","R","E","?","T","$","E"],"character_chosen":"WATCHER","items_purchased":["ClockworkSouvenir","WaveOfTheHand","Membership Card","FollowUp"],"campfire_rested":1,"item_purchase_floors":[5,5,10,10],"current_hp_per_floor":[37,37,17,17,17,37,37,11,11,11,0,0],"gold":5,"neow_bonus":"TWO_FIFTY_GOLD","is_daily":false,"chose_seed":false,"campfire_upgraded":0,"win_rate":0.0,"timestamp":1612090621,"path_taken":["M","M","?","M","$","R","E","?","T","$","E"],"items_purchased_type":["Relic","Card","Relic","Card"],"build_version":"2020-12-22","purchased_purges":1,"victory":false,"max_hp_per_floor":[68,68,68,68,68,68,68,68,68,68,68,68],"relic_stats":{"counters":[5,21],"PreservedInsect":28,"Bag of Preparation":[2],"obtain_stats":[{"PreservedInsect":9,"Bag of Preparation":7,"Bag of Marbles":8,"Membership Card":10,"PureWater":0,"ClockworkSouvenir":5},{"PreservedInsect":4,"Bag of Preparation":4,"Bag of Marbles":4,"Membership Card":4,"PureWater":0,"ClockworkSouvenir":3},{"PreservedInsect":13,"Bag of Preparation":13,"Bag of Marbles":13,"Membership Card":13,"PureWater":0,"ClockworkSouvenir":11}]},"card_choices":[{"not_picked":["WreathOfFlame","Protect"],"picked":"TalkToTheHand","floor":1},{"not_picked":["PathToVictory","SashWhip"],"picked":"FlurryOfBlows","floor":2},{"not_picked":["Judgement","Prostrate"],"picked":"BowlingBash","floor":4},{"not_picked":["InnerPeace","ThirdEye"],"picked":"Halt","floor":7}],"player_experience":1340947,"relics_obtained":[{"floor":7,"key":"Bag of Preparation"},{"floor":9,"key":"PreservedInsect"}],"event_choices":[{"damage_healed":0,"gold_gain":0,"player_choice":"Entered Light","damage_taken":20,"max_hp_gain":0,"max_hp_loss":0,"event_name":"Shining Light","floor":3,"gold_loss":0,"cards_upgraded":["FlurryOfBlows","Strike_P"]},{"damage_healed":0,"gold_gain":0,"player_choice":"Success","damage_taken":26,"relics_obtained":["Bag of Marbles"],"max_hp_gain":0,"max_hp_loss":0,"event_name":"Scrap Ooze","floor":8,"gold_loss":0}],"is_beta":false,"boss_relics":[],"items_purged_floors":[5],"is_endless":false,"potions_floor_spawned":[1],"killed_by":"Lagavulin","ascension_level":20}}