{"host":"exhp4inpfmbngj23","time":1612065979,"event":{"mods":["Abigail Mod","BaseMod","Beaked The Cultist","Downfall","Friendly Minions","Kiyohime????","Minty Spire (QoL Compilation)","StSLib","The Alterego"],"gold_per_floor":[199,212,222,222,284,184,211,211,245,262,302,329,129,167,194,302,302,302,317,339,367,367,367,367],"floor_reached":23,"language":"ENG","playtime":1736,"items_purged":[],"score":273,"play_id":"e3679ae7-599d-40b1-912c-f2f6558d52cd","local_time":"20210130200619","is_ascension_mode":true,"campfire_choices":[{"floor":1,"key":"RECALL"},{"floor":6,"key":"REST"},{"data":"Slimebound:TongueLash","floor":13,"key":"SMITH"},{"data":"Slimebound:FirmFortitude","floor":18,"key":"SMITH"}],"circlet_count":0,"master_deck":["Slimebound:Strike_Slimebound","Slimebound:Strike_Slimebound","Slimebound:Strike_Slimebound","Slimebound:Tackle","Slimebound:Defend_Slimebound","Slimebound:Defend_Slimebound","Slimebound:Defend_Slimebound","Slimebound:Defend_Slimebound","Slimebound:Split+1","Slimebound:CorrosiveSpit","Slimebound:SplitLeeching","Slimebound:HauntingLick","Slimebound:SamplingLick","Slimebound:GoopSpray","Slimebound:TongueLash+1","Slimebound:Schlurp","Slimebound:RollThrough","Slimebound:Repurpose","Slimebound:FirmFortitude+1","Slimebound:MassRepurpose","Slimebound:LevelUp+1","Slimebound:SplitAcid"],"relics":["Slimebound:AbsorbEndCombat","The Courier","downfall:HeartBlessingRed","Ancient Tea Set","CeramicFish","downfall:HeartBlessingGreen","downfall:HeartBlessingBlue","Orichalcum","SacredBark"],"acts_visited":["Exordium","TheCity"],"potions_floor_usage":[11,11],"damage_taken":[{"damage":1,"enemies":"Jaw Worm","floor":2,"turns":4},{"damage":0,"enemies":"2 Louse","floor":3,"turns":2},{"damage":45,"enemies":"Lagavulin Event","floor":5,"turns":8},{"damage":11,"enemies":"3 Sentries","floor":9,"turns":7},{"damage":0,"enemies":"Small Slimes","floor":10,"turns":3},{"damage":3,"enemies":"Gremlin Nob","floor":11,"turns":3},{"damage":0,"enemies":"2 Fungi Beasts","floor":12,"turns":2},{"damage":0,"enemies":"3 Sentries","floor":14,"turns":4},{"damage":0,"enemies":"3 Louse","floor":15,"turns":3},{"damage":25,"enemies":"WA_ARCHETYPE_RETAIN","floor":16,"turns":8},{"damage":22,"enemies":"3 Byrds","floor":19,"turns":6},{"damage":4,"enemies":"Chosen","floor":20,"turns":4},{"damage":9,"enemies":"Snake Plant","floor":21,"turns":4},{"damage":57,"enemies":"Slavers","floor":23,"turns":3}],"seed_played":"7663036052390159195","potions_obtained":[{"floor":5,"key":"Swift Potion"},{"floor":10,"key":"ColorlessPotion"},{"floor":15,"key":"Ancient Potion"},{"floor":16,"key":"Guardian:BlockOnCardUsePotion"}],"is_trial":false,"path_per_floor":["R","M","M","?","?","R","T","?","E","M","E","M","R","E","M","B",null,"R","M","M","M","?","E"],"character_chosen":"SLIMEBOUND","items_purchased":[],"campfire_rested":1,"item_purchase_floors":[],"current_hp_per_floor":[65,65,65,70,29,50,50,50,41,47,48,52,62,68,72,55,80,80,62,60,55,55,0,0],"gold":367,"neow_bonus":"HUNDRED_GOLD","is_daily":false,"chose_seed":false,"campfire_upgraded":2,"win_rate":0.0,"timestamp":1612065979,"path_taken":["R","M","M","?","?","R","T","?","E","?","E","M","R","E","M","BOSS","R","M","M","M","?","E"],"items_purchased_type":[],"build_version":"2020-12-22","purchased_purges":0,"victory":false,"max_hp_per_floor":[65,65,65,70,70,70,70,70,70,70,70,70,80,80,80,80,80,80,80,80,80,80,80,80],"card_choices":[{"not_picked":["Slimebound:SlimeBrawl","Slimebound:Prepare"],"picked":"Slimebound:SplitLeeching","floor":2},{"not_picked":["Slimebound:LivingWall","Slimebound:ComboTackle"],"picked":"Slimebound:HauntingLick","floor":3},{"not_picked":["Slimebound:SplitLeeching","Slimebound:LeechEnergy"],"picked":"Slimebound:SamplingLick","floor":5},{"not_picked":["Slimebound:Prepare","Slimebound:SplitMire"],"picked":"Slimebound:GoopSpray","floor":9},{"not_picked":["Slimebound:RejuvenatingLick","Slimebound:GoopSpray"],"picked":"Slimebound:TongueLash","floor":10},{"not_picked":["Slimebound:GoopTackle","Slimebound:OneTwoCombo"],"picked":"Slimebound:Schlurp","floor":11},{"not_picked":["Slimebound:SplitBruiser","Slimebound:FinishingTackle"],"picked":"Slimebound:RollThrough","floor":12},{"not_picked":["Slimebound:LeechEnergy","Slimebound:SplitBruiser"],"picked":"Slimebound:Repurpose","floor":14},{"not_picked":["Slimebound:Schlurp","Slimebound:SplitAcid"],"picked":"Slimebound:FirmFortitude","floor":15},{"not_picked":["Slimebound:SlimeSlap","Slimebound:SelfFormingGoo"],"picked":"Slimebound:MassRepurpose","floor":16},{"not_picked":["Slimebound:LeechingTouch","Slimebound:Chomp+1","Slimebound:Dissolve"],"picked":"SKIP","floor":19},{"not_picked":["Slimebound:FormOfPuddle+1","Slimebound:BestDefense"],"picked":"Slimebound:LevelUp+1","floor":20},{"not_picked":["Slimebound:FinishingTackle","Slimebound:ViciousTackle"],"picked":"Slimebound:SplitAcid","floor":21}],"player_experience":2084888,"relics_obtained":[{"floor":5,"key":"The Courier"},{"floor":9,"key":"Ancient Tea Set"},{"floor":11,"key":"CeramicFish"},{"floor":14,"key":"Orichalcum"}],"event_choices":[{"damage_healed":0,"gold_gain":0,"player_choice":"Donut","damage_taken":0,"max_hp_gain":5,"max_hp_loss":0,"event_name":"Big Fish","floor":4,"gold_loss":0},{"damage_healed":0,"gold_gain":0,"player_choice":"Forge","damage_taken":0,"max_hp_gain":0,"max_hp_loss":0,"event_name":"Accursed Blacksmith","floor":8,"gold_loss":0,"cards_upgraded":["Slimebound:Split"]}],"is_beta":false,"boss_relics":[{"not_picked":["Velvet Choker","Coffee Dripper"],"picked":"SacredBark"}],"items_purged_floors":[],"is_endless":false,"potions_floor_spawned":[5,10,15,16],"killed_by":"Slavers","ascension_level":1}}