{"host":"ml2ro5l6hu6y0pll","time":1612052002,"event":{"mods":["AchievementEnabler","BaseMod","Colored Map","Colored Powertips","Custom Start","Googly Eyes","Minty Spire (QoL Compilation)","Quick Restart","Rare Cards Sparkle","Relic Stats","Reliquary","StSLib","everything is the same but u backflip on backflip"],"gold_per_floor":[111,111,122,136,29,54,54,87,87,99,131,131,131,144,144,215,215,229,229,239,239,18,45,45,70,70,105,105,121,146,17,17,93,93,104,115,115,115,126,152,169,200,227,227,256,267,267,282,282,282,282,282,282,188,214,214],"floor_reached":57,"language":"ENG","playtime":2943,"items_purged":[],"score":3401,"play_id":"c4ca4e01-cb8b-44b1-8623-6ecbc793501a","local_time":"20210131001322","is_ascension_mode":true,"campfire_choices":[{"data":"TalkToTheHand","floor":7,"key":"SMITH"},{"data":"Meditate","floor":13,"key":"SMITH"},{"data":"Conclude","floor":15,"key":"SMITH"},{"data":"Blasphemy","floor":24,"key":"SMITH"},{"data":"SpiritShield","floor":32,"key":"SMITH"},{"data":"CutThroughFate","floor":44,"key":"SMITH"},{"floor":47,"key":"RECALL"},{"data":"Crescendo","floor":49,"key":"SMITH"},{"data":"CutThroughFate","floor":53,"key":"SMITH"}],"circlet_count":0,"master_deck":["Crescendo+1","ClearTheMind","ThirdEye","Vigilance","ThirdEye","ThirdEye","Consecrate","FlurryOfBlows","Weave","CutThroughFate+1","CutThroughFate+1","Weave","Tantrum","TalkToTheHand+1","CutThroughFate","Conclude+1","ThirdEye","Meditate+1","Wallop+1","Protect","SpiritShield+1","JustLucky+1","Blasphemy+1","Protect","TalkToTheHand+1","FearNoEvil+1","Fasting2+1","Finesse","TalkToTheHand+1","Wallop+1","Adaptation+1","Fasting2+1"],"relics":["PureWater","OrangePellets","Membership Card","Shuriken","The Courier","Kunai","Frozen Egg 2","Torii","Bottled Flame","Molten Egg 2","Regal Pillow","FaceOfCleric","Cursed Key","Bag of Marbles","Incense Burner","reliquary:IridiumChain","reliquary:TridentHead","Omamori","MutagenicStrength","White Beast Statue","Toolbox","reliquary:RoseTintedGlasses","VioletLotus","reliquary:BallBearing","HornCleat","Pear","Oddly Smooth Stone","reliquary:JackalopeAntler"],"acts_visited":["Exordium","TheCity","TheBeyond","TheEnding"],"potions_floor_usage":[27,27],"damage_taken":[{"damage":0,"enemies":"Small Slimes","floor":1,"turns":2},{"damage":0,"enemies":"2 Louse","floor":3,"turns":1},{"damage":0,"enemies":"Cultist","floor":4,"turns":2},{"damage":0,"enemies":"Gremlin Nob","floor":6,"turns":2},{"damage":0,"enemies":"Lagavulin","floor":8,"turns":3},{"damage":0,"enemies":"3 Louse","floor":10,"turns":2},{"damage":0,"enemies":"3 Sentries","floor":11,"turns":3},{"damage":0,"enemies":"Gremlin Gang","floor":14,"turns":3},{"damage":1,"enemies":"Hexaghost","floor":16,"turns":7},{"damage":0,"enemies":"Spheric Guardian","floor":18,"turns":2},{"damage":0,"enemies":"2 Thieves","floor":20,"turns":2},{"damage":14,"enemies":"Slavers","floor":23,"turns":3},{"damage":0,"enemies":"Gremlin Leader","floor":25,"turns":4},{"damage":10,"enemies":"Slavers","floor":27,"turns":3},{"damage":0,"enemies":"Shelled Parasite and Fungi","floor":29,"turns":1},{"damage":0,"enemies":"Gremlin Leader","floor":30,"turns":2},{"damage":12,"enemies":"Collector","floor":33,"turns":5},{"damage":0,"enemies":"Orb Walker","floor":35,"turns":2},{"damage":0,"enemies":"3 Darklings","floor":36,"turns":2},{"damage":1,"enemies":"Spire Growth","floor":39,"turns":4},{"damage":0,"enemies":"Giant Head","floor":40,"turns":5},{"damage":0,"enemies":"Sphere and 2 Shapes","floor":41,"turns":1},{"damage":0,"enemies":"Nemesis","floor":42,"turns":3},{"damage":0,"enemies":"Reptomancer","floor":45,"turns":2},{"damage":0,"enemies":"Transient","floor":46,"turns":6},{"damage":0,"enemies":"Spire Growth","floor":48,"turns":3},{"damage":0,"enemies":"Time Eater","floor":50,"turns":8},{"damage":2,"enemies":"Donu and Deca","floor":51,"turns":10},{"damage":20,"enemies":"Shield and Spear","floor":55,"turns":4},{"damage":11,"enemies":"The Heart","floor":56,"turns":9}],"seed_played":"8216208035406232657","potions_obtained":[{"floor":4,"key":"PowerPotion"},{"floor":6,"key":"StancePotion"},{"floor":18,"key":"EntropicBrew"},{"floor":39,"key":"Energy Potion"}],"is_trial":true,"path_per_floor":["M","?","M","M","$","E","R","E","T","M","E","?","R","M","R","B",null,"M","?","M","?","$","E","R","E","T","E","?","M","E","$","R","B",null,"M","M","?","?","M","E","M","E","T","R","E","M","R","M","R","B","B",null,"R","$","E","B",null],"character_chosen":"WATCHER","items_purchased":["Frozen Egg 2","Bag of Marbles","Incense Burner","FearNoEvil+1","Toolbox","reliquary:RoseTintedGlasses","Wallop+1","Adaptation+1","Fasting2+1"],"campfire_rested":0,"item_purchase_floors":[5,22,22,22,31,31,54,54,54],"current_hp_per_floor":[61,61,61,61,61,61,61,61,61,61,61,61,61,62,62,62,68,69,69,70,70,70,57,57,58,58,49,49,50,51,51,51,40,69,70,71,71,71,71,72,73,84,84,84,85,86,86,87,87,88,87,96,96,96,77,67],"gold":214,"neow_bonus":"","is_daily":false,"chose_seed":false,"campfire_upgraded":8,"win_rate":0.0,"timestamp":1612052002,"path_taken":["M","?","M","M","$","E","R","E","T","M","E","?","R","?","R","BOSS","M","?","?","?","$","E","R","E","T","E","?","M","E","$","R","BOSS","M","M","?","?","M","E","M","E","T","R","E","M","R","?","R","BOSS","BOSS","R","$","E","BOSS"],"items_purchased_type":["Relic","Relic","Relic","Card","Relic","Relic","Card","Card","Card"],"build_version":"2020-12-22","purchased_purges":0,"victory":true,"max_hp_per_floor":[68,68,68,68,68,68,68,68,68,68,68,68,68,69,69,70,70,71,71,72,72,72,73,73,74,74,75,75,76,77,77,77,78,78,79,80,80,80,81,82,83,94,94,94,95,96,96,97,97,98,99,99,99,99,100,101],"relic_stats":{"OrangePellets":[15],"Regal Pillow":0,"Torii":35,"FaceOfCleric":23,"counters":[30,106],"Shuriken":[125],"VioletLotus":[13],"Kunai":[125],"Cursed Key":1,"obtain_stats":[{"Regal Pillow":11,"Torii":6,"Incense Burner":22,"Cursed Key":17,"reliquary:TridentHead":25,"HornCleat":40,"FaceOfCleric":12,"Toolbox":31,"reliquary:RoseTintedGlasses":31,"VioletLotus":34,"Kunai":0,"Pear":42,"Oddly Smooth Stone":45,"The Courier":0,"Omamori":27,"Frozen Egg 2":5,"reliquary:IridiumChain":23,"White Beast Statue":30,"reliquary:JackalopeAntler":55,"OrangePellets":0,"Bottled Flame":8,"Shuriken":0,"MutagenicStrength":28,"Molten Egg 2":9,"reliquary:BallBearing":38,"Bag of Marbles":22,"Membership Card":0,"PureWater":0},{"Regal Pillow":7,"Torii":4,"Incense Burner":11,"Cursed Key":9,"reliquary:TridentHead":13,"HornCleat":21,"FaceOfCleric":7,"Toolbox":16,"reliquary:RoseTintedGlasses":16,"VioletLotus":17,"Kunai":0,"Pear":23,"Oddly Smooth Stone":24,"The Courier":0,"Omamori":14,"Frozen Egg 2":3,"reliquary:IridiumChain":12,"White Beast Statue":16,"reliquary:JackalopeAntler":29,"OrangePellets":0,"Bottled Flame":5,"Shuriken":0,"MutagenicStrength":14,"Molten Egg 2":5,"reliquary:BallBearing":19,"Bag of Marbles":11,"Membership Card":0,"PureWater":0},{"Regal Pillow":15,"Torii":7,"Incense Burner":29,"Cursed Key":25,"reliquary:TridentHead":36,"HornCleat":60,"FaceOfCleric":15,"Toolbox":42,"reliquary:RoseTintedGlasses":42,"VioletLotus":47,"Kunai":0,"Pear":64,"Oddly Smooth Stone":66,"The Courier":0,"Omamori":39,"Frozen Egg 2":5,"reliquary:IridiumChain":32,"White Beast Statue":42,"reliquary:JackalopeAntler":97,"OrangePellets":0,"Bottled Flame":10,"Shuriken":0,"MutagenicStrength":39,"Molten Egg 2":10,"reliquary:BallBearing":51,"Bag of Marbles":29,"Membership Card":0,"PureWater":0}]},"card_choices":[{"not_picked":["PathToVictory","SashWhip"],"picked":"CutThroughFate","floor":1},{"not_picked":["BowlingBash","Halt","CutThroughFate"],"picked":"SKIP","floor":3},{"not_picked":["Alpha","PathToVictory"],"picked":"Conclude","floor":4},{"not_picked":["Meditate","Swivel"],"picked":"ThirdEye","floor":6},{"not_picked":["Consecrate","Halt"],"picked":"Meditate","floor":8},{"not_picked":["Evaluate","Conclude+1"],"picked":"Wallop+1","floor":10},{"not_picked":["Crescendo","ThirdEye","Halt"],"picked":"SKIP","floor":11},{"not_picked":["BowlingBash+1","Halt"],"picked":"Protect","floor":14},{"not_picked":["Devotion+1","Brilliance+1"],"picked":"SpiritShield","floor":16},{"not_picked":["ReachHeaven+1","SashWhip+1"],"picked":"JustLucky+1","floor":18},{"not_picked":["SashWhip+1","WreathOfFlame+1","Swivel+1"],"picked":"SKIP","floor":20},{"not_picked":["PathToVictory+1","Ragnarok+1"],"picked":"Fasting2+1","floor":23},{"not_picked":["Perseverance","BowlingBash+1","Scrawl"],"picked":"SKIP","floor":25},{"not_picked":["FlyingSleeves+1","Brilliance+1","LikeWater+1"],"picked":"SKIP","floor":27},{"not_picked":["FearNoEvil+1","Prostrate","Consecrate+1"],"picked":"SKIP","floor":29},{"not_picked":["BowlingBash+1","JustLucky+1","CrushJoints+1"],"picked":"SKIP","floor":30},{"not_picked":["Collect","EmptyBody","WindmillStrike+1"],"picked":"SKIP","floor":35},{"not_picked":["PathToVictory+1","FollowUp+1","WaveOfTheHand"],"picked":"SKIP","floor":36},{"not_picked":["Blind","Forethought"],"picked":"Finesse","floor":37},{"not_picked":["CutThroughFate+1","ForeignInfluence+1","FollowUp+1"],"picked":"SKIP","floor":39},{"not_picked":["JustLucky+1","Prostrate","FollowUp+1"],"picked":"SKIP","floor":40},{"not_picked":["CrushJoints+1","SashWhip+1","SpiritShield"],"picked":"SKIP","floor":41},{"not_picked":["CrushJoints+1","Crescendo+1","Prostrate"],"picked":"SKIP","floor":42},{"not_picked":["FollowUp+1","FlyingSleeves+1","Worship"],"picked":"SKIP","floor":45},{"not_picked":["Crescendo","FollowUp+1","Evaluate"],"picked":"SKIP","floor":46},{"not_picked":["Halt+1","CrushJoints+1"],"picked":"TalkToTheHand+1","floor":48},{"not_picked":["CrushJoints+1","SandsOfTime+1","BattleHymn+1"],"picked":"SKIP","floor":55}],"player_experience":881819,"relics_obtained":[{"floor":6,"key":"Torii"},{"floor":8,"key":"Bottled Flame"},{"floor":9,"key":"Molten Egg 2"},{"floor":11,"key":"Regal Pillow"},{"floor":23,"key":"reliquary:IridiumChain"},{"floor":25,"key":"reliquary:TridentHead"},{"floor":27,"key":"Omamori"},{"floor":30,"key":"White Beast Statue"},{"floor":40,"key":"HornCleat"},{"floor":42,"key":"Pear"},{"floor":45,"key":"Oddly Smooth Stone"},{"floor":55,"key":"reliquary:JackalopeAntler"}],"event_choices":[{"damage_healed":0,"gold_gain":0,"player_choice":"Ignored","damage_taken":0,"max_hp_gain":0,"max_hp_loss":0,"event_name":"Golden Wing","floor":2,"gold_loss":0},{"damage_healed":0,"gold_gain":0,"player_choice":"Trade","damage_taken":0,"relics_obtained":["FaceOfCleric"],"max_hp_gain":0,"max_hp_loss":0,"event_name":"FaceTrader","floor":12,"gold_loss":0},{"damage_healed":0,"gold_gain":0,"player_choice":"2 cards matched","damage_taken":0,"max_hp_gain":0,"max_hp_loss":0,"event_name":"Match and Keep!","floor":19,"gold_loss":0,"cards_obtained":["Blasphemy","Protect"]},{"damage_healed":0,"gold_gain":0,"player_choice":"Read","damage_taken":0,"max_hp_gain":0,"max_hp_loss":0,"event_name":"The Library","floor":21,"gold_loss":0,"cards_obtained":["TalkToTheHand"]},{"damage_healed":0,"gold_gain":0,"player_choice":"Inject Mutagens","damage_taken":0,"relics_obtained":["MutagenicStrength"],"max_hp_gain":0,"max_hp_loss":0,"event_name":"Drug Dealer","floor":28,"gold_loss":0},{"damage_healed":0,"gold_gain":0,"player_choice":"Memory 1","damage_taken":0,"max_hp_gain":0,"max_hp_loss":0,"event_name":"SensoryStone","floor":37,"gold_loss":0},{"damage_healed":0,"gold_gain":0,"player_choice":"Gave Potion","damage_taken":0,"relics_obtained":["reliquary:BallBearing"],"max_hp_gain":0,"max_hp_loss":0,"event_name":"WeMeetAgain","floor":38,"gold_loss":0}],"is_beta":false,"boss_relics":[{"not_picked":["HolyWater","Philosopher\u0027s Stone"],"picked":"Cursed Key"},{"not_picked":["Pandora\u0027s Box","reliquary:KinkedSpring"],"picked":"VioletLotus"}],"items_purged_floors":[],"is_endless":false,"potions_floor_spawned":[4,6,8,11,16,18,25,33,35,36,39,40,41,42,45,46,48,55],"ascension_level":20}}