{"host":"o67iw34xdwlyp80a","time":1612092908,"event":{"mods":["BaseMod","Colored Map","Minty Spire (QoL Compilation)","Relic Stats","StSLib"],"gold_per_floor":[110,185,198,217,217,244,261,276,276,311,8,27,27,27,27,130,130,144,160,50,50,63,93,18,18,72,72,106,116,116,134,134,238,238,252,8,8,26,37,37,62,62,110,126,145,158,173,173,173,173,173],"floor_reached":50,"language":"ENG","playtime":3733,"items_purged":["Strike_R","Strike_R"],"score":710,"play_id":"2df49782-ced3-4a88-8689-e5e1e69aafdc","local_time":"20210131113508","is_ascension_mode":true,"campfire_choices":[{"floor":15.0,"key":"REST"},{"floor":27.0,"key":"REST"},{"data":"Berserk","floor":30.0,"key":"SMITH"},{"data":"Juggernaut","floor":32.0,"key":"SMITH"},{"data":"Body Slam","floor":40.0,"key":"SMITH"},{"floor":49,"key":"REST"}],"circlet_count":0,"master_deck":["Strike_R","Strike_R","Defend_R","Defend_R+1","Defend_R","Bash","Armaments+1","Anger","Inflame","Iron Wave","Heavy Blade","Shrug It Off","Flex","Ghostly Armor+1","Berserk+1","Iron Wave+1","Inflame","Body Slam+1","Sword Boomerang","Clash","Juggernaut+1","Demon Form","Juggernaut+1","Blood for Blood+1","Thunderclap+1","Parasite","Feel No Pain+1"],"relics":["Burning Blood","NeowsBlessing","Regal Pillow","Eternal Feather","Toy Ornithopter","Bird Faced Urn","Dead Branch","SlaversCollar","Pocketwatch","Dream Catcher","Meat on the Bone","Busted Crown","Orichalcum","Question Card","Pen Nib","Bag of Marbles"],"acts_visited":["Exordium","TheCity","TheBeyond"],"potions_floor_usage":[50],"damage_taken":[{"damage":0.0,"enemies":"Small Slimes","floor":1.0,"turns":1.0},{"damage":0.0,"enemies":"Cultist","floor":3.0,"turns":1.0},{"damage":0.0,"enemies":"Jaw Worm","floor":4.0,"turns":1.0},{"damage":26.0,"enemies":"3 Sentries","floor":6.0,"turns":9.0},{"damage":2.0,"enemies":"Looter","floor":7.0,"turns":4.0},{"damage":9.0,"enemies":"3 Louse","floor":8.0,"turns":4.0},{"damage":40.0,"enemies":"Gremlin Nob","floor":10.0,"turns":5.0},{"damage":0.0,"enemies":"2 Fungi Beasts","floor":12.0,"turns":4.0},{"damage":36.0,"enemies":"Slime Boss","floor":16.0,"turns":9.0},{"damage":26.0,"enemies":"Shell Parasite","floor":18.0,"turns":4.0},{"damage":13.0,"enemies":"Chosen","floor":19.0,"turns":6.0},{"damage":23.0,"enemies":"Shelled Parasite and Fungi","floor":22.0,"turns":7.0},{"damage":43.0,"enemies":"Gremlin Leader","floor":23.0,"turns":8.0},{"damage":27.0,"enemies":"Book of Stabbing","floor":28.0,"turns":5.0},{"damage":15.0,"enemies":"Snecko","floor":29.0,"turns":6.0},{"damage":36.0,"enemies":"Snake Plant","floor":31.0,"turns":4.0},{"damage":59.0,"enemies":"Automaton","floor":33.0,"turns":8.0},{"damage":35.0,"enemies":"Orb Walker","floor":35.0,"turns":5.0},{"damage":33.0,"enemies":"3 Shapes","floor":38.0,"turns":4.0},{"damage":36.0,"enemies":"Jaw Worm Horde","floor":39.0,"turns":4.0},{"damage":68.0,"enemies":"Nemesis","floor":41.0,"turns":7.0},{"damage":37.0,"enemies":"Maw","floor":44.0,"turns":6.0},{"damage":31.0,"enemies":"4 Shapes","floor":45.0,"turns":5.0},{"damage":10,"enemies":"Writhing Mass","floor":46,"turns":5},{"damage":35,"enemies":"Jaw Worm Horde","floor":47,"turns":5},{"damage":94,"enemies":"Awakened One","floor":50,"turns":4}],"seed_played":"-4910341558364667811","potions_obtained":[{"floor":4.0,"key":"CultistPotion"},{"floor":7.0,"key":"Swift Potion"},{"floor":12.0,"key":"AttackPotion"},{"floor":16.0,"key":"DistilledChaos"},{"floor":18.0,"key":"LiquidBronze"},{"floor":22.0,"key":"HeartOfIron"},{"floor":29.0,"key":"GamblersBrew"},{"floor":33.0,"key":"SneckoOil"},{"floor":39.0,"key":"Strength Potion"},{"floor":41.0,"key":"ColorlessPotion"},{"floor":44.0,"key":"Fruit Juice"},{"floor":46,"key":"Strength Potion"}],"is_trial":false,"path_per_floor":["M","?","M","M","?","E","M","M","T","E","$","M","?","?","R","B",null,"M","M","$","?","M","E","?","?","T","R","E","M","R","M","R","B",null,"M","$","?","M","M","R","E","$","T","M","M","M","M","T","R","B"],"character_chosen":"IRONCLAD","items_purchased":["Bird Faced Urn","Inflame","Orichalcum"],"campfire_rested":3,"item_purchase_floors":[11,20,36],"current_hp_per_floor":[78,70,76,80,80,60,64,61,61,27,27,35,32,16,64,43,71,60,61,61,61,53,32,32,17,17,66,51,56,68,56,68,35,73,50,50,50,41,40,52,24,24,24,30,29,47,40,40,90,0,0],"gold":173,"neow_bonus":"THREE_ENEMY_KILL","is_daily":false,"chose_seed":false,"campfire_upgraded":3,"win_rate":0.0,"timestamp":1612092908,"path_taken":["M","?","M","?","?","E","M","M","T","E","$","M","?","?","R","BOSS","M","M","$","?","?","E","?","?","T","R","E","M","R","M","R","BOSS","M","$","?","M","?","R","E","$","T","M","M","?","M","?","R","BOSS"],"items_purchased_type":["Relic","Card","Relic"],"build_version":"2020-12-22","purchased_purges":2,"victory":false,"max_hp_per_floor":[80,80,80,80,80,80,80,80,80,80,80,80,80,80,80,80,80,80,80,80,80,80,80,80,85,85,85,85,85,85,85,85,85,85,85,85,85,85,85,85,85,85,85,90,90,90,90,90,90,90,90],"relic_stats":{"Regal Pillow":38,"counters":[26,131],"Dead Branch":[15],"Eternal Feather":69,"Pen Nib":[4],"Orichalcum":[54],"Question Card":5,"Burning Blood":148,"Dream Catcher":2,"Busted Crown":18,"Bird Faced Urn":[132],"obtain_stats":[{"Regal Pillow":6,"NeowsBlessing":0,"Dead Branch":13,"Eternal Feather":9,"Pen Nib":43,"Orichalcum":36,"Question Card":41,"Burning Blood":0,"SlaversCollar":17,"Dream Catcher":26,"Busted Crown":34,"Bird Faced Urn":11,"Bag of Marbles":48,"Toy Ornithopter":10,"Pocketwatch":23,"Meat on the Bone":28},{"Regal Pillow":4,"NeowsBlessing":0,"Dead Branch":8,"Eternal Feather":6,"Pen Nib":21,"Orichalcum":18,"Question Card":21,"Burning Blood":0,"SlaversCollar":9,"Dream Catcher":13,"Busted Crown":17,"Bird Faced Urn":7,"Bag of Marbles":25,"Toy Ornithopter":7,"Pocketwatch":13,"Meat on the Bone":14},{"Regal Pillow":12,"NeowsBlessing":0,"Dead Branch":29,"Eternal Feather":20,"Pen Nib":106,"Orichalcum":91,"Question Card":106,"Burning Blood":0,"SlaversCollar":38,"Dream Catcher":63,"Busted Crown":86,"Bird Faced Urn":25,"Bag of Marbles":127,"Toy Ornithopter":25,"Pocketwatch":63,"Meat on the Bone":68}],"Toy Ornithopter":50,"Pocketwatch":[36],"Meat on the Bone":120},"card_choices":[{"not_picked":["Twin Strike","Perfected Strike"],"picked":"Armaments","floor":1.0},{"not_picked":["Clothesline","Armaments"],"picked":"Anger","floor":3.0},{"not_picked":["Perfected Strike","Combust"],"picked":"Inflame","floor":4.0},{"not_picked":["Heavy Blade","Havoc"],"picked":"Iron Wave","floor":6.0},{"not_picked":["Fiend Fire","True Grit"],"picked":"Heavy Blade","floor":7.0},{"not_picked":["Pommel Strike","Power Through"],"picked":"Shrug It Off","floor":8.0},{"not_picked":["Headbutt","Body Slam"],"picked":"Flex","floor":10.0},{"not_picked":["Clothesline","Dark Embrace"],"picked":"Ghostly Armor","floor":12.0},{"not_picked":["Offering","Brutality"],"picked":"Berserk","floor":16.0},{"not_picked":["Clash","True Grit"],"picked":"Iron Wave+1","floor":18.0},{"not_picked":["Thunderclap","Shrug It Off","Flame Barrier+1"],"picked":"SKIP","floor":19.0},{"not_picked":["Whirlwind","True Grit"],"picked":"Body Slam","floor":22.0},{"not_picked":["Sever Soul+1","Warcry","Perfected Strike"],"picked":"SKIP","floor":23.0},{"not_picked":["Perfected Strike","Headbutt"],"picked":"Sword Boomerang","floor":27.0},{"not_picked":["Fiend Fire","Armaments","Sword Boomerang"],"picked":"SKIP","floor":28.0},{"not_picked":["Fiend Fire","Armaments","Sword Boomerang"],"picked":"SKIP","floor":28.0},{"not_picked":["Fiend Fire","Armaments","Sword Boomerang"],"picked":"SKIP","floor":28.0},{"not_picked":["Pommel Strike","Sentinel+1"],"picked":"Clash","floor":29.0},{"not_picked":["Clash","Second Wind"],"picked":"Juggernaut","floor":31.0},{"not_picked":["Fiend Fire","Reaper"],"picked":"Demon Form","floor":33.0},{"not_picked":["Hemokinesis+1"],"picked":"SKIP","floor":35.0},{"not_picked":["Ghostly Armor+1"],"picked":"SKIP","floor":38.0},{"not_picked":["Clothesline"],"picked":"SKIP","floor":39.0},{"not_picked":[],"picked":"Blood for Blood+1","floor":41.0},{"not_picked":["Anger+1"],"picked":"Thunderclap+1","floor":44.0},{"not_picked":["Sever Soul","Headbutt+1"],"picked":"SKIP","floor":45.0},{"not_picked":["Whirlwind","Cleave"],"picked":"SKIP","floor":46},{"not_picked":["Thunderclap"],"picked":"Feel No Pain+1","floor":47}],"player_experience":1125009,"relics_obtained":[{"floor":6.0,"key":"Regal Pillow"},{"floor":9.0,"key":"Eternal Feather"},{"floor":10.0,"key":"Toy Ornithopter"},{"floor":23.0,"key":"Pocketwatch"},{"floor":26.0,"key":"Dream Catcher"},{"floor":28.0,"key":"Meat on the Bone"},{"floor":41.0,"key":"Question Card"},{"floor":43.0,"key":"Pen Nib"},{"floor":48,"key":"Bag of Marbles"}],"event_choices":[{"damage_healed":0.0,"max_hp_gain":0.0,"max_hp_loss":0.0,"gold_gain":75.0,"event_name":"FaceTrader","player_choice":"Touch","floor":2.0,"gold_loss":0.0,"damage_taken":8.0},{"damage_healed":0.0,"max_hp_gain":0.0,"max_hp_loss":0.0,"gold_gain":0.0,"event_name":"Living Wall","player_choice":"Grow","floor":5.0,"gold_loss":0.0,"damage_taken":0.0,"cards_upgraded":["Armaments"]},{"damage_healed":0.0,"max_hp_gain":0.0,"max_hp_loss":0.0,"gold_gain":0.0,"event_name":"Scrap Ooze","player_choice":"Success","floor":13.0,"gold_loss":0.0,"damage_taken":3.0,"relics_obtained":["Dead Branch"]},{"damage_healed":0.0,"max_hp_gain":0.0,"max_hp_loss":0.0,"gold_gain":0.0,"event_name":"Shining Light","player_choice":"Entered Light","floor":14.0,"gold_loss":0.0,"damage_taken":16.0,"cards_upgraded":["Defend_R","Ghostly Armor"]},{"cards_removed":["Defend_R"],"damage_healed":0.0,"max_hp_gain":0.0,"max_hp_loss":0.0,"gold_gain":0.0,"event_name":"Purifier","player_choice":"Purged","floor":21.0,"gold_loss":0.0,"damage_taken":0.0},{"cards_removed":["Strike_R"],"damage_healed":0.0,"max_hp_gain":0.0,"max_hp_loss":0.0,"gold_gain":0.0,"event_name":"Beggar","player_choice":"Gave Gold","floor":24.0,"gold_loss":75.0,"damage_taken":0.0},{"damage_healed":0.0,"max_hp_gain":5.0,"max_hp_loss":0.0,"gold_gain":0.0,"event_name":"Forgotten Altar","player_choice":"Shed Blood","floor":25.0,"gold_loss":0.0,"damage_taken":20.0},{"damage_healed":0.0,"max_hp_gain":0.0,"max_hp_loss":0.0,"gold_gain":0.0,"event_name":"Duplicator","player_choice":"Copied","floor":37.0,"gold_loss":0.0,"damage_taken":0.0,"cards_obtained":["Juggernaut"]}],"is_beta":false,"boss_relics":[{"not_picked":["Philosopher\u0027s Stone","Fusion Hammer"],"picked":"SlaversCollar"},{"not_picked":["SacredBark","Tiny House"],"picked":"Busted Crown"}],"items_purged_floors":[20,36],"is_endless":false,"potions_floor_spawned":[4,7,12,16,18,22,29,33,39,41,44,46],"killed_by":"Awakened One","ascension_level":7}}