{"host":"pdsyh71gl8fwuuoe","time":1612066281,"event":{"mods":["AchievementEnabler","Ascension Unlocker","BaseMod","Bestiary","Colored Powertips","Curses Come First","Custom Start","Downfall","Highlight Path","Minty Spire (QoL Compilation)","Permanent Neow","Quick Restart","Relic Stats","StSLib"],"gold_per_floor":[99,109,109,209,119,119,143,43,59,159,169,201,216,20,30,132,132,32,51,68,68,88,88,165,197,210,230,230,250,250,250,266,367,367,367,378,378,325,335,335,407,417,443,343,343,369,381,249,265,265,265,296,17,17,17,17],"floor_reached":57,"language":"ENG","playtime":5677,"items_purged":["champ:Strike","champ:Strike","champ:Strike"],"score":1259,"play_id":"9c31caef-1340-48fe-929b-3b9a3aada3fc","local_time":"20210130231121","is_ascension_mode":false,"campfire_choices":[{"data":"champ:TripleStrike","floor":1,"key":"SMITH"},{"floor":6,"key":"RECALL"},{"data":"champ:Taunt","floor":8,"key":"SMITH"},{"data":"champ:HoldFirm","floor":18,"key":"SMITH"},{"data":"champ:PerfectedStrike","floor":23,"key":"SMITH"},{"data":"champ:Lariat","floor":28,"key":"SMITH"},{"data":"champ:PerfectedStrike","floor":30,"key":"SMITH"},{"data":"champ:IgnorePain","floor":35,"key":"SMITH"},{"data":"expansioncontent:DecaShield","floor":40,"key":"SMITH"},{"data":"champ:BringItOn","floor":44,"key":"SMITH"},{"data":"champ:ArenaPreparation","floor":54,"key":"SMITH"}],"circlet_count":0,"master_deck":["champ:Defend","champ:Defend+1","champ:Defend","champ:Execute","champ:Taunt+1","champ:TripleStrike+1","champ:EnragedBash","champ:PerfectedStrike+1","champ:ArenaPreparation+1","champ:PerfectedStrike+1","champ:RapidStrikes","champ:FlashCut","champ:Circumvent","champ:AdrenalArmor","champ:Backstep","champ:ShieldWall","champ:HoldFirm+1","champ:Shatter+1","champ:PerfectedStrike+1","champ:BringItOn+1","champ:Lariat+1","champ:PreemptiveStrike","champ:IgnorePain+1","expansioncontent:DecaShield+1","champ:Haymaker+1","champ:RecklessLeap","champ:BerserkersShout+1","champ:BerserkersShout+1","champ:EndlessRage+1","champ:BerserkersShout+1","champ:ArenaPreparation+1","champ:ShieldWall+1","champ:Haymaker+1","champ:StanceDance+1","champ:Haymaker+1","champ:EnragedBash+1"],"relics":["champ:ChampionCrown","CloakClasp","PreservedInsect","downfall:HeartBlessingRed","InkBottle","Lee\u0027s Waffle","Busted Crown","downfall:HeartBlessingGreen","Mercury Hourglass","Pear","Coffee Dripper","Lizard Tail","downfall:HeartBlessingBlue","Boot","StrikeDummy","Orrery","War Paint","Pen Nib","Chemical X"],"acts_visited":["Exordium","TheCity","TheBeyond","TheEnding"],"potions_floor_usage":[10,33,43,55,56,56],"damage_taken":[{"damage":0,"enemies":"2 Louse","floor":2,"turns":2},{"damage":76,"enemies":"2 Louse","floor":4,"turns":8},{"damage":50,"enemies":"downfall:FleeingMerchant","floor":5,"turns":4},{"damage":10,"enemies":"Small Slimes","floor":9,"turns":2},{"damage":60,"enemies":"downfall:Heads","floor":10,"turns":5},{"damage":0,"enemies":"Jaw Worm","floor":11,"turns":3},{"damage":25,"enemies":"Lagavulin","floor":12,"turns":4},{"damage":10,"enemies":"3 Louse","floor":13,"turns":3},{"damage":24,"enemies":"downfall:FleeingMerchant","floor":14,"turns":4},{"damage":35,"enemies":"Lots of Slimes","floor":15,"turns":4},{"damage":77,"enemies":"DF_ARCHETYPE_STREAMLINE","floor":16,"turns":10},{"damage":10,"enemies":"Chosen","floor":19,"turns":2},{"damage":21,"enemies":"Shell Parasite","floor":20,"turns":3},{"damage":30,"enemies":"Centurion and Healer","floor":22,"turns":5},{"damage":66,"enemies":"Gremlin Leader","floor":25,"turns":5},{"damage":5,"enemies":"Snake Plant","floor":26,"turns":3},{"damage":5,"enemies":"Snecko","floor":27,"turns":4},{"damage":10,"enemies":"Sentry and Sphere","floor":29,"turns":3},{"damage":10,"enemies":"Shelled Parasite and Fungi","floor":32,"turns":3},{"damage":54,"enemies":"SI_MIRROR_ARCHETYPE","floor":33,"turns":8},{"damage":30,"enemies":"3 Shapes","floor":36,"turns":2},{"damage":0,"enemies":"downfall:FleeingMerchant","floor":38,"turns":4},{"damage":35,"enemies":"3 Darklings","floor":39,"turns":3},{"damage":83,"enemies":"Jaw Worm Horde","floor":42,"turns":3},{"damage":51,"enemies":"Nemesis","floor":43,"turns":5},{"damage":76,"enemies":"Giant Head","floor":46,"turns":6},{"damage":40,"enemies":"4 Shapes","floor":47,"turns":4},{"damage":5,"enemies":"downfall:FleeingMerchant","floor":48,"turns":3},{"damage":30,"enemies":"3 Darklings","floor":49,"turns":5},{"damage":143,"enemies":"IC_BLOCK_ARCHETYPE","floor":50,"turns":9},{"damage":227,"enemies":"downfall:CharBossMerchant","floor":52,"turns":9},{"damage":245,"enemies":"downfall:NeowBoss","floor":55,"turns":15},{"damage":187,"enemies":"downfall:NeowBossFinal","floor":56,"turns":10}],"seed_played":"1756911075884026504","potions_obtained":[{"floor":2,"key":"BlessingOfTheForge"},{"floor":10,"key":"Fire Potion"},{"floor":11,"key":"SteroidPotion"},{"floor":15,"key":"champ:UltimateStancePotion"},{"floor":22,"key":"hexamod:SoulburnPotion"},{"floor":25,"key":"FairyPotion"},{"floor":33,"key":"hexamod:SoulburnPotion"},{"floor":42,"key":"Swift Potion"},{"floor":46,"key":"Regen Potion"},{"floor":52,"key":"AttackPotion"}],"is_trial":false,"path_per_floor":["R","M","?","?","$","R","T","R","M","?","M","E","M","$","M","B",null,"R","M","M","?","M","R","T","E","M","M","R","M","R","?","M","B",null,"R","M","?","?","M","R","T","M","E","R","T","E","M","$","M","B",null,"E","$","R","B","B",null],"character_chosen":"THE_CHAMP","items_purchased":["Lee\u0027s Waffle","champ:ShieldWall","champ:RecklessLeap","champ:ArenaPreparation","Orrery","War Paint","Chemical X"],"campfire_rested":0,"item_purchase_floors":[14,14,38,48,48,48,53],"current_hp_per_floor":[81,81,86,60,60,60,60,60,60,25,25,20,20,93,88,51,93,93,93,92,92,92,92,92,96,96,96,96,96,96,96,96,92,103,103,103,103,103,103,103,103,90,103,113,113,102,102,102,102,74,113,83,83,83,71,95],"gold":17,"neow_bonus":"THREE_RARE_CARDS","is_daily":false,"chose_seed":false,"campfire_upgraded":10,"win_rate":0.0,"timestamp":1612066281,"path_taken":["R","M","?","?","$","R","T","R","M","?","?","E","M","$","M","BOSS","R","M","M","?","M","R","T","E","M","?","R","M","R","?","M","BOSS","R","M","?","?","M","R","T","M","E","R","?","E","M","$","M","BOSS","E","$","R","BOSS","BOSS"],"items_purchased_type":["Relic","Card","Card","Card","Relic","Relic","Relic"],"build_version":"2020-12-22","purchased_purges":3,"victory":true,"max_hp_per_floor":[81,81,86,86,86,86,86,86,86,86,86,86,86,93,93,93,93,93,93,93,93,93,93,93,103,103,103,103,103,103,103,103,103,103,103,103,103,103,103,103,103,103,103,113,113,113,113,113,113,113,113,113,113,113,113,113],"relic_stats":{"Lee\u0027s Waffle":73,"counters":[33,163],"PreservedInsect":432,"Pen Nib":[5],"CloakClasp":[361],"War Paint":["champ:Defend","champ:BerserkersShout"],"Boot":[12],"Mercury Hourglass":[272],"Lizard Tail":56,"Busted Crown":50,"Chemical X":[9],"obtain_stats":[{"Lee\u0027s Waffle":14,"Pear":25,"downfall:HeartBlessingRed":8,"champ:ChampionCrown":0,"downfall:HeartBlessingGreen":18,"PreservedInsect":7,"Pen Nib":52,"CloakClasp":4,"War Paint":48,"Boot":45,"Mercury Hourglass":24,"Lizard Tail":43,"Busted Crown":17,"downfall:HeartBlessingBlue":44,"Orrery":48,"Coffee Dripper":34,"Chemical X":53,"StrikeDummy":46,"InkBottle":12},{"Lee\u0027s Waffle":9,"Pear":15,"downfall:HeartBlessingRed":3,"champ:ChampionCrown":0,"downfall:HeartBlessingGreen":11,"PreservedInsect":3,"Pen Nib":31,"CloakClasp":2,"War Paint":28,"Boot":25,"Mercury Hourglass":14,"Lizard Tail":25,"Busted Crown":11,"downfall:HeartBlessingBlue":25,"Orrery":28,"Coffee Dripper":20,"Chemical X":31,"StrikeDummy":26,"InkBottle":7},{"Lee\u0027s Waffle":35,"Pear":64,"downfall:HeartBlessingRed":14,"champ:ChampionCrown":0,"downfall:HeartBlessingGreen":49,"PreservedInsect":14,"Pen Nib":138,"CloakClasp":10,"War Paint":115,"Boot":102,"Mercury Hourglass":59,"Lizard Tail":102,"Busted Crown":49,"downfall:HeartBlessingBlue":102,"Orrery":115,"Coffee Dripper":85,"Chemical X":138,"StrikeDummy":108,"InkBottle":28}],"InkBottle":[56]},"card_choices":[{"not_picked":["champ:ShieldThrow","champ:HoldFirm"],"picked":"champ:TripleStrike","floor":0},{"not_picked":["champ:RageSigil","champ:CrookedStrike"],"picked":"champ:EnragedBash","floor":2},{"not_picked":["champ:PerfectedStrike","champ:IronFortress"],"picked":"champ:EnragedBash","floor":4},{"not_picked":["champ:FaceSlap","champ:FanOfKnives"],"picked":"champ:PerfectedStrike","floor":5},{"not_picked":["champ:FlashCut","champ:Endure"],"picked":"champ:ArenaPreparation","floor":9},{"not_picked":["champ:Haymaker","champ:FocusedBerserking"],"picked":"champ:PerfectedStrike","floor":10},{"not_picked":["champ:BerserkerStyle","champ:RapidStrikes"],"picked":"champ:FlashCut","floor":11},{"not_picked":["champ:DefensiveShout","champ:SetATrap"],"picked":"champ:Circumvent","floor":12},{"not_picked":["champ:Backstep","champ:PreciseThrust"],"picked":"champ:AdrenalArmor","floor":13},{"not_picked":["champ:FlashCut","champ:SwordSigil"],"picked":"champ:Backstep","floor":14},{"not_picked":["champ:Endure","champ:StanceDance","champ:Shatter"],"picked":"SKIP","floor":15},{"not_picked":["champ:IgnorePain","champ:SwordThrow"],"picked":"champ:HoldFirm","floor":16},{"not_picked":["champ:EnGarde"],"picked":"SKIP","floor":19},{"not_picked":[],"picked":"champ:Shatter+1","floor":20},{"not_picked":[],"picked":"champ:PerfectedStrike+1","floor":22},{"not_picked":[],"picked":"champ:BringItOn","floor":25},{"not_picked":["champ:FocusedDefense"],"picked":"SKIP","floor":26},{"not_picked":[],"picked":"champ:Lariat","floor":27},{"not_picked":[],"picked":"champ:PreemptiveStrike","floor":29},{"not_picked":["champ:Shatter"],"picked":"SKIP","floor":32},{"not_picked":[],"picked":"champ:IgnorePain","floor":33},{"not_picked":["champ:BerserkerStyle+1"],"picked":"SKIP","floor":36},{"not_picked":["expansioncontent:Chronoboost","expansioncontent:GuardianWhirl"],"picked":"expansioncontent:DecaShield","floor":37},{"not_picked":[],"picked":"champ:Haymaker+1","floor":38},{"not_picked":[],"picked":"champ:BerserkersShout","floor":39},{"not_picked":[],"picked":"champ:BerserkersShout+1","floor":42},{"not_picked":["champ:HeartStrike"],"picked":"SKIP","floor":43},{"not_picked":[],"picked":"champ:EndlessRage+1","floor":46},{"not_picked":["champ:FocusedDefense+1"],"picked":"SKIP","floor":47},{"not_picked":[],"picked":"champ:BerserkersShout+1","floor":48},{"not_picked":[],"picked":"champ:ShieldWall+1","floor":48},{"not_picked":[],"picked":"champ:Haymaker+1","floor":48},{"not_picked":[],"picked":"champ:StanceDance+1","floor":48},{"not_picked":[],"picked":"champ:Haymaker+1","floor":49},{"not_picked":[],"picked":"champ:EnragedBash+1","floor":52}],"player_experience":574606,"relics_obtained":[{"floor":4,"key":"CloakClasp"},{"floor":7,"key":"PreservedInsect"},{"floor":12,"key":"InkBottle"},{"floor":24,"key":"Mercury Hourglass"},{"floor":25,"key":"Pear"},{"floor":43,"key":"Lizard Tail"},{"floor":45,"key":"Boot"},{"floor":46,"key":"StrikeDummy"},{"floor":52,"key":"Pen Nib"}],"event_choices":[{"damage_healed":0,"gold_gain":0,"player_choice":"Donut","damage_taken":0,"max_hp_gain":5,"max_hp_loss":0,"event_name":"Big Fish","floor":3,"gold_loss":0}],"is_beta":false,"boss_relics":[{"not_picked":["champ:ChampionCrownUpgraded","SacredBark"],"picked":"Busted Crown"},{"not_picked":["Pandora\u0027s Box","Black Star"],"picked":"Coffee Dripper"}],"items_purged_floors":[5,48,53],"is_endless":false,"potions_floor_spawned":[2,10,11,15,22,25,29,33,39,42,46,47,52],"ascension_level":0}}