{"host":"aqym1xxr3lb31d9m","time":1612102717,"event":{"mods":["BaseMod","Block Reminder","Colored Map","Colored Powertips","DeckTracker","Highlight Path","Minty Spire (QoL Compilation)","Quick Restart","Random Character Button","StSLib","SuperFastMode","UnlockEverythingMod"],"gold_per_floor":[118,193,468,351,366,366,395,411,411,437,462,462,480,56,56,130,130,140,140,140,160,160,160,160,160],"floor_reached":24,"language":"JPN","playtime":8829,"items_purged":["Regret"],"score":479,"play_id":"5c2e51df-7a11-44aa-822b-fc7cb5ae4b3e","local_time":"20210131231837","is_ascension_mode":true,"campfire_choices":[{"data":"Rip and Tear","floor":6.0,"key":"SMITH"},{"data":"Coolheaded","floor":12,"key":"SMITH"},{"data":"Lockon","floor":15,"key":"SMITH"},{"data":"Ghostly","floor":23,"key":"SMITH"}],"circlet_count":0,"master_deck":["AscendersBane","Strike_B","Strike_B","Strike_B","Strike_B","Defend_B","Defend_B","Defend_B","Defend_B","Zap","Dualcast","Rebound","Rip and Tear+1","Coolheaded+1","Loop+1","Sweeping Beam","Lockon+1","Undo","Capacitor+1","Coolheaded","Biased Cognition+1","Compile Driver","Ghostly","Ghostly","Ghostly","Ghostly+1","Conserve Battery+1"],"relics":["Cracked Core","NeowsBlessing","Frozen Egg 2","MealTicket","Bag of Marbles","Bottled Lightning","Runic Dome","Incense Burner"],"acts_visited":["Exordium","TheCity"],"potions_floor_usage":[10,10,16,18],"damage_taken":[{"damage":0.0,"enemies":"2 Louse","floor":1.0,"turns":1.0},{"damage":0.0,"enemies":"Cultist","floor":5.0,"turns":1.0},{"damage":0.0,"enemies":"3 Sentries","floor":7.0,"turns":1.0},{"damage":2.0,"enemies":"Jaw Worm","floor":8.0,"turns":3.0},{"damage":26,"enemies":"Lagavulin","floor":10,"turns":6},{"damage":21,"enemies":"Blue Slaver","floor":13,"turns":4},{"damage":2,"enemies":"The Guardian","floor":16,"turns":10},{"damage":4,"enemies":"3 Byrds","floor":18,"turns":5},{"damage":0,"enemies":"2 Thieves","floor":21,"turns":5},{"damage":49,"enemies":"Gremlin Leader","floor":24,"turns":5}],"seed_played":"-839825114686579131","potions_obtained":[{"floor":1.0,"key":"Dexterity Potion"},{"floor":5.0,"key":"CultistPotion"},{"floor":8.0,"key":"PowerPotion"},{"floor":16,"key":"Fire Potion"}],"is_trial":false,"path_per_floor":["M","?","?","$","M","R","E","M","T","E","T","R","M","$","R","B",null,"M","?","?","M","T","R","E"],"character_chosen":"DEFECT","items_purchased":["Rip and Tear","FocusPotion","Bottled Lightning","Capacitor+1","Coolheaded"],"campfire_rested":0,"item_purchase_floors":[4,14,14,14,14],"current_hp_per_floor":[64,53,53,53,53,53,53,51,51,25,25,25,4,19,19,17,58,54,35,35,35,35,35,0,0],"gold":160,"neow_bonus":"THREE_ENEMY_KILL","is_daily":false,"chose_seed":false,"campfire_upgraded":4,"win_rate":0.0,"timestamp":1612102717,"path_taken":["M","?","?","$","M","R","E","?","T","E","?","R","M","?","R","BOSS","M","?","?","?","?","R","E"],"items_purchased_type":["Card","Potion","Relic","Card","Card"],"build_version":"2020-12-22","purchased_purges":1,"victory":false,"max_hp_per_floor":[71,71,71,71,71,71,71,71,71,71,71,71,71,71,71,71,71,71,35,35,35,35,35,35,35],"card_choices":[{"not_picked":["Fusion","Go for the Eyes"],"picked":"Rebound","floor":1.0},{"not_picked":["Blizzard","Aggregate"],"picked":"Coolheaded","floor":5.0},{"not_picked":["Rip and Tear","Sweeping Beam"],"picked":"Loop+1","floor":7.0},{"not_picked":["Static Discharge+1","Streamline"],"picked":"Sweeping Beam","floor":8.0},{"not_picked":["Streamline","Turbo"],"picked":"Lockon","floor":10},{"not_picked":["Turbo","Beam Cell"],"picked":"Undo","floor":13},{"not_picked":["All For One","Multi-Cast"],"picked":"Biased Cognition+1","floor":16},{"not_picked":["Stack","Scrape"],"picked":"Compile Driver","floor":18},{"not_picked":["Leap","Ball Lightning"],"picked":"Conserve Battery+1","floor":21}],"player_experience":4140950,"relics_obtained":[{"floor":7.0,"key":"Frozen Egg 2"},{"floor":10,"key":"MealTicket"},{"floor":11,"key":"Bag of Marbles"},{"floor":22,"key":"Incense Burner"}],"event_choices":[{"damage_healed":0.0,"max_hp_gain":0.0,"max_hp_loss":0.0,"gold_gain":75.0,"event_name":"World of Goop","player_choice":"Gather Gold","floor":2.0,"gold_loss":0.0,"damage_taken":11.0},{"damage_healed":0.0,"max_hp_gain":0.0,"max_hp_loss":0.0,"gold_gain":275.0,"event_name":"Golden Shrine","player_choice":"Desecrate","floor":3.0,"gold_loss":0.0,"damage_taken":0.0,"cards_obtained":["Regret"]},{"damage_healed":0,"gold_gain":0,"player_choice":"Became a Ghost","damage_taken":0,"max_hp_gain":0,"max_hp_loss":36,"event_name":"Ghosts","floor":19,"gold_loss":0,"cards_obtained":["Ghostly","Ghostly","Ghostly"]},{"damage_healed":0,"gold_gain":0,"player_choice":"Copied","damage_taken":0,"max_hp_gain":0,"max_hp_loss":0,"event_name":"Duplicator","floor":20,"gold_loss":0,"cards_obtained":["Ghostly"]}],"is_beta":false,"boss_relics":[{"not_picked":["Busted Crown","Philosopher\u0027s Stone"],"picked":"Runic Dome"}],"items_purged_floors":[4],"is_endless":false,"potions_floor_spawned":[1,5,8,16],"killed_by":"Gremlin Leader","ascension_level":20}}