{"host":"rb2p2z6v6vieend5","time":1612118435,"event":{"mods":["BaseMod","Block Reminder","Colored Map","DeckTracker","Highlight Path","Minty Spire (QoL Compilation)","Random Character Button","Relic Stats"],"gold_per_floor":[115,127,127,142,160,194,205,62,62,82,108,108,108,135,135,235,235,252,252,70,169,188,221,221,248,275,294,312,340,382,391,391,499,526,577,421,421,476,523,523,563,563,612,612,612,612],"floor_reached":45,"language":"ENG","playtime":2953,"items_purged":["Defend_P","Strike_P"],"score":710,"play_id":"af231cfe-0a03-40d1-bb1c-266f6ef0cf5d","local_time":"20210131194035","is_ascension_mode":true,"campfire_choices":[{"data":"Eruption","floor":12,"key":"SMITH"},{"data":"Nirvana","floor":15,"key":"SMITH"},{"floor":24,"key":"REST"},{"data":"Crescendo","floor":32,"key":"SMITH"},{"data":"TalkToTheHand","floor":40,"key":"SMITH"},{"data":"WindmillStrike","floor":42,"key":"SMITH"},{"data":"JustLucky","floor":44,"key":"SMITH"}],"circlet_count":0,"master_deck":["Strike_P","Defend_P+1","Defend_P","Eruption+1","Vigilance","BattleHymn+1","FollowUp","Nirvana+1","SpiritShield+1","Conclude","JustLucky+1","Crescendo+1","DevaForm+1","Fasting2+1","JustLucky+1","TalkToTheHand+1","Wallop","WindmillStrike+1","Nirvana+1","MasterReality+1","DeceiveReality+1","Wish+1","Pray+1","LikeWater+1","Nirvana+1","TalkToTheHand+1","Prostrate+1","DevaForm+1"],"relics":["PureWater","Anchor","Ancient Tea Set","Melange","Frozen Egg 2","The Courier","Mercury Hourglass","White Beast Statue","Philosopher\u0027s Stone","Nilry\u0027s Codex","Damaru","Meat on the Bone","CeramicFish","War Paint","Centennial Puzzle","Astrolabe","Gremlin Horn","CaptainsWheel","Bronze Scales","Smiling Mask"],"acts_visited":["Exordium","TheCity","TheBeyond"],"potions_floor_usage":[6,18,23,27,28,33,33,38,41],"damage_taken":[{"damage":0,"enemies":"Jaw Worm","floor":1,"turns":4},{"damage":0,"enemies":"Cultist","floor":2,"turns":3},{"damage":0,"enemies":"2 Louse","floor":4,"turns":4},{"damage":4,"enemies":"Looter","floor":5,"turns":3},{"damage":15,"enemies":"3 Sentries","floor":6,"turns":7},{"damage":1,"enemies":"2 Fungi Beasts","floor":7,"turns":4},{"damage":0,"enemies":"Blue Slaver","floor":10,"turns":3},{"damage":0,"enemies":"Lagavulin","floor":11,"turns":4},{"damage":0,"enemies":"3 Sentries","floor":14,"turns":3},{"damage":16,"enemies":"The Guardian","floor":16,"turns":8},{"damage":26,"enemies":"3 Byrds","floor":18,"turns":3},{"damage":3,"enemies":"Spheric Guardian","floor":22,"turns":3},{"damage":19,"enemies":"Gremlin Leader","floor":23,"turns":4},{"damage":5,"enemies":"Book of Stabbing","floor":25,"turns":4},{"damage":3,"enemies":"Snake Plant","floor":27,"turns":4},{"damage":14,"enemies":"3 Cultists","floor":28,"turns":3},{"damage":0,"enemies":"Centurion and Healer","floor":29,"turns":3},{"damage":12,"enemies":"Gremlin Leader","floor":30,"turns":4},{"damage":27,"enemies":"Automaton","floor":33,"turns":5},{"damage":2,"enemies":"Orb Walker","floor":35,"turns":4},{"damage":20,"enemies":"2 Orb Walkers","floor":38,"turns":5},{"damage":12,"enemies":"3 Darklings","floor":39,"turns":5},{"damage":8,"enemies":"Nemesis","floor":41,"turns":5},{"damage":46,"enemies":"Spire Growth","floor":45,"turns":2}],"seed_played":"-930591728645339472","potions_obtained":[{"floor":1,"key":"AttackPotion"},{"floor":6,"key":"Fire Potion"},{"floor":7,"key":"Weak Potion"},{"floor":11,"key":"Fire Potion"},{"floor":18,"key":"AttackPotion"},{"floor":22,"key":"Dexterity Potion"},{"floor":23,"key":"Strength Potion"},{"floor":27,"key":"Swift Potion"},{"floor":28,"key":"Swift Potion"},{"floor":33,"key":"ColorlessPotion"},{"floor":35,"key":"Block Potion"},{"floor":38,"key":"FearPotion"},{"floor":39,"key":"Strength Potion"},{"floor":41,"key":"Explosive Potion"}],"is_trial":false,"path_per_floor":["M","M","?","M","M","E","M","$","T","M","E","R","?","E","R","B",null,"M","?","$","?","M","E","R","E","T","M","M","M","E","?","R","B",null,"M","$","T","?","M","R","E","R","T","R","M"],"character_chosen":"WATCHER","items_purchased":["Melange","Damaru","Nirvana+1","TalkToTheHand"],"campfire_rested":1,"item_purchase_floors":[8,20,36,36],"current_hp_per_floor":[72,72,72,72,68,53,52,52,52,52,52,52,49,49,49,33,72,46,30,30,30,27,8,29,36,36,45,43,43,43,43,43,28,72,70,70,70,50,38,38,42,42,42,42,0,0],"gold":612,"neow_bonus":"RANDOM_COMMON_RELIC","is_daily":false,"chose_seed":false,"campfire_upgraded":6,"win_rate":0.0,"timestamp":1612118435,"path_taken":["M","M","?","M","?","E","M","$","T","M","E","R","?","E","R","BOSS","M","?","$","?","M","E","R","E","T","M","M","M","E","?","R","BOSS","M","$","?","?","?","R","E","R","T","R","M"],"items_purchased_type":["Relic","Relic","Card","Card"],"build_version":"2020-12-22","purchased_purges":2,"victory":false,"max_hp_per_floor":[72,72,72,72,72,72,72,72,72,72,72,72,72,72,72,72,72,72,72,72,72,72,72,72,72,72,72,72,72,72,72,72,72,72,72,72,72,72,72,72,72,72,72,72,72,72],"relic_stats":{"Centennial Puzzle":[15],"Gremlin Horn":[4,4],"counters":[24,97],"CeramicFish":108,"Astrolabe":["DeceiveReality","Wish","Pray"],"Bronze Scales":[0],"Melange":[24],"War Paint":["Defend_P","SpiritShield"],"Smiling Mask":0,"obtain_stats":[{"Gremlin Horn":37,"Nilry\u0027s Codex":19,"CeramicFish":25,"Astrolabe":34,"Melange":8,"Damaru":20,"The Courier":11,"Frozen Egg 2":9,"War Paint":26,"Ancient Tea Set":6,"Smiling Mask":43,"White Beast Statue":14,"Mercury Hourglass":13,"Anchor":0,"Centennial Puzzle":30,"CaptainsWheel":38,"Bronze Scales":41,"Philosopher\u0027s Stone":17,"PureWater":0,"Meat on the Bone":23},{"Gremlin Horn":20,"Nilry\u0027s Codex":11,"CeramicFish":14,"Astrolabe":19,"Melange":6,"Damaru":11,"The Courier":8,"Frozen Egg 2":6,"War Paint":14,"Ancient Tea Set":5,"Smiling Mask":23,"White Beast Statue":9,"Mercury Hourglass":8,"Anchor":0,"Centennial Puzzle":18,"CaptainsWheel":21,"Bronze Scales":23,"Philosopher\u0027s Stone":10,"PureWater":0,"Meat on the Bone":13},{"Gremlin Horn":80,"Nilry\u0027s Codex":46,"CeramicFish":57,"Astrolabe":76,"Melange":25,"Damaru":46,"The Courier":32,"Frozen Egg 2":25,"War Paint":57,"Ancient Tea Set":21,"Smiling Mask":95,"White Beast Statue":35,"Mercury Hourglass":32,"Anchor":0,"Centennial Puzzle":71,"CaptainsWheel":85,"Bronze Scales":95,"Philosopher\u0027s Stone":43,"PureWater":0,"Meat on the Bone":53}],"Mercury Hourglass":[296],"Meat on the Bone":72},"card_choices":[{"not_picked":["EmptyMind","SashWhip","BowlingBash"],"picked":"SKIP","floor":1},{"not_picked":["FlyingSleeves","WaveOfTheHand"],"picked":"BattleHymn","floor":2},{"not_picked":["CrushJoints","SashWhip"],"picked":"FollowUp","floor":4},{"not_picked":["PathToVictory","EmptyFist"],"picked":"Nirvana","floor":5},{"not_picked":["Protect","Establishment"],"picked":"SpiritShield","floor":6},{"not_picked":["ThirdEye","WindmillStrike"],"picked":"Conclude","floor":7},{"not_picked":["CrushJoints","InnerPeace","SignatureMove"],"picked":"SKIP","floor":10},{"not_picked":["FlyingSleeves","FollowUp"],"picked":"JustLucky","floor":11},{"not_picked":["Perseverance","FollowUp"],"picked":"Crescendo","floor":14},{"not_picked":["Vault","ConjureBlade"],"picked":"DevaForm+1","floor":16},{"not_picked":["Halt+1","FollowUp"],"picked":"Fasting2+1","floor":18},{"not_picked":["SandsOfTime+1","FlyingSleeves"],"picked":"JustLucky+1","floor":22},{"not_picked":["Halt+1","Collect"],"picked":"TalkToTheHand+1","floor":23},{"not_picked":["Worship","FlurryOfBlows","Consecrate"],"picked":"SKIP","floor":25},{"not_picked":["DeceiveReality","EmptyMind","BattleHymn+1"],"picked":"SKIP","floor":27},{"not_picked":["WheelKick","FlurryOfBlows","PathToVictory"],"picked":"SKIP","floor":28},{"not_picked":["Worship","Halt"],"picked":"Wallop","floor":29},{"not_picked":["DeceiveReality+1","SashWhip"],"picked":"WindmillStrike","floor":30},{"not_picked":["Omniscience","Brilliance"],"picked":"MasterReality+1","floor":33},{"not_picked":["SashWhip","FlyingSleeves+1"],"picked":"LikeWater+1","floor":35},{"not_picked":["CrushJoints+1","FollowUp+1"],"picked":"Prostrate+1","floor":38},{"not_picked":["Adaptation+1","CrushJoints","Halt"],"picked":"SKIP","floor":39},{"not_picked":["FlurryOfBlows+1","WreathOfFlame+1"],"picked":"DevaForm+1","floor":41}],"player_experience":652520,"relics_obtained":[{"floor":6,"key":"Ancient Tea Set"},{"floor":9,"key":"Frozen Egg 2"},{"floor":11,"key":"The Courier"},{"floor":14,"key":"White Beast Statue"},{"floor":19,"key":"Nilry\u0027s Codex"},{"floor":23,"key":"Meat on the Bone"},{"floor":25,"key":"CeramicFish"},{"floor":26,"key":"War Paint"},{"floor":30,"key":"Centennial Puzzle"},{"floor":37,"key":"Gremlin Horn"},{"floor":38,"key":"CaptainsWheel"},{"floor":41,"key":"Bronze Scales"},{"floor":43,"key":"Smiling Mask"}],"event_choices":[{"damage_healed":0,"gold_gain":0,"player_choice":"Forge","damage_taken":0,"max_hp_gain":0,"max_hp_loss":0,"event_name":"Accursed Blacksmith","floor":3,"gold_loss":0,"cards_upgraded":["BattleHymn"]},{"damage_healed":0,"gold_gain":0,"player_choice":"Success","damage_taken":3,"relics_obtained":["Mercury Hourglass"],"max_hp_gain":0,"max_hp_loss":0,"event_name":"Scrap Ooze","floor":13,"gold_loss":0},{"damage_healed":0,"gold_gain":0,"player_choice":"Obtained Book","damage_taken":16,"max_hp_gain":0,"max_hp_loss":0,"event_name":"Cursed Tome","floor":19,"gold_loss":0},{"damage_healed":0,"gold_gain":99,"player_choice":"Stole From Cult","damage_taken":0,"max_hp_gain":0,"max_hp_loss":0,"event_name":"Nest","floor":21,"gold_loss":0},{"damage_healed":0,"gold_gain":0,"player_choice":"1 cards matched","damage_taken":0,"max_hp_gain":0,"max_hp_loss":0,"event_name":"Match and Keep!","floor":31,"gold_loss":0,"cards_obtained":["Nirvana"]},{"damage_healed":0,"gold_gain":0,"player_choice":"Fight","damage_taken":0,"max_hp_gain":0,"max_hp_loss":0,"event_name":"Mysterious Sphere","floor":38,"gold_loss":0}],"is_beta":false,"boss_relics":[{"not_picked":["Coffee Dripper","Sozu"],"picked":"Philosopher\u0027s Stone"},{"not_picked":["Runic Dome","Calling Bell"],"picked":"Astrolabe"}],"items_purged_floors":[20,36],"is_endless":false,"potions_floor_spawned":[1,6,7,11,14,16,18,22,23,25,27,28,29,30,33,35,38,39,41],"killed_by":"Spire Growth","ascension_level":4}}