{"host":"2wp95sdfrgw3k439","time":1612126504,"event":{"mods":["BaseMod","Better Altar","Better Skull","Better Third Choice","Curses Come First","Minty Spire (QoL Compilation)","Permanent Neow","StSLib"],"gold_per_floor":[15,29,29,29,29,29,29,50,76,91,91,116,151,175,175,305,305,319,335,358,378,3,3,34,34,103,139,139,39,63,89,89,210,210,233,248,248,261,324,345,381,381,381,481,481,30,73,86,86,86],"floor_reached":51,"language":"ENG","playtime":2899,"items_purged":["Strike_P","Writhe"],"score":994,"play_id":"393474d4-227e-43ff-91a9-58bc8aac82c8","local_time":"20210131135504","is_ascension_mode":true,"campfire_choices":[{"floor":6,"key":"REST"},{"data":"ReachHeaven","floor":11,"key":"SMITH"},{"floor":15,"key":"REST"},{"floor":23,"key":"REST"},{"floor":28,"key":"REST"},{"data":"Devotion","floor":32,"key":"SMITH"},{"floor":42,"key":"REST"},{"floor":45,"key":"REST"},{"floor":49,"key":"REST"}],"circlet_count":0,"master_deck":["Strike_P","Defend_P","Defend_P","Defend_P","Defend_P","Eruption","Vigilance","ReachHeaven+1","EmptyFist","Devotion+1","FlyingSleeves","Vengeance","Consecrate","FearNoEvil","DeusExMachina","CutThroughFate+1","Collect+1","Pray+1","Evaluate+1","CutThroughFate+1","SandsOfTime","Halt+1","Wish","Regret","Vault","Protect+1","Perseverance+1","Secret Weapon","BattleHymn","Indignation+1","Adaptation+1","Vault+1","CrushJoints+1"],"relics":["PureWater","Golden Idol","Boot","Pen Nib","Odd Mushroom","Strawberry","Cursed Key","Oddly Smooth Stone","Sling","Anchor","Yang","Nunchaku","Damaru","Fusion Hammer","FossilizedHelix","Omamori","Toxic Egg 2","ClockworkSouvenir","Bottled Tornado","Vajra"],"acts_visited":["Exordium","TheCity","TheBeyond"],"potions_floor_usage":[10,16,21,24,33,35,36,48,50],"damage_taken":[{"damage":12,"enemies":"Small Slimes","floor":1,"turns":2},{"damage":3,"enemies":"2 Louse","floor":2,"turns":2},{"damage":0,"enemies":"Cultist","floor":8,"turns":2},{"damage":1,"enemies":"Large Slime","floor":10,"turns":4},{"damage":3,"enemies":"Blue Slaver","floor":12,"turns":2},{"damage":45,"enemies":"The Mushroom Lair","floor":13,"turns":3},{"damage":25,"enemies":"Hexaghost","floor":16,"turns":6},{"damage":12,"enemies":"Shell Parasite","floor":18,"turns":4},{"damage":7,"enemies":"Chosen","floor":19,"turns":4},{"damage":1,"enemies":"Sentry and Sphere","floor":20,"turns":3},{"damage":10,"enemies":"Snecko","floor":21,"turns":3},{"damage":32,"enemies":"Slavers","floor":24,"turns":3},{"damage":8,"enemies":"Gremlin Leader","floor":27,"turns":4},{"damage":0,"enemies":"Snake Plant","floor":30,"turns":3},{"damage":15,"enemies":"Collector","floor":33,"turns":6},{"damage":1,"enemies":"Orb Walker","floor":35,"turns":3},{"damage":0,"enemies":"3 Shapes","floor":36,"turns":3},{"damage":35,"enemies":"3 Darklings","floor":38,"turns":5},{"damage":0,"enemies":"Mind Bloom Boss Battle","floor":39,"turns":4},{"damage":0,"enemies":"Jaw Worm Horde","floor":40,"turns":4},{"damage":0,"enemies":"Reptomancer","floor":41,"turns":5},{"damage":0,"enemies":"Giant Head","floor":47,"turns":6},{"damage":8,"enemies":"Transient","floor":48,"turns":7},{"damage":44,"enemies":"Time Eater","floor":50,"turns":10}],"seed_played":"-847516663653833362","potions_obtained":[{"floor":1,"key":"Block Potion"},{"floor":2,"key":"PowerPotion"},{"floor":13,"key":"Swift Potion"},{"floor":20,"key":"Swift Potion"},{"floor":21,"key":"DuplicationPotion"},{"floor":30,"key":"Regen Potion"},{"floor":33,"key":"Strength Potion"},{"floor":35,"key":"Block Potion"},{"floor":39,"key":"BottledMiracle"},{"floor":41,"key":"Block Potion"}],"is_trial":false,"path_per_floor":["M","M","?","?","?","R","?","M","T","M","R","M","?","T","R","B",null,"M","M","M","M","$","R","E","?","T","E","R","$","M","T","R","B",null,"M","M","?","M","?","M","E","R","T","?","R","$","E","M","R","B",null],"character_chosen":"WATCHER","items_purchased":["Oddly Smooth Stone","Sling","ClockworkSouvenir","Bottled Tornado","ColorlessPotion"],"campfire_rested":7,"item_purchase_floors":[22,22,46,46,46],"current_hp_per_floor":[74,71,71,64,43,68,68,68,68,67,67,64,19,26,53,28,77,65,58,57,47,47,74,42,42,42,34,61,61,61,61,61,60,85,84,84,84,49,49,49,49,76,76,76,93,93,93,85,93,49],"gold":86,"neow_bonus":"TWENTY_PERCENT_HP_BONUS","is_daily":false,"chose_seed":false,"campfire_upgraded":2,"win_rate":0.0,"timestamp":1612126504,"path_taken":["M","M","?","?","?","R","?","?","T","M","R","M","?","?","R","BOSS","M","M","M","M","?","R","E","?","T","E","R","$","?","?","R","BOSS","M","M","?","M","?","M","E","R","T","?","R","$","E","M","R","BOSS"],"items_purchased_type":["Relic","Relic","Relic","Relic","Potion"],"build_version":"2020-12-22","purchased_purges":2,"victory":true,"max_hp_per_floor":[86,86,86,86,86,86,86,86,86,86,86,86,86,93,93,93,93,93,93,93,93,93,93,93,93,93,93,93,93,93,93,93,93,93,93,93,93,93,93,93,93,93,93,93,93,93,93,93,93,93],"card_choices":[{"not_picked":["Nirvana","Crescendo"],"picked":"ReachHeaven","floor":1},{"not_picked":["JustLucky","Prostrate"],"picked":"EmptyFist","floor":2},{"not_picked":["FlurryOfBlows","PathToVictory"],"picked":"FlyingSleeves","floor":8},{"not_picked":["ClearTheMind","TalkToTheHand"],"picked":"Vengeance","floor":10},{"not_picked":["CutThroughFate","PathToVictory"],"picked":"Consecrate","floor":12},{"not_picked":["ConjureBlade","Evaluate"],"picked":"FearNoEvil","floor":13},{"not_picked":["Alpha","Wish"],"picked":"DeusExMachina","floor":16},{"not_picked":["Perseverance","ClearTheMind"],"picked":"CutThroughFate+1","floor":18},{"not_picked":["Consecrate","Fasting2+1"],"picked":"Collect+1","floor":19},{"not_picked":["WaveOfTheHand","CutThroughFate"],"picked":"Pray+1","floor":20},{"not_picked":["Conclude","CutThroughFate"],"picked":"Evaluate+1","floor":21},{"not_picked":["Collect","WheelKick"],"picked":"CutThroughFate+1","floor":24},{"not_picked":["Vengeance+1","Tantrum"],"picked":"Halt+1","floor":27},{"not_picked":["Protect","WindmillStrike"],"picked":"Wish","floor":30},{"not_picked":["Judgement","Blasphemy"],"picked":"Vault","floor":33},{"not_picked":["WindmillStrike+1","CrushJoints"],"picked":"Protect+1","floor":35},{"not_picked":["Meditate","FlyingSleeves+1"],"picked":"Perseverance+1","floor":36},{"not_picked":["Swift Strike","Good Instincts"],"picked":"Secret Weapon","floor":37},{"not_picked":["CrushJoints","Consecrate"],"picked":"BattleHymn","floor":38},{"not_picked":["ThirdEye+1","ClearTheMind"],"picked":"Indignation+1","floor":39},{"not_picked":["SashWhip","FollowUp+1"],"picked":"Adaptation+1","floor":40},{"not_picked":["Consecrate+1","CutThroughFate","EmptyBody+1"],"picked":"SKIP","floor":41},{"not_picked":["Wallop+1","Worship+1"],"picked":"Vault+1","floor":47},{"not_picked":["FearNoEvil+1","Protect+1"],"picked":"CrushJoints+1","floor":48}],"player_experience":525512,"relics_obtained":[{"floor":9,"key":"Pen Nib"},{"floor":13,"key":"Odd Mushroom"},{"floor":14,"key":"Strawberry"},{"floor":24,"key":"Anchor"},{"floor":26,"key":"Yang"},{"floor":27,"key":"Nunchaku"},{"floor":31,"key":"Damaru"},{"floor":39,"key":"FossilizedHelix"},{"floor":41,"key":"Omamori"},{"floor":43,"key":"Toxic Egg 2"},{"floor":47,"key":"Vajra"}],"event_choices":[{"damage_healed":0,"gold_gain":0,"cards_transformed":["Strike_P"],"player_choice":"Change","damage_taken":0,"max_hp_gain":0,"max_hp_loss":0,"event_name":"Living Wall","floor":3,"gold_loss":0,"cards_obtained":["Devotion"]},{"cards_removed":["Strike_P"],"damage_healed":0,"gold_gain":0,"player_choice":"Card Removal","damage_taken":7,"max_hp_gain":0,"max_hp_loss":0,"event_name":"Golden Wing","floor":4,"gold_loss":0},{"damage_healed":0,"gold_gain":0,"player_choice":"Take Damage","damage_taken":21,"relics_obtained":["Golden Idol"],"max_hp_gain":0,"max_hp_loss":0,"event_name":"Golden Idol","floor":5,"gold_loss":0},{"damage_healed":0,"gold_gain":0,"player_choice":"Gave Potion","damage_taken":0,"relics_obtained":["Boot"],"max_hp_gain":0,"max_hp_loss":0,"event_name":"WeMeetAgain","floor":7,"gold_loss":0},{"damage_healed":0,"gold_gain":0,"player_choice":"Fought Mushrooms","damage_taken":0,"max_hp_gain":0,"max_hp_loss":0,"event_name":"Mushrooms","floor":13,"gold_loss":0},{"damage_healed":0,"gold_gain":0,"player_choice":"1 cards matched","damage_taken":0,"max_hp_gain":0,"max_hp_loss":0,"event_name":"Match and Keep!","floor":25,"gold_loss":0,"cards_obtained":["SandsOfTime"]},{"damage_healed":0,"gold_gain":0,"player_choice":"Memory 1","damage_taken":0,"max_hp_gain":0,"max_hp_loss":0,"event_name":"SensoryStone","floor":37,"gold_loss":0},{"damage_healed":0,"gold_gain":0,"player_choice":"Fight","damage_taken":0,"max_hp_gain":0,"max_hp_loss":0,"event_name":"MindBloom","floor":39,"gold_loss":0},{"damage_healed":0,"gold_gain":100,"player_choice":"Pray","damage_taken":0,"max_hp_gain":0,"max_hp_loss":0,"event_name":"Golden Shrine","floor":44,"gold_loss":0}],"is_beta":false,"boss_relics":[{"not_picked":["Empty Cage","Coffee Dripper"],"picked":"Cursed Key"},{"not_picked":["Snecko Eye","HolyWater"],"picked":"Fusion Hammer"}],"items_purged_floors":[22,29],"is_endless":false,"potions_floor_spawned":[1,2,13,20,21,30,33,35,39,41,47],"ascension_level":5}}