{"host":"qgrlfjrqk9z96gfi","time":1612135080,"event":{"mods":["BaseMod","Block Reminder","Colored Map","Custom Start","DeckTracker","Minty Spire (QoL Compilation)"],"gold_per_floor":[115,135,410,430,8,8,40,55,107,138,138,168,168,182,182,254,254,272,290,290,290,301,301,326,326,326,58,68,68,91,91,91,167,167,178,189,189,189,189,189,218,218,267,298,317,342,342,361,361,361,361,361,361,7,7,7],"floor_reached":55,"language":"ENG","playtime":2739,"items_purged":["Regret"],"score":2082,"play_id":"5df00aac-2cc4-4b92-aabd-d6fb45f0944f","local_time":"20210131131800","is_ascension_mode":true,"campfire_choices":[{"data":"Apotheosis","floor":6.0,"key":"SMITH"},{"floor":11.0,"key":"REST"},{"floor":13.0,"key":"REST"},{"floor":15.0,"key":"REST"},{"floor":23.0,"key":"REST"},{"floor":25.0,"key":"REST"},{"floor":32.0,"key":"REST"},{"floor":40.0,"key":"RECALL"},{"floor":42.0,"key":"REST"},{"floor":47.0,"key":"REST"},{"floor":49.0,"key":"REST"},{"floor":53.0,"key":"REST"}],"circlet_count":0,"master_deck":["AscendersBane","Strike_G","Strike_G","Defend_G","Defend_G","Defend_G","Defend_G","Defend_G","Survivor","Neutralize","Dagger Throw","Blade Dance","Phantasmal Killer","Apotheosis+1","Blade Dance","Crippling Poison","Calculated Gamble","Concentrate","Outmaneuver","PiercingWail","Footwork+1","Infinite Blades+1","Corpse Explosion","After Image+1","Blur+1","Quick Slash+1","Deflect","Finisher","RitualDagger","Dodge and Roll","After Image+1","Leg Sweep","Backflip","Tools of the Trade+1","Panacea","Accuracy+1","Tactician","Noxious Fumes+1","Parasite","Envenom+1","Blur+1","Caltrops+1"],"relics":["Runic Pyramid","Ninja Scroll","Oddly Smooth Stone","Dream Catcher","Frozen Egg 2","Astrolabe","MutagenicStrength","Thread and Needle","Mercury Hourglass","Paper Crane","Regal Pillow","Philosopher\u0027s Stone","Blue Candle","Molten Egg 2","Letter Opener","Kunai"],"acts_visited":["Exordium","TheCity","TheBeyond","TheEnding"],"potions_floor_usage":[],"damage_taken":[{"damage":5.0,"enemies":"Small Slimes","floor":1.0,"turns":5.0},{"damage":0.0,"enemies":"Cultist","floor":2.0,"turns":4.0},{"damage":5.0,"enemies":"Jaw Worm","floor":4.0,"turns":4.0},{"damage":7.0,"enemies":"Lagavulin","floor":7.0,"turns":7.0},{"damage":0.0,"enemies":"Blue Slaver","floor":8.0,"turns":2.0},{"damage":13.0,"enemies":"3 Sentries","floor":10.0,"turns":7.0},{"damage":41.0,"enemies":"Gremlin Nob","floor":12.0,"turns":4.0},{"damage":0.0,"enemies":"Looter","floor":14.0,"turns":3.0},{"damage":2.0,"enemies":"Hexaghost","floor":16.0,"turns":8.0},{"damage":8.0,"enemies":"3 Byrds","floor":18.0,"turns":4.0},{"damage":19.0,"enemies":"2 Thieves","floor":19.0,"turns":4.0},{"damage":13.0,"enemies":"Shelled Parasite and Fungi","floor":22.0,"turns":3.0},{"damage":21.0,"enemies":"Slavers","floor":24.0,"turns":5.0},{"damage":0.0,"enemies":"Snecko","floor":28.0,"turns":8.0},{"damage":3.0,"enemies":"Automaton","floor":33.0,"turns":9.0},{"damage":6.0,"enemies":"3 Darklings","floor":35.0,"turns":5.0},{"damage":0.0,"enemies":"3 Shapes","floor":36.0,"turns":4.0},{"damage":0.0,"enemies":"Giant Head","floor":41.0,"turns":12.0},{"damage":0.0,"enemies":"Reptomancer","floor":44.0,"turns":8.0},{"damage":0.0,"enemies":"Writhing Mass","floor":45.0,"turns":6.0},{"damage":18.0,"enemies":"Nemesis","floor":46.0,"turns":7.0},{"damage":0.0,"enemies":"Maw","floor":48.0,"turns":8.0},{"damage":5.0,"enemies":"Time Eater","floor":50.0,"turns":11.0},{"damage":16.0,"enemies":"Donu and Deca","floor":51.0,"turns":9.0},{"damage":110,"enemies":"Shield and Spear","floor":55,"turns":6}],"seed_played":"-948078277732823136","potions_obtained":[{"floor":1.0,"key":"Weak Potion"},{"floor":2.0,"key":"SneckoOil"},{"floor":4.0,"key":"Regen Potion"},{"floor":7.0,"key":"AttackPotion"},{"floor":16.0,"key":"FearPotion"},{"floor":22.0,"key":"Swift Potion"},{"floor":28.0,"key":"Explosive Potion"},{"floor":35.0,"key":"GhostInAJar"},{"floor":46.0,"key":"GhostInAJar"}],"is_trial":false,"path_per_floor":["M","M","?","M","$","R","E","M","T","E","R","E","R","M","R","B",null,"M","M","?","?","M","R","E","R","T","$","M","$","T","?","R","B",null,"M","M","?","?","?","R","E","R","T","E","M","E","R","M","R","B","B",null,"R","$","E"],"character_chosen":"THE_SILENT","items_purchased":["Apotheosis","Blade Dance","Crippling Poison","Paper Crane","Kunai","Caltrops+1"],"campfire_rested":10,"item_purchase_floors":[5,5,5,27,54,54],"current_hp_per_floor":[54,54,54,49,49,49,42,42,42,44,63,22,41,41,60,58,64,56,37,37,31,18,37,16,35,35,35,35,35,35,35,66,63,65,59,59,59,59,59,59,59,63,63,63,63,45,63,63,63,58,42,58,63,63,0,0],"gold":7,"neow_bonus":"BOSS_RELIC","is_daily":false,"chose_seed":false,"campfire_upgraded":1,"win_rate":0.0,"timestamp":1612135080,"path_taken":["M","M","?","?","$","R","E","M","T","E","R","E","R","M","R","BOSS","M","M","?","?","M","R","E","R","T","?","M","$","?","?","R","BOSS","M","M","?","?","?","R","E","R","T","E","M","E","R","M","R","BOSS","BOSS","R","$","E"],"items_purchased_type":["Card","Card","Card","Relic","Relic","Card"],"build_version":"2020-12-22","purchased_purges":1,"victory":false,"max_hp_per_floor":[66,66,66,66,66,66,66,66,66,66,66,66,66,66,66,66,66,66,66,66,66,66,66,66,66,66,66,66,66,66,66,66,66,66,66,66,66,66,63,63,63,63,63,63,63,63,63,63,63,63,63,63,63,63,63,63],"card_choices":[{"not_picked":["Predator","Dodge and Roll"],"picked":"Dagger Throw","floor":1.0},{"not_picked":["Flying Knee","Acrobatics"],"picked":"Blade Dance","floor":2.0},{"not_picked":["Prepared","Reflex"],"picked":"Phantasmal Killer","floor":4.0},{"not_picked":["Acrobatics","Choke"],"picked":"Calculated Gamble","floor":7.0},{"not_picked":["Underhanded Strike","Flying Knee"],"picked":"Concentrate","floor":8.0},{"not_picked":["Deadly Poison","Distraction"],"picked":"Outmaneuver","floor":10.0},{"not_picked":["Dash","Skewer"],"picked":"PiercingWail","floor":11.0},{"not_picked":["Outmaneuver","Poisoned Stab"],"picked":"Footwork+1","floor":12.0},{"not_picked":["PiercingWail","Slice","Deadly Poison"],"picked":"SKIP","floor":14.0},{"not_picked":["Dagger Throw","Choke"],"picked":"Infinite Blades+1","floor":15.0},{"not_picked":["Storm of Steel","Doppelganger"],"picked":"Corpse Explosion","floor":16.0},{"not_picked":["Bane","Blade Dance"],"picked":"Deflect","floor":18.0},{"not_picked":["Quick Slash","Slice"],"picked":"Finisher","floor":19.0},{"not_picked":["Dagger Throw","Choke","Bane"],"picked":"SKIP","floor":22.0},{"not_picked":["Deflect","Underhanded Strike"],"picked":"Dodge and Roll","floor":23.0},{"not_picked":["Quick Slash","Sucker Punch"],"picked":"After Image+1","floor":24.0},{"not_picked":["Escape Plan","Deflect"],"picked":"Leg Sweep","floor":28.0},{"not_picked":["Tactician","Expertise"],"picked":"Backflip","floor":32.0},{"not_picked":["After Image+1","Phantasmal Killer"],"picked":"Tools of the Trade+1","floor":33.0},{"not_picked":["Poisoned Stab","Backstab","Prepared"],"picked":"SKIP","floor":35.0},{"not_picked":["Dagger Throw","Riddle With Holes","Flechettes+1"],"picked":"SKIP","floor":36.0},{"not_picked":["Mind Blast","Blind"],"picked":"Panacea","floor":38.0},{"not_picked":["Riddle With Holes","Flechettes+1"],"picked":"Accuracy+1","floor":41.0},{"not_picked":["Bane","Dodge and Roll"],"picked":"Tactician","floor":42.0},{"not_picked":["All Out Attack+1","Poisoned Stab+1"],"picked":"Noxious Fumes+1","floor":44.0},{"not_picked":["Masterful Stab+1","Catalyst+1","Cloak And Dagger"],"picked":"SKIP","floor":45.0},{"not_picked":["Endless Agony+1","Wraith Form v2+1"],"picked":"Envenom+1","floor":46.0},{"not_picked":["Sucker Punch+1","Dagger Throw+1"],"picked":"Blur+1","floor":47.0},{"not_picked":["Choke+1","Dagger Spray+1","Prepared"],"picked":"SKIP","floor":48.0}],"player_experience":1092206,"relics_obtained":[{"floor":7.0,"key":"Ninja Scroll"},{"floor":9.0,"key":"Oddly Smooth Stone"},{"floor":10.0,"key":"Dream Catcher"},{"floor":12.0,"key":"Frozen Egg 2"},{"floor":24.0,"key":"Thread and Needle"},{"floor":26.0,"key":"Mercury Hourglass"},{"floor":30.0,"key":"Regal Pillow"},{"floor":41.0,"key":"Blue Candle"},{"floor":44.0,"key":"Molten Egg 2"},{"floor":46.0,"key":"Letter Opener"}],"event_choices":[{"damage_healed":0.0,"max_hp_gain":0.0,"max_hp_loss":0.0,"gold_gain":275.0,"event_name":"Golden Shrine","player_choice":"Desecrate","floor":3.0,"gold_loss":0.0,"damage_taken":0.0,"cards_obtained":["Regret"]},{"damage_healed":0.0,"max_hp_gain":0.0,"max_hp_loss":0.0,"gold_gain":0.0,"event_name":"Drug Dealer","player_choice":"Inject Mutagens","floor":20.0,"gold_loss":0.0,"damage_taken":0.0,"relics_obtained":["MutagenicStrength"]},{"damage_healed":0.0,"max_hp_gain":0.0,"max_hp_loss":0.0,"gold_gain":0.0,"event_name":"Nest","player_choice":"Joined the Cult","floor":21.0,"gold_loss":0.0,"damage_taken":6.0,"cards_obtained":["RitualDagger"]},{"damage_healed":0.0,"max_hp_gain":0.0,"max_hp_loss":0.0,"gold_gain":0.0,"event_name":"Ghosts","player_choice":"Ignored","floor":31.0,"gold_loss":0.0,"damage_taken":0.0},{"damage_healed":0.0,"max_hp_gain":0.0,"max_hp_loss":0.0,"gold_gain":0.0,"event_name":"Tomb of Lord Red Mask","player_choice":"Ignored","floor":37.0,"gold_loss":0.0,"damage_taken":0.0},{"damage_healed":0.0,"max_hp_gain":0.0,"max_hp_loss":0.0,"gold_gain":0.0,"event_name":"SensoryStone","player_choice":"Memory 1","floor":38.0,"gold_loss":0.0,"damage_taken":0.0},{"damage_healed":0.0,"max_hp_gain":0.0,"max_hp_loss":3.0,"gold_gain":0.0,"event_name":"Winding Halls","player_choice":"Max HP","floor":39.0,"gold_loss":0.0,"damage_taken":0.0}],"is_beta":false,"boss_relics":[{"not_picked":["Snecko Eye","HoveringKite"],"picked":"Astrolabe"},{"not_picked":["WristBlade","Runic Dome"],"picked":"Philosopher\u0027s Stone"}],"items_purged_floors":[5],"is_endless":false,"potions_floor_spawned":[1,2,4,7,16,22,28,35,46],"killed_by":"Shield and Spear","ascension_level":20}}