{"host":"pletss163z7s8pvv","time":1612057550,"event":{"mods":["AchievementEnabler","BaseMod","Better Altar","Better Match","Better Note","Better Sensory Stone","Better Skull","Better Third Choice","BetterRewards","CapriCore","ChefMod","Colored Map","Colored Powertips","Conspire","Energized Spire","Evolution","GifTheSpireLib","Hermit","Ironclad Rager","Marked Mod","Minty Spire (QoL Compilation)","Retaliation","Spicy Shops","StS++","StSLib","The Alterego","The Blue Laboratory","The Cursed","The Disciple","The Forsaken"],"gold_per_floor":[114,114,39,39,39,39,54,96,171,171,186,186,201,21,21,21,21],"floor_reached":16,"language":"ENG","playtime":485,"items_purged":[],"score":248,"play_id":"3ccb12d3-b442-46ab-87ce-e528c14037b1","local_time":"20210130194550","daily_mods":["Allstar","Hoarder","Elite Swarm"],"is_ascension_mode":false,"campfire_choices":[{"floor":6,"key":"REST"},{"floor":10,"key":"REST"},{"floor":12,"key":"REST"},{"floor":15,"key":"REST"}],"circlet_count":0,"master_deck":["Strike_Br","Strike_Br","Strike_Br","Strike_Br","Defend_Br","Defend_Br","Defend_Br","Defend_Br","SecondHand","PatternShift","StSpp:Panic","StSpp:Panic","StSpp:Panic","StSpp:MindBarrier","StSpp:MindBarrier","StSpp:MindBarrier","Chrysalis","Chrysalis","Chrysalis","Jack Of All Trades","Jack Of All Trades","Jack Of All Trades","Discovery","Discovery","Discovery","ReapSow","ReapSow","ReapSow","Burst+1","Burst+1","Burst+1","theForsaken:PlagueCurse","theForsaken:PlagueCurse","theForsaken:PlagueCurse","Pain","Pain","Pain","LockedAnchor","LockedAnchor","LockedAnchor","OldTimer","OldTimer","OldTimer","BlueShift","BlueShift","BlueShift","PrimeTime","PrimeTime","PrimeTime","Parasite","Parasite","Parasite","WindUp","WindUp","WindUp"],"relics":["Chronometer","Unceasing Top","StSpp:BrokenTotem","theForsaken:PlagueMask","WarpedTongs","theForsaken:ScaryMask","StrikeDummy","ClockworkSouvenir","HandDrill"],"acts_visited":["Exordium"],"potions_floor_usage":[8],"damage_taken":[{"damage":6,"enemies":"conspire:RoseBush","floor":1,"turns":5},{"damage":10,"enemies":"2 Louse","floor":7,"turns":3},{"damage":50,"enemies":"Gremlin Nob","floor":8,"turns":6},{"damage":17,"enemies":"Cultist","floor":11,"turns":4},{"damage":19,"enemies":"Lots of Slimes","floor":13,"turns":4},{"damage":34,"enemies":"The Guardian","floor":16,"turns":5}],"seed_played":"7510361231737359051","potions_obtained":[{"floor":7,"key":"Block Potion"},{"floor":11,"key":"blueLaboratory:RememoryPotion"}],"is_trial":false,"path_per_floor":["M","?","$","?","?","R","M","E","T","R","M","R","M","$","R","B"],"character_chosen":"CHRONO_CLASS","items_purchased":["StSpp:BrokenTotem","ClockworkSouvenir","HandDrill","WindUp"],"campfire_rested":4,"item_purchase_floors":[3,14,14,14],"current_hp_per_floor":[59,47,47,47,47,65,55,12,12,31,14,33,14,14,33,0,0],"gold":21,"neow_bonus":"","is_daily":true,"chose_seed":false,"campfire_upgraded":0,"win_rate":0.0,"timestamp":1612057550,"path_taken":["M","?","$","?","?","R","M","E","T","R","M","R","M","$","R","BOSS"],"items_purchased_type":["Relic","Relic","Relic","Card"],"build_version":"2020-12-22","purchased_purges":0,"victory":false,"max_hp_per_floor":[65,65,65,65,65,65,65,65,65,65,65,65,65,65,65,65,65],"card_choices":[{"not_picked":["Engulf","Parity"],"picked":"ReapSow","floor":1},{"not_picked":["AlternateTimeline","Break"],"picked":"LockedAnchor","floor":7},{"not_picked":["LockedLightning","Flay"],"picked":"OldTimer","floor":8},{"not_picked":["ShortSighted","LockedThread"],"picked":"BlueShift","floor":11},{"not_picked":["VestedLegacy","WindUp"],"picked":"PrimeTime","floor":13}],"player_experience":471775,"relics_obtained":[{"floor":8,"key":"theForsaken:ScaryMask"},{"floor":9,"key":"StrikeDummy"}],"event_choices":[{"damage_healed":0,"gold_gain":0,"player_choice":"Obtain Plague Curse","damage_taken":0,"max_hp_gain":0,"max_hp_loss":0,"event_name":"Plague Doctor","floor":4,"gold_loss":0,"cards_obtained":["theForsaken:PlagueCurse"]},{"damage_healed":0,"gold_gain":0,"player_choice":"Rummage","damage_taken":0,"relics_obtained":["WarpedTongs"],"max_hp_gain":0,"max_hp_loss":0,"event_name":"Accursed Blacksmith","floor":5,"gold_loss":0,"cards_obtained":["Pain"]}],"is_beta":false,"boss_relics":[],"items_purged_floors":[],"is_endless":false,"potions_floor_spawned":[7,11],"killed_by":"The Guardian","ascension_level":0}}