{"host":"x5w9zppki4gdwvc7","time":1612097884,"event":{"mods":["AchievementEnabler","BaseMod","Colored Powertips","DeckTracker","Minty Spire (QoL Compilation)","Relic Sorter","SuperFastMode"],"gold_per_floor":[109,59,134,134,67,78,112,112,112,112,145,145,156,156,156,258,258,276,244,244,244,244,244,87,87,87,87,115,126,157,176,176,275,275,294,194,194,17,17,47,47,47,47,47,47,47,47,79,79,79],"floor_reached":51,"language":"ENG","playtime":3079,"items_purged":["Decay","Strike_R+1","Strike_R+1"],"score":828,"play_id":"84459b95-71ac-4293-9c4b-1dab5bd4ca96","local_time":"20210131135804","is_ascension_mode":true,"campfire_choices":[{"data":"Shrug It Off","floor":8,"key":"SMITH"},{"data":"Iron Wave","floor":12,"key":"SMITH"},{"floor":15,"key":"REST"},{"data":"Body Slam","floor":23,"key":"SMITH"},{"data":"Jack Of All Trades","floor":25,"key":"SMITH"},{"data":"Inflame","floor":27,"key":"SMITH"},{"floor":32,"key":"REST"},{"data":"Barricade","floor":41,"key":"SMITH"},{"data":"Offering","floor":44,"key":"SMITH"},{"floor":47,"key":"REST"},{"data":"Heavy Blade","floor":49,"key":"SMITH"}],"circlet_count":0,"master_deck":["Strike_R+1","Strike_R+1","Defend_R+1","Defend_R+1","Defend_R+1","Defend_R+1","Bash","Shrug It Off+1","Iron Wave+1","Inflame+1","Shrug It Off+1","Spot Weakness","Body Slam+1","Headbutt+1","Jack Of All Trades+1","Offering+1","Shrug It Off+1","True Grit+1","Barricade+1","CurseOfTheBell","Shrug It Off+1","True Grit+1","Madness","Madness","Heavy Blade+1"],"relics":["Burning Blood","Lizard Tail","Juzu Bracelet","Anchor","Black Star","MutagenicStrength","Calipers","Dream Catcher","Darkstone Periapt","Girya","Gambling Chip","Calling Bell","Potion Belt","HornCleat","Incense Burner","The Courier","Sundial","Self Forming Clay","Pocketwatch","Eternal Feather"],"acts_visited":["Exordium","TheCity","TheBeyond"],"potions_floor_usage":[16,19,30,33,33,33],"damage_taken":[{"damage":7,"enemies":"Jaw Worm","floor":1,"turns":4},{"damage":0,"enemies":"2 Louse","floor":6,"turns":2},{"damage":15,"enemies":"Gremlin Nob","floor":7,"turns":5},{"damage":38,"enemies":"Lagavulin","floor":11,"turns":9},{"damage":9,"enemies":"Cultist","floor":13,"turns":4},{"damage":34,"enemies":"Hexaghost","floor":16,"turns":10},{"damage":9,"enemies":"Chosen","floor":18,"turns":5},{"damage":18,"enemies":"2 Thieves","floor":19,"turns":5},{"damage":43,"enemies":"Slavers","floor":28,"turns":8},{"damage":14,"enemies":"Shelled Parasite and Fungi","floor":29,"turns":5},{"damage":28,"enemies":"Gremlin Leader","floor":30,"turns":6},{"damage":6,"enemies":"Centurion and Healer","floor":31,"turns":6},{"damage":39,"enemies":"Champ","floor":33,"turns":9},{"damage":16,"enemies":"3 Shapes","floor":35,"turns":8},{"damage":38,"enemies":"Nemesis","floor":40,"turns":9},{"damage":1,"enemies":"Giant Head","floor":48,"turns":7},{"damage":8,"enemies":"Awakened One","floor":50,"turns":12}],"seed_played":"531088397849065765","potions_obtained":[{"floor":11,"key":"DistilledChaos"},{"floor":13,"key":"DistilledChaos"},{"floor":16,"key":"Weak Potion"},{"floor":18,"key":"AttackPotion"},{"floor":19,"key":"Weak Potion"},{"floor":30,"key":"ElixirPotion"},{"floor":35,"key":"ElixirPotion"}],"is_trial":false,"path_per_floor":["M","?","?","?","$","M","E","R","T","?","E","R","M","?","R","B",null,"M","M","?","?","?","R","$","R","T","R","E","M","E","M","R","B",null,"M","$","?","$","?","E","R","$","T","R","?","?","R","E","R","B",null],"character_chosen":"IRONCLAD","items_purchased":["Inflame","Jack Of All Trades","PowerPotion"],"campfire_rested":3,"item_purchase_floors":[5,24,38],"current_hp_per_floor":[79,79,68,52,52,58,49,49,49,49,17,17,14,14,38,10,80,77,65,65,65,65,65,65,65,65,65,28,20,40,40,64,31,86,76,76,76,76,76,44,44,44,44,44,33,33,58,63,78,76],"gold":79,"neow_bonus":"THREE_CARDS","is_daily":false,"chose_seed":false,"campfire_upgraded":8,"win_rate":0.0,"timestamp":1612097884,"path_taken":["M","?","?","?","$","M","E","R","T","?","E","R","M","?","R","BOSS","M","M","?","?","?","R","?","R","T","R","E","M","E","M","R","BOSS","M","$","?","$","?","E","R","?","T","R","?","?","R","E","R","BOSS"],"items_purchased_type":["Card","Card","Potion"],"build_version":"2020-12-22","purchased_purges":3,"victory":true,"max_hp_per_floor":[80,80,80,80,80,80,80,80,80,80,80,80,80,80,80,80,80,80,80,80,80,80,80,80,80,80,80,80,80,80,80,80,80,86,86,86,86,86,86,86,86,86,86,86,86,86,86,86,86,86],"card_choices":[{"not_picked":["Second Wind","Headbutt"],"picked":"Shrug It Off","floor":0},{"not_picked":["Wild Strike","Flex"],"picked":"Iron Wave","floor":1},{"not_picked":["Exhume","Pommel Strike"],"picked":"Shrug It Off","floor":6},{"not_picked":["Battle Trance","Berserk"],"picked":"Spot Weakness","floor":7},{"not_picked":["Second Wind","Hemokinesis","Disarm"],"picked":"SKIP","floor":11},{"not_picked":["Anger","Burning Pact"],"picked":"Body Slam","floor":13},{"not_picked":["Anger","Sword Boomerang"],"picked":"Headbutt+1","floor":18},{"not_picked":["Feed","Rage","Iron Wave"],"picked":"SKIP","floor":19},{"not_picked":["Iron Wave","Cleave+1"],"picked":"Offering","floor":28},{"not_picked":["Dual Wield+1","Twin Strike","Havoc"],"picked":"SKIP","floor":29},{"not_picked":["Brutality","Cleave"],"picked":"Shrug It Off+1","floor":30},{"not_picked":["Flex","Power Through"],"picked":"True Grit+1","floor":31},{"not_picked":["Berserk","Reaper"],"picked":"Barricade","floor":33},{"not_picked":["Rupture","Intimidate+1"],"picked":"Shrug It Off+1","floor":35},{"not_picked":["Shrug It Off","Thunderclap"],"picked":"True Grit+1","floor":40},{"not_picked":["Metallicize","Flex"],"picked":"Heavy Blade","floor":47},{"not_picked":["Clothesline","Carnage+1","Cleave"],"picked":"SKIP","floor":48}],"player_experience":312607,"relics_obtained":[{"floor":7,"key":"Lizard Tail"},{"floor":9,"key":"Juzu Bracelet"},{"floor":11,"key":"Anchor"},{"floor":26,"key":"Calipers"},{"floor":28,"key":"Dream Catcher"},{"floor":28,"key":"Darkstone Periapt"},{"floor":30,"key":"Girya"},{"floor":30,"key":"Gambling Chip"},{"floor":34,"key":"Potion Belt"},{"floor":34,"key":"HornCleat"},{"floor":34,"key":"Incense Burner"},{"floor":40,"key":"The Courier"},{"floor":40,"key":"Sundial"},{"floor":43,"key":"Self Forming Clay"},{"floor":48,"key":"Pocketwatch"},{"floor":48,"key":"Eternal Feather"}],"event_choices":[{"cards_removed":["Strike_R"],"damage_healed":0,"gold_gain":0,"player_choice":"Card Removal","damage_taken":0,"max_hp_gain":0,"max_hp_loss":0,"event_name":"The Cleric","floor":2,"gold_loss":50},{"damage_healed":0,"gold_gain":75,"player_choice":"Gather Gold","damage_taken":11,"max_hp_gain":0,"max_hp_loss":0,"event_name":"World of Goop","floor":3,"gold_loss":0},{"damage_healed":0,"gold_gain":0,"player_choice":"Entered Light","damage_taken":16,"max_hp_gain":0,"max_hp_loss":0,"event_name":"Shining Light","floor":4,"gold_loss":0,"cards_upgraded":["Shrug It Off","Defend_R"]},{"damage_healed":0,"gold_gain":0,"player_choice":"1 cards matched","damage_taken":0,"max_hp_gain":0,"max_hp_loss":0,"event_name":"Match and Keep!","floor":10,"gold_loss":0,"cards_obtained":["Cleave"]},{"damage_healed":0,"gold_gain":0,"cards_transformed":["Cleave"],"player_choice":"Transformed","damage_taken":0,"max_hp_gain":0,"max_hp_loss":0,"event_name":"Transmorgrifier","floor":14,"gold_loss":0,"cards_obtained":["Carnage"]},{"damage_healed":0,"gold_gain":0,"player_choice":"Simplicity","damage_taken":0,"max_hp_gain":0,"max_hp_loss":0,"event_name":"Back to Basics","floor":20,"gold_loss":0,"cards_upgraded":["Strike_R","Strike_R","Strike_R","Strike_R","Defend_R","Defend_R","Defend_R"]},{"damage_healed":0,"gold_gain":0,"player_choice":"Inject Mutagens","damage_taken":0,"relics_obtained":["MutagenicStrength"],"max_hp_gain":0,"max_hp_loss":0,"event_name":"Drug Dealer","floor":21,"gold_loss":0},{"damage_healed":0,"gold_gain":0,"player_choice":"Smashed Altar","damage_taken":0,"max_hp_gain":0,"max_hp_loss":0,"event_name":"Forgotten Altar","floor":22,"gold_loss":0,"cards_obtained":["Decay"]},{"damage_healed":0,"gold_gain":0,"player_choice":"Ignored","damage_taken":0,"max_hp_gain":0,"max_hp_loss":0,"event_name":"Tomb of Lord Red Mask","floor":37,"gold_loss":0},{"damage_healed":0,"gold_gain":0,"player_choice":"Ignored","damage_taken":0,"max_hp_gain":0,"max_hp_loss":0,"event_name":"Mysterious Sphere","floor":39,"gold_loss":0},{"damage_healed":0,"gold_gain":0,"player_choice":"Embrace Madness","damage_taken":11,"max_hp_gain":0,"max_hp_loss":0,"event_name":"Winding Halls","floor":45,"gold_loss":0,"cards_obtained":["Madness","Madness"]},{"cards_removed":["Carnage"],"damage_healed":0,"gold_gain":0,"player_choice":"Removed Attack","damage_taken":0,"max_hp_gain":0,"max_hp_loss":0,"event_name":"Falling","floor":46,"gold_loss":0}],"is_beta":false,"boss_relics":[{"not_picked":["Busted Crown","Pandora\u0027s Box"],"picked":"Black Star"},{"not_picked":["Mark of Pain","Snecko Eye"],"picked":"Calling Bell"}],"items_purged_floors":[24,36,38],"is_endless":false,"potions_floor_spawned":[11,13,16,18,19,30,35],"ascension_level":1}}