{"host":"6xsbn6ynqlzwllfm","time":1612120925,"event":{"mods":["2.2 Compatiblity","BaseMod","Bestiary","Colored Map","Colored Powertips","Curses Come First","Highlight Path","Keyboard Shortcuts","Minty Spire (QoL Compilation)","Relic Stats","Slay the Relics Exporter","StSLib","SuperFastMode"],"gold_per_floor":[118,128,138,155,155,155,155],"floor_reached":6,"language":"ENG","playtime":156,"items_purged":[],"score":76,"play_id":"77c512c7-a73b-42e7-afa5-47e935a17e29","local_time":"20210131142205","daily_mods":["Heirloom","Flight"],"is_ascension_mode":true,"campfire_choices":[],"circlet_count":0,"master_deck":["AscendersBane","Strike_P","Strike_P","Strike_P","Strike_P","Defend_P","Defend_P","Defend_P","Eruption","Vigilance","BowlingBash","Consecrate","DeceiveReality"],"relics":["PureWater","Ginger"],"acts_visited":["Exordium"],"potions_floor_usage":[6],"damage_taken":[{"damage":0.0,"enemies":"Cultist","floor":1.0,"turns":3.0},{"damage":6.0,"enemies":"2 Louse","floor":2.0,"turns":2.0},{"damage":4.0,"enemies":"Jaw Worm","floor":3.0,"turns":3.0},{"damage":13.0,"enemies":"Lots of Slimes","floor":4.0,"turns":3.0},{"damage":40,"enemies":"Lagavulin","floor":6,"turns":2}],"seed_played":"1411270619655900093","potions_obtained":[{"floor":4.0,"key":"DuplicationPotion"}],"is_trial":true,"path_per_floor":["M","M","M","M","?","E"],"character_chosen":"WATCHER","items_purchased":[],"campfire_rested":0,"item_purchase_floors":[],"current_hp_per_floor":[61,55,51,38,38,0,0],"gold":155,"neow_bonus":"","is_daily":false,"chose_seed":false,"campfire_upgraded":0,"win_rate":0.0,"timestamp":1612120925,"path_taken":["M","M","M","M","?","E"],"items_purchased_type":[],"build_version":"2020-12-22","purchased_purges":0,"victory":false,"max_hp_per_floor":[68,68,68,68,68,68,68],"relic_stats":{"counters":[5,13],"Ginger":[2],"obtain_stats":[{"Ginger":0,"PureWater":0},{"Ginger":0,"PureWater":0},{"Ginger":0,"PureWater":0}]},"card_choices":[{"not_picked":["Evaluate","JustLucky"],"picked":"BowlingBash","floor":1.0},{"not_picked":["Crescendo","Prostrate"],"picked":"Consecrate","floor":3.0},{"not_picked":["Halt","Prostrate"],"picked":"DeceiveReality","floor":4.0}],"player_experience":1365260,"relics_obtained":[],"event_choices":[{"cards_removed":["Defend_P"],"damage_healed":0.0,"max_hp_gain":0.0,"max_hp_loss":0.0,"gold_gain":0.0,"event_name":"Wheel of Change","player_choice":"Card Removal","floor":5.0,"gold_loss":0.0,"damage_taken":0.0}],"is_beta":false,"boss_relics":[],"items_purged_floors":[],"is_endless":true,"potions_floor_spawned":[4],"killed_by":"Lagavulin","ascension_level":20}}