{"host":"81h68oe4mr04pk3r","time":1612087307,"event":{"mods":["Act Like it!","Aspiration","BaseMod","BetterRewards","Colored Map","Colored Powertips","Conspire","Downfall","Gensokyo","Hallownest","Hermit","Hubris","Infinite Spire","Jorbs\u0027s Wanderer Trilogy","Koishi","Lobotomy","LobotomyExtend","Marisa????????","Minty Spire (QoL Compilation)","Quick Restart","Reimu??????","Remilia??????","StSLib","The Bug Knight","The Construct","The Cursed","The Disciple","The Servant 0.9.4"],"gold_per_floor":[117,127,139,139,139,139,159,170,170,170,199,216,45,56,56,56,56],"floor_reached":16,"language":"ENG","playtime":1796,"items_purged":[],"score":104,"play_id":"84027d39-35d3-4714-bf62-0587a44f6b92","local_time":"20210131020147","is_ascension_mode":false,"campfire_choices":[{"data":"Phantasmal Killer","floor":6,"key":"SMITH"},{"floor":10,"key":"REST"},{"floor":15,"key":"REST"}],"circlet_count":0,"master_deck":["HollowMod:NailStrikeStart","HollowMod:NailStrikeStart","HollowMod:NailStrikeStart","HollowMod:NailStrikeStart","HollowMod:QuickDashStart","HollowMod:QuickDashStart","HollowMod:QuickDashStart","HollowMod:QuickDashStart","HollowMod:FocusHealStart","HollowMod:PogoStrike","Dark Shackles","Venomology","Riddle With Holes","Phantasmal Killer+1","HollowMod:ShapeofUnn","HollowMod:DreamGate","HollowMod:ShadowDash","HollowMod:ShadowDash","HollowMod:CornifersMapStart","HollowMod:QuirrelsAssistance","HollowMod:MonarchWings","HollowMod:SharpenedNail"],"relics":["HollowMod:VesselMask","LetterFromLob","aspiration:FetidBarrel","Vajra"],"acts_visited":["Hallownest:Greenpath"],"potions_floor_usage":[7],"damage_taken":[{"damage":11,"enemies":"Hallownest:2_Tiktiks_and_1_Crawlid","floor":1,"turns":5},{"damage":3,"enemies":"Hallownest:monsterHuskWarrior","floor":2,"turns":3},{"damage":2,"enemies":"Hallownest:monsterHuskGuard","floor":3,"turns":4},{"damage":10,"enemies":"Hallownest:2_Tiktiks_1_Baldur_1_Crawlid","floor":7,"turns":5},{"damage":14,"enemies":"Hallownest:MossCreep_and_Mosskin","floor":8,"turns":5},{"damage":14,"enemies":"Hallownest:eliteMossKnight","floor":11,"turns":6},{"damage":6,"enemies":"Hallownest:Guard_and_Warrior","floor":12,"turns":4},{"damage":5,"enemies":"Hallownest:monsterMossCharger","floor":14,"turns":4},{"damage":23,"enemies":"Hallownest:BossHornet","floor":16,"turns":2}],"seed_played":"-3814275814916838889","potions_obtained":[{"floor":1,"key":"Guardian:BlockOnCardUsePotion"},{"floor":7,"key":"BlessingOfTheForge"}],"is_trial":false,"path_per_floor":["M","M","M","?","?","R","M","M","T","R","E","M","$","M","R","B"],"character_chosen":"THE_BUGKNIGHT","items_purchased":["HollowMod:CornifersMapStart","HollowMod:QuirrelsAssistance","HollowMod:MonarchWings"],"campfire_rested":2,"item_purchase_floors":[13,13,13],"current_hp_per_floor":[64,67,65,65,65,65,55,51,51,73,59,53,53,54,75,52,52],"gold":56,"neow_bonus":"RANDOM_COLORLESS","is_daily":false,"chose_seed":false,"campfire_upgraded":1,"win_rate":0.0,"timestamp":1612087307,"path_taken":["M","M","M","?","?","R","M","?","T","R","E","M","$","M","R","BOSS"],"items_purchased_type":["Card","Card","Card"],"build_version":"2020-12-22","purchased_purges":0,"victory":false,"max_hp_per_floor":[75,75,75,75,75,75,75,75,75,75,75,75,75,75,75,75,75],"card_choices":[{"not_picked":["Forethought","Swift Strike"],"picked":"Dark Shackles","floor":0},{"not_picked":["HollowMod:BlackTendrils","HollowMod:DashSlash"],"picked":"HollowMod:HowlingWraiths","floor":1},{"not_picked":["HollowMod:HowlingWraiths","HollowMod:NewLittleFool"],"picked":"HollowMod:CrystalDash","floor":2},{"not_picked":["HollowMod:InfectedCysts","HollowMod:CycloneSlash"],"picked":"HollowMod:ShadowDash","floor":3},{"not_picked":["HollowMod:BaldurShell","HollowMod:GrimmsGift"],"picked":"HollowMod:ShapeofUnn","floor":7},{"not_picked":["HollowMod:SoulSplash","HollowMod:SoulMaster"],"picked":"HollowMod:DreamGate","floor":8},{"not_picked":["HollowMod:CycloneSlash","HollowMod:MonarchWings"],"picked":"HollowMod:ShadowDash","floor":11},{"not_picked":["HollowMod:NewLittleFool","HollowMod:FastStrike"],"picked":"HollowMod:ShadowDash","floor":12},{"not_picked":["HollowMod:InfectedAttack","HollowMod:HowlingWraiths"],"picked":"HollowMod:SharpenedNail","floor":14}],"player_experience":204328,"relics_obtained":[{"floor":1,"key":"LetterFromLob"},{"floor":9,"key":"aspiration:FetidBarrel"},{"floor":11,"key":"Vajra"}],"event_choices":[{"damage_healed":0,"gold_gain":0,"player_choice":"Leave","damage_taken":0,"max_hp_gain":0,"max_hp_loss":0,"event_name":"conspire:Investor","floor":4,"gold_loss":0}],"is_beta":false,"boss_relics":[],"items_purged_floors":[],"is_endless":false,"potions_floor_spawned":[1,7,12,14],"killed_by":"Hallownest:BossHornet","ascension_level":0}}