{"host":"klqcd4cqxrk2p1u3","time":1612118754,"event":{"mods":["BaseMod","Downfall","Minty Spire (QoL Compilation)","StSLib"],"gold_per_floor":[99,115,125,135,146,146,173,186,23,23,23,56,56,56,73,174,174,74,85,85,101,101,114,185,85,0,0,0,10,10,10,28,28,28,28],"floor_reached":33,"language":"ENG","playtime":6156,"items_purged":[],"score":272,"play_id":"68dac30f-07f0-4bb8-81ff-d1f2f1e05197","local_time":"20210131134554","is_ascension_mode":false,"campfire_choices":[{"floor":1,"key":"RECALL"},{"data":"hexamod:SpectralAdrenaline","floor":13,"key":"SMITH"},{"data":"hexamod:TimeOfNeed","floor":18,"key":"SMITH"},{"data":"hexamod:EtherealExpedition","floor":25,"key":"SMITH"},{"data":"hexamod:RecurringNightmare","floor":30,"key":"SMITH"}],"circlet_count":0,"master_deck":["hexamod:Strike+1","hexamod:Strike","hexamod:Strike","hexamod:Defend","hexamod:Defend","hexamod:Defend","hexamod:Defend","hexamod:Sear","hexamod:Float","hexamod:FirstSeal","hexamod:FastForward","hexamod:SoulSteal+1","hexamod:FastForward+1","hexamod:SpectralAdrenaline+1","hexamod:FourthSeal","hexamod:AdvancingGuard","hexamod:Firestarter","hexamod:SpectralAdrenaline+1","hexamod:EtherealExpedition+1","hexamod:TimeOfNeed+1","CurseOfTheBell","hexamod:InspiringFlames","hexamod:GhostShield+1","hexamod:RecurringNightmare+1","hexamod:SixthSeal","hexamod:Hexaguard","hexamod:NightmareGuise","hexamod:ThirdSeal","hexamod:VolcanoVisage+1","hexamod:BurningTouch+1","hexamod:GhostLash","hexamod:ForkedFlame","hexamod:RainOfEmbers"],"relics":["hexamod:SpiritBrand","Orichalcum","Blue Candle","Potion Belt","Calling Bell","Bag of Preparation","Frozen Egg 2","Ginger","downfall:HeartBlessingBlue","Gremlin Horn","downfall:HeartBlessingGreen"],"acts_visited":["Exordium","TheCity"],"potions_floor_usage":[4,5,12,12,16,16,23,23,28,28,29,32,33],"damage_taken":[{"damage":0,"enemies":"Small Slimes","floor":2,"turns":3},{"damage":0,"enemies":"Cultist","floor":3,"turns":4},{"damage":6,"enemies":"Jaw Worm","floor":4,"turns":2},{"damage":18,"enemies":"Large Slime","floor":5,"turns":11},{"damage":2,"enemies":"Exordium Thugs","floor":8,"turns":3},{"damage":0,"enemies":"downfall:FleeingMerchant","floor":9,"turns":4},{"damage":3,"enemies":"3 Sentries","floor":12,"turns":6},{"damage":0,"enemies":"2 Fungi Beasts","floor":15,"turns":3},{"damage":46,"enemies":"DF_ARCHETYPE_STREAMLINE","floor":16,"turns":14},{"damage":15,"enemies":"3 Byrds","floor":19,"turns":3},{"damage":4,"enemies":"Centurion and Healer","floor":21,"turns":6},{"damage":5,"enemies":"3 Cultists","floor":23,"turns":4},{"damage":0,"enemies":"downfall:FleeingMerchant","floor":26,"turns":4},{"damage":0,"enemies":"downfall:FleeingMerchant","floor":28,"turns":4},{"damage":19,"enemies":"Snake Plant","floor":29,"turns":5},{"damage":47,"enemies":"Cultist and Chosen","floor":32,"turns":10},{"damage":20,"enemies":"WA_ARCHETYPE_CALM","floor":33,"turns":5}],"seed_played":"1871680699029167639","potions_obtained":[{"floor":0,"key":"FearPotion"},{"floor":0,"key":"LiquidMemories"},{"floor":0,"key":"hexamod:DoubleChargePotion"},{"floor":3,"key":"hexamod:EctoCoolerPotion"},{"floor":4,"key":"hexamod:SoulburnPotion"},{"floor":12,"key":"FearPotion"},{"floor":15,"key":"SteroidPotion"},{"floor":15,"key":"LiquidMemories"},{"floor":16,"key":"Fruit Juice"},{"floor":16,"key":"Dexterity Potion"},{"floor":19,"key":"Strength Potion"},{"floor":21,"key":"ColorlessPotion"},{"floor":21,"key":"Strength Potion"},{"floor":23,"key":"hexamod:EctoCoolerPotion"},{"floor":26,"key":"hexamod:DoubleChargePotion"},{"floor":29,"key":"hexamod:EctoCoolerPotion"},{"floor":32,"key":"Energy Potion"},{"floor":32,"key":"DuplicationPotion"}],"is_trial":false,"path_per_floor":["R","M","M","M","M","?","T","M","$","T","?","E","R","?","M","B",null,"R","M","?","M","?","M","T","R","$","?","$","M","R","?","M","B"],"character_chosen":"THE_SPIRIT","items_purchased":["hexamod:FourthSeal","hexamod:AdvancingGuard","hexamod:Firestarter","hexamod:Hexaguard","hexamod:NightmareGuise"],"campfire_rested":0,"item_purchase_floors":[9,9,9,26,26],"current_hp_per_floor":[70,70,70,70,59,59,59,64,70,70,65,69,69,69,70,36,75,85,77,77,80,80,82,82,82,85,85,85,73,73,57,17,0,0,0],"gold":28,"neow_bonus":"THREE_SMALL_POTIONS","is_daily":false,"chose_seed":false,"campfire_upgraded":4,"win_rate":0.0,"timestamp":1612118754,"path_taken":["R","M","M","M","M","?","T","?","$","?","?","E","R","?","M","BOSS","R","M","?","M","?","?","T","R","$","?","$","M","R","?","M","BOSS"],"items_purchased_type":["Card","Card","Card","Card","Card"],"build_version":"2020-12-22","purchased_purges":0,"victory":false,"max_hp_per_floor":[70,70,70,70,70,70,70,70,70,70,70,70,70,70,70,75,75,85,85,85,85,85,85,85,85,85,85,85,85,85,90,90,90,90,90],"card_choices":[{"not_picked":["hexamod:BacktrackSmack","hexamod:RetreatToShadows"],"picked":"hexamod:FirstSeal","floor":2},{"not_picked":["hexamod:GhostLash","hexamod:RetreatToShadows"],"picked":"hexamod:SpectersWail","floor":3},{"not_picked":["hexamod:GhostShield","hexamod:ShieldOfDarkness"],"picked":"hexamod:FastForward","floor":4},{"not_picked":["hexamod:PhantomCloak","hexamod:BacktrackSmack"],"picked":"hexamod:SoulSteal","floor":5},{"not_picked":["hexamod:ShieldOfDarkness","hexamod:RainOfEmbers"],"picked":"hexamod:FastForward","floor":8},{"not_picked":["hexamod:UnlimitedPower","hexamod:NightmareStrike"],"picked":"hexamod:SpectralAdrenaline","floor":9},{"not_picked":["hexamod:NecessarySacrifice","hexamod:Again"],"picked":"hexamod:SpectralAdrenaline","floor":12},{"not_picked":["hexamod:AdvancingGuard","hexamod:HeatShield"],"picked":"hexamod:EtherealExpedition","floor":15},{"not_picked":["hexamod:GhostflameInferno","hexamod:GhostOfSpirePresent"],"picked":"hexamod:TimeOfNeed","floor":16},{"not_picked":["hexamod:NightmareStrike","hexamod:DynamicBlow"],"picked":"hexamod:InspiringFlames","floor":19},{"not_picked":["hexamod:HauntingEcho","hexamod:GhostOfSpireFuture+1"],"picked":"hexamod:GhostShield+1","floor":21},{"not_picked":["hexamod:NightmareGuise","hexamod:ShieldOfDarkness"],"picked":"hexamod:RecurringNightmare","floor":23},{"not_picked":["hexamod:ThermalTransfer","hexamod:FastForward+1"],"picked":"hexamod:SixthSeal","floor":26},{"not_picked":["hexamod:RetreatToShadows","hexamod:GhostOfSpireFuture+1"],"picked":"hexamod:VolcanoVisage+1","floor":28},{"not_picked":["hexamod:GhostLash","hexamod:BacktrackSmack"],"picked":"hexamod:BurningTouch+1","floor":28},{"not_picked":["hexamod:NightmareGuise+1","hexamod:ThirdSeal"],"picked":"hexamod:GhostLash","floor":29},{"not_picked":["hexamod:NecessarySacrifice+1","hexamod:GhostflameBarrier"],"picked":"hexamod:ForkedFlame","floor":32},{"not_picked":["hexamod:BurningTouch","hexamod:GhostShield"],"picked":"hexamod:RainOfEmbers","floor":32}],"player_experience":1341969,"relics_obtained":[{"floor":10,"key":"Orichalcum"},{"floor":12,"key":"Potion Belt"},{"floor":17,"key":"Bag of Preparation"},{"floor":17,"key":"Frozen Egg 2"},{"floor":17,"key":"Ginger"},{"floor":24,"key":"Gremlin Horn"}],"event_choices":[{"cards_removed":["hexamod:Strike"],"damage_healed":0,"gold_gain":0,"player_choice":"Offered Basic","damage_taken":0,"max_hp_gain":0,"max_hp_loss":0,"event_name":"Bonfire Elementals","floor":6,"gold_loss":0},{"damage_healed":0,"gold_gain":0,"player_choice":"Ignored","damage_taken":0,"max_hp_gain":0,"max_hp_loss":0,"event_name":"Vampires","floor":20,"gold_loss":0},{"damage_healed":0,"gold_gain":0,"player_choice":"Ignored","damage_taken":0,"max_hp_gain":0,"max_hp_loss":0,"event_name":"NoteForYourself","floor":22,"gold_loss":0}],"is_beta":false,"boss_relics":[{"not_picked":["Sozu","Velvet Choker"],"picked":"Calling Bell"}],"items_purged_floors":[],"is_endless":false,"potions_floor_spawned":[3,4,15,16,21,32],"killed_by":"WA_ARCHETYPE_CALM","ascension_level":0}}