{"host":"dv8biwhj0r0tr1ux","time":1612084081,"event":{"mods":["Act Like it!","BaseMod","Colored Powertips","Downfall","Highlight Path","Hubris","Minty Spire (QoL Compilation)","Quick Restart","Replay The Spire","StSLib","The Animator"],"gold_per_floor":[217,233,193,209,95,95,125,125,125],"floor_reached":8,"language":"RUS","playtime":1152,"items_purged":[],"score":53,"play_id":"7331be87-bfd9-44d7-bd4e-159002556545","local_time":"20210131120801","is_ascension_mode":true,"campfire_choices":[{"data":"animator:Shichika","floor":6,"key":"SMITH"}],"circlet_count":0,"master_deck":["animator:Strike_Konosuba","animator:Defend_Konosuba","animator:Strike","animator:Strike","animator:Strike","animator:Defend","animator:Defend","animator:Defend","animator:Kazuma","animator:Aqua","animator:Souei","animator:DolaRiku","animator:Shichika+1","animator:Eris","animator:Eris","animator:Darkness"],"relics":["animator:LivingPicture","animator:TheMissingPiece"],"acts_visited":["Exordium"],"potions_floor_usage":[8,8,8],"damage_taken":[{"damage":2,"enemies":"Small Slimes","floor":1,"turns":7},{"damage":10,"enemies":"Cultist","floor":2,"turns":5},{"damage":6,"enemies":"2 Louse","floor":4,"turns":5},{"damage":3,"enemies":"Exordium Wildlife","floor":7,"turns":3},{"damage":14,"enemies":"Gremlin Nob","floor":8,"turns":4}],"seed_played":"-1151128768026848306","potions_obtained":[{"floor":3,"key":"Flashbang"},{"floor":3,"key":"Elixir"},{"floor":3,"key":"EntropicBrew"},{"floor":4,"key":"sneckomod:MuddlingPotion"}],"is_trial":false,"path_per_floor":["M","M","?","M","$","R","M","E"],"character_chosen":"THE_ANIMATOR","items_purchased":["animator:Eris"],"campfire_rested":0,"item_purchase_floors":[5],"current_hp_per_floor":[66,56,56,52,52,52,57,51,51],"gold":125,"neow_bonus":"HUNDRED_GOLD","is_daily":false,"chose_seed":false,"campfire_upgraded":1,"win_rate":0.0,"timestamp":1612084081,"path_taken":["M","M","?","?","$","R","M","E"],"items_purchased_type":["Card"],"build_version":"2020-12-22","purchased_purges":0,"victory":false,"max_hp_per_floor":[66,66,66,66,66,66,66,66,66],"card_choices":[{"not_picked":["animator:Assassin","animator:Millim"],"picked":"animator:Souei","floor":1},{"not_picked":["animator:DolaSchwi","animator:Souei"],"picked":"animator:DolaRiku","floor":2},{"not_picked":["animator:TukaLunaMarceau","animator:Tet"],"picked":"animator:Shichika","floor":4},{"not_picked":["animator:Mitsurugi","animator:Megumin"],"picked":"animator:Darkness","floor":7}],"player_experience":280575,"relics_obtained":[],"event_choices":[{"damage_healed":0,"gold_gain":0,"player_choice":"Bought 3 Potions","damage_taken":0,"max_hp_gain":0,"max_hp_loss":0,"event_name":"The Woman in Blue","floor":3,"gold_loss":0}],"is_beta":false,"boss_relics":[],"items_purged_floors":[],"is_endless":false,"potions_floor_spawned":[4],"killed_by":"Gremlin Nob","ascension_level":2}}