{"host":"t75twhtg6c476ygg","time":1612133725,"event":{"mods":["AchievementEnabler","BaseMod","Colored Powertips","Minty Spire (QoL Compilation)","Quick Restart","Relic Stats","StSLib","SuperFastMode"],"gold_per_floor":[114,114,114,129,144,174,174,204,279,279,294,294,294,324,324,424,424,439,64,79,94,109,109,139,139,139,469,469,499,514,544,544,644,644,659,559,559,559,609,639,639,669,669,144,174,204,204,114,114,114],"floor_reached":51,"language":"ENG","playtime":3883,"items_purged":["Pain","Impatience","Scrawl+1"],"score":955,"play_id":"0b718218-9496-4f42-9c72-b67d82dfe2fa","local_time":"20210131225525","daily_mods":["Allstar","Diverse","Elite Swarm"],"is_ascension_mode":false,"campfire_choices":[{"floor":7.0,"key":"REST"},{"data":"Discovery","floor":10.0,"key":"SMITH"},{"floor":12.0,"key":"REST"},{"data":"ConjureBlade","floor":15.0,"key":"SMITH"},{"data":"Panacea","floor":23.0,"key":"SMITH"},{"data":"Double Tap","floor":25.0,"key":"SMITH"},{"floor":32.0,"key":"REST"},{"data":"Bullet Time","floor":41.0,"key":"SMITH"},{"floor":47.0,"key":"REST"},{"floor":49.0,"key":"REST"}],"circlet_count":0,"master_deck":["Strike_R","Strike_R+1","Strike_R","Strike_R","Defend_R","Defend_R","Defend_R","Defend_R","Bash","Discovery+1","Blind","Transmutation+1","Panacea+1","Conserve Battery","Pummel+1","ReachHeaven","Envenom","ConjureBlade+1","Streamline","Bullet Time+1","Double Tap+1","Uppercut+1","Backstab+1","Offering+1","Echo Form","Battle Trance+1","Blade Dance+1","ConjureBlade+1"],"relics":["Burning Blood","Incense Burner","Self Forming Clay","Bronze Scales","Paper Frog","WarpedTongs","Blood Vial","SlaversCollar","Chemical X","Happy Flower","Toxic Egg 2","Potion Belt","Old Coin","Ornamental Fan","Bottled Tornado","Calling Bell","Lantern","Shuriken","Gambling Chip","WingedGreaves","Bottled Flame","Blue Candle","Ginger","Akabeko","Question Card","Anchor","Gremlin Horn"],"acts_visited":[],"potions_floor_usage":[50,50,50,50,50],"damage_taken":[{"damage":3.0,"enemies":"Small Slimes","floor":1.0,"turns":4.0},{"damage":6.0,"enemies":"Jaw Worm","floor":4.0,"turns":3.0},{"damage":0.0,"enemies":"Cultist","floor":5.0,"turns":3.0},{"damage":19.0,"enemies":"Lagavulin","floor":6.0,"turns":9.0},{"damage":22.0,"enemies":"3 Sentries","floor":8.0,"turns":8.0},{"damage":16.0,"enemies":"Lots of Slimes","floor":11.0,"turns":4.0},{"damage":14.0,"enemies":"Gremlin Nob","floor":14.0,"turns":3.0},{"damage":6.0,"enemies":"Slime Boss","floor":16.0,"turns":3.0},{"damage":26.0,"enemies":"2 Thieves","floor":18.0,"turns":4.0},{"damage":11.0,"enemies":"Shell Parasite","floor":20.0,"turns":3.0},{"damage":18.0,"enemies":"Shelled Parasite and Fungi","floor":21.0,"turns":4.0},{"damage":11.0,"enemies":"Snecko","floor":22.0,"turns":3.0},{"damage":0.0,"enemies":"Gremlin Leader","floor":24.0,"turns":4.0},{"damage":12.0,"enemies":"Slavers","floor":27.0,"turns":4.0},{"damage":22.0,"enemies":"Book of Stabbing","floor":29.0,"turns":4.0},{"damage":7.0,"enemies":"Centurion and Healer","floor":30.0,"turns":4.0},{"damage":13.0,"enemies":"Gremlin Leader","floor":31.0,"turns":3.0},{"damage":41.0,"enemies":"Collector","floor":33.0,"turns":4.0},{"damage":6.0,"enemies":"3 Darklings","floor":35.0,"turns":5.0},{"damage":19.0,"enemies":"Mind Bloom Boss Battle","floor":39.0,"turns":4.0},{"damage":11.0,"enemies":"Giant Head","floor":40.0,"turns":6.0},{"damage":24.0,"enemies":"Nemesis","floor":42.0,"turns":3.0},{"damage":23.0,"enemies":"Reptomancer","floor":45.0,"turns":4.0},{"damage":28.0,"enemies":"Nemesis","floor":46.0,"turns":5.0},{"damage":60,"enemies":"Awakened One","floor":50,"turns":7}],"seed_played":"7510361231737359051","potions_obtained":[{"floor":4.0,"key":"BloodPotion"},{"floor":6.0,"key":"Dexterity Potion"},{"floor":16.0,"key":"SpeedPotion"},{"floor":29.0,"key":"SpeedPotion"},{"floor":33.0,"key":"LiquidBronze"},{"floor":39.0,"key":"SteroidPotion"},{"floor":45.0,"key":"LiquidBronze"},{"floor":46.0,"key":"BlessingOfTheForge"}],"is_trial":false,"path_per_floor":["M","?","?","M","M","E","R","E","T","R","M","R","?","E","R","B",null,"M","$","M","M","M","R","E","R","T","E","?","E","M","E","R","B",null,"M","$","?","?","?","E","R","E","T","$","E","E","R","?","R","B",null],"character_chosen":"IRONCLAD","items_purchased":["Chemical X","Happy Flower","Akabeko","Question Card"],"campfire_rested":5,"item_purchase_floors":[19,19,44,44],"current_hp_per_floor":[80,62,46,46,52,39,63,47,47,47,37,61,61,53,53,55,80,60,60,57,47,44,44,52,52,52,48,33,36,37,32,57,24,85,85,85,85,81,68,65,65,49,49,49,34,14,38,38,62,10],"gold":114,"neow_bonus":"","is_daily":true,"chose_seed":false,"campfire_upgraded":5,"win_rate":0.0,"timestamp":1612133725,"path_taken":["M","?","?","M","M","E","R","E","T","R","M","R","?","E","R","BOSS","M","$","?","M","?","R","E","R","T","E","?","E","M","E","R","BOSS","M","$","?","?","?","E","R","E","T","$","E","E","R","?","R","BOSS"],"items_purchased_type":["Relic","Relic","Relic","Relic"],"build_version":"2020-12-22","purchased_purges":3,"victory":true,"max_hp_per_floor":[80,80,80,80,80,80,80,80,80,80,80,80,80,80,80,80,80,80,80,80,80,80,80,80,80,80,80,85,85,85,85,85,85,85,85,85,85,81,81,81,81,81,81,81,81,81,81,81,81,81],"relic_stats":{"Happy Flower":[2],"Gremlin Horn":[3,3],"counters":[1,7],"Self Forming Clay":[21],"Blue Candle":[0],"Ginger":[0],"Question Card":0,"Burning Blood":6,"WarpedTongs":[7],"Blood Vial":2,"Ornamental Fan":[28],"Shuriken":[7],"Bronze Scales":[30],"Gambling Chip":[4],"Chemical X":[2],"obtain_stats":[{"Lantern":0,"Gremlin Horn":0,"Incense Burner":0,"Ginger":0,"Bottled Tornado":0,"Burning Blood":0,"Old Coin":0,"Blood Vial":0,"Gambling Chip":0,"WingedGreaves":0,"Chemical X":0,"Toxic Egg 2":0,"Paper Frog":0,"Potion Belt":0,"Happy Flower":0,"Self Forming Clay":0,"Blue Candle":0,"Question Card":0,"Akabeko":0,"WarpedTongs":0,"Calling Bell":0,"SlaversCollar":0,"Bottled Flame":0,"Anchor":0,"Ornamental Fan":0,"Shuriken":0,"Bronze Scales":0},{"Lantern":0,"Gremlin Horn":0,"Incense Burner":0,"Ginger":0,"Bottled Tornado":0,"Burning Blood":0,"Old Coin":0,"Blood Vial":0,"Gambling Chip":0,"WingedGreaves":0,"Chemical X":0,"Toxic Egg 2":0,"Paper Frog":0,"Potion Belt":0,"Happy Flower":0,"Self Forming Clay":0,"Blue Candle":0,"Question Card":0,"Akabeko":0,"WarpedTongs":0,"Calling Bell":0,"SlaversCollar":0,"Bottled Flame":0,"Anchor":0,"Ornamental Fan":0,"Shuriken":0,"Bronze Scales":0},{"Lantern":0,"Gremlin Horn":0,"Incense Burner":0,"Ginger":0,"Bottled Tornado":0,"Burning Blood":0,"Old Coin":0,"Blood Vial":0,"Gambling Chip":0,"WingedGreaves":0,"Chemical X":0,"Toxic Egg 2":0,"Paper Frog":0,"Potion Belt":0,"Happy Flower":0,"Self Forming Clay":0,"Blue Candle":0,"Question Card":0,"Akabeko":0,"WarpedTongs":0,"Calling Bell":0,"SlaversCollar":0,"Bottled Flame":0,"Anchor":0,"Ornamental Fan":0,"Shuriken":0,"Bronze Scales":0}]},"card_choices":[{"not_picked":["Prostrate","Prepared"],"picked":"Conserve Battery","floor":1.0},{"not_picked":["Skewer","CutThroughFate"],"picked":"Pummel","floor":4.0},{"not_picked":["Conserve Battery","FollowUp"],"picked":"ReachHeaven","floor":5.0},{"not_picked":["Fiend Fire","Grand Finale"],"picked":"Envenom","floor":6.0},{"not_picked":["Establishment","Storm of Steel"],"picked":"ConjureBlade","floor":8.0},{"not_picked":["Defragment","Warcry"],"picked":"Streamline","floor":11.0},{"not_picked":["Bludgeon","Omniscience"],"picked":"Bullet Time","floor":14.0},{"not_picked":["Bullet Time","Phantasmal Killer"],"picked":"Double Tap","floor":16.0},{"not_picked":["Outmaneuver","BowlingBash","EmptyFist"],"picked":"SKIP","floor":18.0},{"not_picked":["Cleave","SandsOfTime"],"picked":"Uppercut+1","floor":20.0},{"not_picked":["Shrug It Off","Halt"],"picked":"Backstab+1","floor":21.0},{"not_picked":["ForeignInfluence","Iron Wave","Clash"],"picked":"SKIP","floor":22.0},{"not_picked":["Storm of Steel+1","Judgement+1"],"picked":"Scrawl+1","floor":24.0},{"not_picked":["Establishment","Corpse Explosion+1"],"picked":"Offering+1","floor":27.0},{"not_picked":["Impervious+1","Brilliance"],"picked":"Echo Form","floor":29.0},{"not_picked":["Sentinel+1","FollowUp+1"],"picked":"Battle Trance+1","floor":30.0},{"not_picked":["Meteor Strike","Rainbow+1","Juggernaut"],"picked":"SKIP","floor":31.0},{"not_picked":["Searing Blow+1","Calculated Gamble+1"],"picked":"Blade Dance+1","floor":35.0},{"not_picked":["Glass Knife","A Thousand Cuts"],"picked":"ConjureBlade+1","floor":40.0},{"not_picked":["Fission+1","Devotion","Wish+1"],"picked":"SKIP","floor":42.0},{"not_picked":["Fission+1","Alpha+1","Ragnarok","ConjureBlade+1"],"picked":"SKIP","floor":45.0},{"not_picked":["Barricade","Reaper","Wish+1","Storm of Steel+1"],"picked":"SKIP","floor":46.0}],"player_experience":281145,"relics_obtained":[{"floor":6.0,"key":"Self Forming Clay"},{"floor":8.0,"key":"Bronze Scales"},{"floor":9.0,"key":"Paper Frog"},{"floor":14.0,"key":"Blood Vial"},{"floor":24.0,"key":"Toxic Egg 2"},{"floor":26.0,"key":"Potion Belt"},{"floor":27.0,"key":"Old Coin"},{"floor":29.0,"key":"Ornamental Fan"},{"floor":31.0,"key":"Bottled Tornado"},{"floor":34.0,"key":"Lantern"},{"floor":34.0,"key":"Shuriken"},{"floor":34.0,"key":"Gambling Chip"},{"floor":39.0,"key":"WingedGreaves"},{"floor":40.0,"key":"Bottled Flame"},{"floor":42.0,"key":"Blue Candle"},{"floor":43.0,"key":"Ginger"},{"floor":45.0,"key":"Anchor"},{"floor":46.0,"key":"Gremlin Horn"}],"event_choices":[{"damage_healed":0.0,"max_hp_gain":0.0,"max_hp_loss":0.0,"gold_gain":0.0,"event_name":"Scrap Ooze","player_choice":"Success","floor":2.0,"gold_loss":0.0,"damage_taken":18.0,"relics_obtained":["Incense Burner"]},{"damage_healed":0.0,"max_hp_gain":0.0,"max_hp_loss":0.0,"gold_gain":0.0,"event_name":"Shining Light","player_choice":"Entered Light","floor":3.0,"gold_loss":0.0,"damage_taken":16.0,"cards_upgraded":["Transmutation","Strike_R"]},{"damage_healed":0.0,"max_hp_gain":0.0,"max_hp_loss":0.0,"gold_gain":0.0,"event_name":"Accursed Blacksmith","player_choice":"Rummage","floor":13.0,"gold_loss":0.0,"damage_taken":0.0,"relics_obtained":["WarpedTongs"],"cards_obtained":["Pain"]},{"damage_healed":0.0,"max_hp_gain":5.0,"max_hp_loss":0.0,"gold_gain":0.0,"event_name":"Forgotten Altar","player_choice":"Shed Blood","floor":28.0,"gold_loss":0.0,"damage_taken":20.0},{"damage_healed":0.0,"max_hp_gain":0.0,"max_hp_loss":0.0,"gold_gain":0.0,"event_name":"Tomb of Lord Red Mask","player_choice":"Ignored","floor":37.0,"gold_loss":0.0,"damage_taken":0.0},{"damage_healed":0.0,"max_hp_gain":0.0,"max_hp_loss":4.0,"gold_gain":0.0,"event_name":"Winding Halls","player_choice":"Max HP","floor":38.0,"gold_loss":0.0,"damage_taken":0.0},{"damage_healed":0.0,"max_hp_gain":0.0,"max_hp_loss":0.0,"gold_gain":0.0,"event_name":"MindBloom","player_choice":"Fight","floor":39.0,"gold_loss":0.0,"damage_taken":0.0},{"cards_removed":["Strike_R"],"damage_healed":0.0,"max_hp_gain":0.0,"max_hp_loss":0.0,"gold_gain":0.0,"event_name":"Designer","player_choice":"Upgrade and Remove","floor":48.0,"gold_loss":90.0,"damage_taken":0.0,"cards_upgraded":["Pummel"]}],"is_beta":false,"boss_relics":[{"not_picked":["Mark of Pain","Sozu"],"picked":"SlaversCollar"},{"not_picked":["SacredBark","Velvet Choker"],"picked":"Calling Bell"}],"items_purged_floors":[19,36,44],"is_endless":false,"potions_floor_spawned":[4,6,16,18,24,29,33,39,45,46],"ascension_level":0}}