{"host":"6xsbn6ynqlzwllfm","time":1612125246,"event":{"mods":["2.2 Compatiblity","BaseMod","Bestiary","Colored Map","Colored Powertips","Curses Come First","Highlight Path","Keyboard Shortcuts","Minty Spire (QoL Compilation)","Relic Stats","Slay the Relics Exporter","StSLib","SuperFastMode"],"gold_per_floor":[110,120,130,130,140,168,180,180,180],"floor_reached":8,"language":"ENG","playtime":209,"items_purged":[],"score":120,"play_id":"d0ba801f-9fdc-4f75-8f24-2fb7cc8d6b5d","local_time":"20210131153406","is_ascension_mode":true,"campfire_choices":[],"circlet_count":0,"master_deck":["AscendersBane","Strike_P","Strike_P","Strike_P","Defend_P","Defend_P","Defend_P","Defend_P","Eruption","Vigilance","Protect","BowlingBash","SandsOfTime","TalkToTheHand"],"relics":["PureWater","Yang"],"acts_visited":["Exordium"],"potions_floor_usage":[6,8],"damage_taken":[{"damage":1,"enemies":"Small Slimes","floor":1,"turns":4},{"damage":3,"enemies":"Cultist","floor":2,"turns":4},{"damage":3,"enemies":"2 Louse","floor":3,"turns":4},{"damage":9,"enemies":"Blue Slaver","floor":5,"turns":5},{"damage":22,"enemies":"Gremlin Nob","floor":6,"turns":3},{"damage":3,"enemies":"Looter","floor":7,"turns":4},{"damage":3,"enemies":"Lagavulin","floor":8,"turns":7}],"seed_played":"-3037525702024480523","potions_obtained":[{"floor":1,"key":"BottledMiracle"},{"floor":2,"key":"Fire Potion"}],"is_trial":false,"path_per_floor":["M","M","M","?","M","E","M","E"],"character_chosen":"WATCHER","items_purchased":[],"campfire_rested":0,"item_purchase_floors":[],"current_hp_per_floor":[66,63,60,60,51,29,26,23,23],"gold":180,"neow_bonus":"TEN_PERCENT_HP_BONUS","is_daily":false,"chose_seed":false,"campfire_upgraded":0,"win_rate":0.0,"timestamp":1612125246,"path_taken":["M","M","M","?","M","E","?","E"],"items_purchased_type":[],"build_version":"2020-12-22","purchased_purges":0,"victory":false,"max_hp_per_floor":[74,74,74,74,74,74,74,74,74],"relic_stats":{"counters":[7,31],"Yang":[11],"obtain_stats":[{"Yang":6,"PureWater":0},{"Yang":5,"PureWater":0},{"Yang":20,"PureWater":0}]},"card_choices":[{"not_picked":["Crescendo","Evaluate"],"picked":"Protect","floor":1},{"not_picked":["ThirdEye","FlurryOfBlows"],"picked":"BowlingBash","floor":2},{"not_picked":["FlurryOfBlows","CutThroughFate"],"picked":"SandsOfTime","floor":3},{"not_picked":["Consecrate","Crescendo"],"picked":"TalkToTheHand","floor":6}],"player_experience":1368686,"relics_obtained":[{"floor":6,"key":"Yang"}],"event_choices":[{"cards_removed":["Strike_P"],"damage_healed":0,"gold_gain":0,"player_choice":"Purged","damage_taken":0,"max_hp_gain":0,"max_hp_loss":0,"event_name":"Purifier","floor":4,"gold_loss":0}],"is_beta":false,"boss_relics":[],"items_purged_floors":[],"is_endless":false,"potions_floor_spawned":[1,2],"killed_by":"Lagavulin","ascension_level":20}}