{"host":"iy54rgx5egu9t31x","time":1612067162,"event":{"mods":["2.2 Compatiblity","Act Like it!","Always Whale","BaseMod","Gensokyo","Koishi","Marisa（F雨　魔理沙）","Minty Spire (QoL Compilation)","Quick Restart","RumiaBox-露米娅的神秘盒子","StSLib","SuperFastMode","The Bug Knight"],"gold_per_floor":[115,126,116,127,101,131,146,146,217,242,242,262,262,0,0,74,74,91,101,101,101],"floor_reached":20,"language":"ZHS","playtime":807,"items_purged":[],"score":306,"play_id":"674b886b-e3da-42e2-881a-e1a2fd804396","local_time":"20210131122602","is_ascension_mode":true,"campfire_choices":[{"floor":11.0,"key":"REST"},{"floor":15.0,"key":"REST"}],"circlet_count":0,"master_deck":["AscendersBane","Koishi:BasicStrike","Koishi:BasicStrike","Koishi:BasicStrike","Koishi:BasicStrike","Koishi:BasicDefend","Koishi:BasicDefend","Koishi:BasicDefend","Koishi:BasicDefend","Koishi:Provoke","Koishi:HauntingSlash","Koishi:MentalBreakdown","Koishi:Bloodlust","Koishi:SubterraneanRose","Koishi:StrangeCloudFist","Koishi:ParalyzingFear","Koishi:SpiritedAway","Koishi:TraumaticStroke","Koishi:Prune","Pain","Koishi:JumpScare","Koishi:SubconsciousSweep","Gensokyo:CrescentMoonSlash","Gensokyo:RustyChest","Gensokyo:ManorOfTheDishes","Gensokyo:Shovel","Koishi:PerfectMindControl","Koishi:MassHysteria","Koishi:Untouchable+1"],"relics":["Koishi:ImaginaryFriend","Baka","StoneCalendar","Kunai","Gensokyo:LunaticRedEyes","Letter Opener","Bag of Marbles","AddBug"],"acts_visited":["Gensokyo:Gensokyo","Gensokyo:Gensokyoer"],"potions_floor_usage":[18,19],"damage_taken":[{"damage":6.0,"enemies":"Gensokyo:3_Fairies","floor":1.0,"turns":6.0},{"damage":0.0,"enemies":"Gensokyo:2_Kodama","floor":2.0,"turns":1.0},{"damage":11.0,"enemies":"Gensokyo:Gryphon","floor":3.0,"turns":3.0},{"damage":4.0,"enemies":"Gensokyo:2_Rabbits","floor":4.0,"turns":5.0},{"damage":3.0,"enemies":"Gensokyo:3_Kodama","floor":5.0,"turns":3.0},{"damage":5.0,"enemies":"Gensokyo:Aya","floor":6.0,"turns":4.0},{"damage":4.0,"enemies":"Gensokyo:Kitsune","floor":7.0,"turns":5.0},{"damage":21.0,"enemies":"Gensokyo:Mamizou","floor":10.0,"turns":5.0},{"damage":8.0,"enemies":"Gensokyo:VengefulSpirit","floor":12.0,"turns":5.0},{"damage":3.0,"enemies":"Gensokyo:Reimu","floor":16.0,"turns":5.0},{"damage":36,"enemies":"Gensokyo:AngelMirror","floor":18,"turns":6},{"damage":18,"enemies":"Gensokyo:CosmicMonolith","floor":19,"turns":5},{"damage":4,"enemies":"Gensokyo:Wraith","floor":20,"turns":3}],"seed_played":"7894781414827697574","potions_obtained":[{"floor":1.0,"key":"Fire Potion"},{"floor":5.0,"key":"LiquidMemories"},{"floor":6.0,"key":"SpeedPotion"},{"floor":18,"key":"PowerPotion"}],"is_trial":false,"path_per_floor":["M","M","M","M","M","E","M","?","T","E","R","M","?","COS","R","B",null,"M","M","M"],"character_chosen":"KOISHI","items_purchased":[],"campfire_rested":2,"item_purchase_floors":[],"current_hp_per_floor":[46,47,37,34,31,26,23,23,23,4,19,14,7,7,22,23,45,13,4,0,0],"gold":101,"neow_bonus":"THREE_RARE_CARDS","is_daily":false,"chose_seed":false,"campfire_upgraded":0,"win_rate":0.0,"timestamp":1612067162,"path_taken":["M","M","M","?","M","E","M","?","T","E","R","M","?","COS","R","BOSS","M","M","M"],"items_purchased_type":[],"build_version":"2020-12-22","purchased_purges":0,"victory":false,"max_hp_per_floor":[52,52,52,52,52,52,52,52,52,52,52,52,52,52,52,52,52,52,52,52,52],"card_choices":[{"not_picked":["Koishi:FadingMemory","Koishi:RuptureMind"],"picked":"Koishi:MentalBreakdown","floor":0.0},{"not_picked":["Koishi:RacingHeart","Koishi:StingingMind"],"picked":"Koishi:Bloodlust","floor":1.0},{"not_picked":["Koishi:EmbersOfLove","Koishi:FreudianInstinct"],"picked":"Koishi:SubterraneanRose","floor":2.0},{"not_picked":["Koishi:TremblingHands","Koishi:Vanish"],"picked":"Koishi:StrangeCloudFist","floor":3.0},{"not_picked":["Koishi:UnconsciousUprising","Koishi:JumpScare"],"picked":"Koishi:ParalyzingFear","floor":4.0},{"not_picked":["Koishi:CatchAndRose","Koishi:FidgetySnatcher"],"picked":"Koishi:SpiritedAway","floor":5.0},{"not_picked":["Koishi:MindNumbingTerror","Koishi:SprinkleStarAndHeart"],"picked":"Koishi:TraumaticStroke","floor":6.0},{"not_picked":["Koishi:Catatonia","Koishi:HeartfeltFancy"],"picked":"Koishi:Prune","floor":7.0},{"not_picked":["Koishi:UnansweredLove","Koishi:ConfinedInnocent"],"picked":"Koishi:JumpScare","floor":10.0},{"not_picked":["Koishi:HeartfeltFancy","Koishi:EmbryosDream"],"picked":"Koishi:SubconsciousSweep","floor":12.0},{"not_picked":["Koishi:MindStellarRelief","Koishi:HeartStoppingHorror"],"picked":"Koishi:PerfectMindControl","floor":16.0},{"not_picked":["Koishi:UnansweredLove","Koishi:SpiritedAway"],"picked":"Koishi:MassHysteria","floor":18},{"not_picked":["Koishi:SubconsciousSweep","Koishi:SpiritedAway+1"],"picked":"Koishi:Untouchable+1","floor":19}],"player_experience":1126474,"relics_obtained":[{"floor":1.0,"key":"Baka"},{"floor":2.0,"key":"StoneCalendar"},{"floor":6.0,"key":"Kunai"},{"floor":9.0,"key":"Letter Opener"},{"floor":10.0,"key":"Bag of Marbles"}],"event_choices":[],"is_beta":false,"boss_relics":[{"not_picked":["Runic Pyramid","Tiny House"],"picked":"AddBug"}],"items_purged_floors":[],"is_endless":false,"potions_floor_spawned":[1,5,6,16,18],"killed_by":"Gensokyo:Wraith","ascension_level":14}}