{"host":"sc0o2qwpf9j16a4i","time":1612106043,"event":{"mods":["AchievementEnabler","BaseMod","BetterRewards","Block Reminder","Colored Map","Colored Powertips","Custom Start","Highlight Path","Minty Spire (QoL Compilation)","Relic Stats"],"gold_per_floor":[111,111,12,12,60,96,96,132,132,168,168,202,202,233,233,364,364,385,400,400,421,421,421,460,460,460,500,500,500,541,27,27,157,157,178,0,0,24,87,127,140,179,202,236,569,582,600,933,933,933],"floor_reached":51,"language":"ENG","playtime":1948,"items_purged":[],"score":1178,"play_id":"f1cffadf-5677-49cb-87e3-e2beb01c4e47","local_time":"20210131171403","daily_mods":["SealedDeck","Vintage","Elite Swarm"],"is_ascension_mode":false,"campfire_choices":[{"data":"Limit Break","floor":13,"key":"SMITH"},{"data":"Armaments","floor":15,"key":"SMITH"},{"data":"Juggernaut","floor":23,"key":"SMITH"},{"data":"Inflame","floor":25,"key":"SMITH"},{"data":"Offering","floor":28,"key":"SMITH"},{"data":"Apotheosis","floor":32,"key":"SMITH"},{"data":"Combust","floor":49,"key":"SMITH"}],"circlet_count":0,"master_deck":["Rage","Shrug It Off","Armaments+1","Rampage","Headbutt","Battle Trance","Metallicize","Combust+1","Shockwave","Inflame+1","Demon Form+1","Juggernaut+1","Limit Break+1","Reaper","Reaper","Bite","Bite","Bite","Bite","Bite","Reaper","Offering+1","Apotheosis+1","Corruption","True Grit+1","Exhume","Reaper","Brutality+1"],"relics":["Burning Blood","The Courier","Anchor","Gremlin Horn","Sundial","Self Forming Clay","Ginger","Bag of Preparation","StoneCalendar","Orichalcum","Runic Pyramid","Boot","Oddly Smooth Stone","StrikeDummy","Centennial Puzzle","Pen Nib","Letter Opener","Lantern","Lee\u0027s Waffle","CaptainsWheel","Coffee Dripper","Vajra","Red Mask","Strawberry","Lizard Tail","Thread and Needle","Torii","Frozen Egg 2","Nunchaku","Ornamental Fan","Blood Vial","Bronze Scales","Old Coin"],"acts_visited":["Exordium","TheCity","TheBeyond"],"potions_floor_usage":[6,8,14,50],"damage_taken":[{"damage":0,"enemies":"2 Louse","floor":1,"turns":2},{"damage":4,"enemies":"Lagavulin","floor":6,"turns":5},{"damage":3,"enemies":"3 Sentries","floor":8,"turns":4},{"damage":1,"enemies":"Lagavulin","floor":10,"turns":6},{"damage":23,"enemies":"Gremlin Nob","floor":12,"turns":4},{"damage":7,"enemies":"3 Sentries","floor":14,"turns":4},{"damage":22,"enemies":"The Guardian","floor":16,"turns":7},{"damage":12,"enemies":"2 Thieves","floor":18,"turns":4},{"damage":2,"enemies":"Spheric Guardian","floor":19,"turns":5},{"damage":0,"enemies":"Centurion and Healer","floor":21,"turns":5},{"damage":20,"enemies":"Gremlin Leader","floor":24,"turns":6},{"damage":13,"enemies":"Slavers","floor":27,"turns":6},{"damage":20,"enemies":"Book of Stabbing","floor":30,"turns":4},{"damage":14,"enemies":"Champ","floor":33,"turns":6},{"damage":0,"enemies":"3 Shapes","floor":35,"turns":4},{"damage":13,"enemies":"Orb Walker","floor":38,"turns":3},{"damage":10,"enemies":"Mind Bloom Boss Battle","floor":39,"turns":5},{"damage":9,"enemies":"Nemesis","floor":40,"turns":5},{"damage":6,"enemies":"Spire Growth","floor":41,"turns":3},{"damage":6,"enemies":"Giant Head","floor":42,"turns":5},{"damage":12,"enemies":"Reptomancer","floor":44,"turns":5},{"damage":15,"enemies":"Transient","floor":46,"turns":5},{"damage":2,"enemies":"4 Shapes","floor":47,"turns":2},{"damage":8,"enemies":"Giant Head","floor":48,"turns":6},{"damage":22,"enemies":"Donu and Deca","floor":50,"turns":6}],"seed_played":"6010036055140851467","potions_obtained":[{"floor":6,"key":"Energy Potion"},{"floor":8,"key":"DistilledChaos"},{"floor":10,"key":"SpeedPotion"},{"floor":19,"key":"Regen Potion"},{"floor":21,"key":"BloodPotion"},{"floor":47,"key":"CultistPotion"}],"is_trial":true,"path_per_floor":["M","?","$","?","T","E","?","E","T","E","?","E","R","E","R","B",null,"M","M","?","M","?","R","E","R","T","E","R","?","E","$","R","B",null,"M","?","?","M","?","E","M","E","T","E","?","M","M","E","R","B",null],"character_chosen":"IRONCLAD","items_purchased":["Inflame","BlessingOfTheForge","Apotheosis","Lee\u0027s Waffle","CaptainsWheel"],"campfire_rested":0,"item_purchase_floors":[3,3,31,31,31],"current_hp_per_floor":[80,60,60,65,65,67,67,70,70,75,68,51,51,50,50,85,85,85,85,85,85,59,59,59,59,59,59,59,59,59,66,66,66,66,66,66,66,73,73,73,73,73,73,73,73,73,73,73,73,73],"gold":933,"neow_bonus":"","is_daily":false,"chose_seed":false,"campfire_upgraded":7,"win_rate":0.0,"timestamp":1612106043,"path_taken":["M","?","$","?","?","E","?","E","T","E","?","E","R","E","R","BOSS","M","M","?","?","?","R","E","R","T","E","R","?","E","$","R","BOSS","M","?","?","M","?","E","M","E","T","E","?","M","M","E","R","BOSS"],"items_purchased_type":["Card","Potion","Card","Relic","Relic"],"build_version":"2020-12-22","purchased_purges":0,"victory":true,"max_hp_per_floor":[80,80,80,85,85,85,85,85,85,85,85,85,85,85,85,85,85,85,85,85,85,59,59,59,59,59,59,59,59,59,66,66,66,66,66,66,66,73,73,73,73,73,73,73,73,73,73,73,73,73],"relic_stats":{"Lee\u0027s Waffle":7,"Gremlin Horn":[23,24],"Torii":2,"counters":[25,117],"Self Forming Clay":[198],"StoneCalendar":[11],"Pen Nib":[9],"Bag of Preparation":[42],"Ginger":[12],"Letter Opener":[120],"Orichalcum":[36],"Boot":[8],"Burning Blood":53,"Blood Vial":0,"Centennial Puzzle":[35],"Lizard Tail":0,"Nunchaku":[3],"Sundial":[18],"Ornamental Fan":[20],"Bronze Scales":[24],"obtain_stats":[{"Lantern":30,"Gremlin Horn":6,"Torii":41,"Vajra":35,"StoneCalendar":12,"Bag of Preparation":11,"Ginger":10,"Boot":18,"Burning Blood":0,"Old Coin":48,"Blood Vial":46,"Centennial Puzzle":24,"Lizard Tail":39,"Nunchaku":43,"Sundial":8,"Strawberry":38,"Red Mask":36,"Runic Pyramid":17,"Lee\u0027s Waffle":31,"Golden Idol":2,"Self Forming Clay":9,"Oddly Smooth Stone":19,"Thread and Needle":40,"The Courier":1,"Pen Nib":26,"Letter Opener":27,"Orichalcum":14,"Frozen Egg 2":42,"Anchor":5,"CaptainsWheel":31,"Ornamental Fan":44,"Bronze Scales":47,"Coffee Dripper":34,"StrikeDummy":21},{"Lantern":13,"Gremlin Horn":2,"Torii":19,"Vajra":15,"StoneCalendar":5,"Bag of Preparation":4,"Ginger":4,"Boot":8,"Burning Blood":0,"Old Coin":24,"Blood Vial":22,"Centennial Puzzle":11,"Lizard Tail":17,"Nunchaku":20,"Sundial":3,"Strawberry":16,"Red Mask":15,"Runic Pyramid":7,"Lee\u0027s Waffle":13,"Golden Idol":1,"Self Forming Clay":3,"Oddly Smooth Stone":9,"Thread and Needle":18,"The Courier":1,"Pen Nib":11,"Letter Opener":12,"Orichalcum":6,"Frozen Egg 2":20,"Anchor":1,"CaptainsWheel":13,"Ornamental Fan":21,"Bronze Scales":23,"Coffee Dripper":14,"StrikeDummy":10},{"Lantern":62,"Gremlin Horn":7,"Torii":88,"Vajra":72,"StoneCalendar":21,"Bag of Preparation":17,"Ginger":17,"Boot":36,"Burning Blood":0,"Old Coin":111,"Blood Vial":103,"Centennial Puzzle":52,"Lizard Tail":80,"Nunchaku":93,"Sundial":11,"Strawberry":75,"Red Mask":72,"Runic Pyramid":32,"Lee\u0027s Waffle":62,"Golden Idol":2,"Self Forming Clay":11,"Oddly Smooth Stone":41,"Thread and Needle":85,"The Courier":2,"Pen Nib":52,"Letter Opener":58,"Orichalcum":25,"Frozen Egg 2":93,"Anchor":2,"CaptainsWheel":62,"Ornamental Fan":98,"Bronze Scales":105,"Coffee Dripper":68,"StrikeDummy":46}]},"card_choices":[{"not_picked":["Bludgeon","Immolate","Fiend Fire"],"picked":"SKIP","floor":6},{"not_picked":["Brutality","Double Tap"],"picked":"Demon Form","floor":8},{"not_picked":["Fiend Fire","Exhume"],"picked":"Juggernaut","floor":10},{"not_picked":["Corruption","Immolate"],"picked":"Limit Break","floor":12},{"not_picked":["Impervious","Double Tap"],"picked":"Reaper","floor":14},{"not_picked":["Bludgeon","Demon Form"],"picked":"Reaper","floor":16},{"not_picked":["Brutality","Immolate"],"picked":"Reaper","floor":24},{"not_picked":["Bludgeon","Juggernaut"],"picked":"Offering","floor":27},{"not_picked":["Brutality","Bludgeon","Offering"],"picked":"SKIP","floor":30},{"not_picked":["Reaper","Brutality"],"picked":"Corruption","floor":33},{"not_picked":["Uppercut","Thunderclap+1"],"picked":"True Grit+1","floor":39},{"not_picked":["Immolate","Demon Form"],"picked":"Exhume","floor":40},{"not_picked":["Bludgeon","Brutality+1","Fiend Fire"],"picked":"SKIP","floor":42},{"not_picked":["Double Tap","Immolate"],"picked":"Reaper","floor":44},{"not_picked":["Immolate","Exhume"],"picked":"Brutality+1","floor":48}],"player_experience":1122126,"relics_obtained":[{"floor":1,"key":"The Courier"},{"floor":5,"key":"Anchor"},{"floor":6,"key":"Gremlin Horn"},{"floor":8,"key":"Sundial"},{"floor":9,"key":"Self Forming Clay"},{"floor":10,"key":"Ginger"},{"floor":12,"key":"StoneCalendar"},{"floor":14,"key":"Orichalcum"},{"floor":18,"key":"Boot"},{"floor":19,"key":"Oddly Smooth Stone"},{"floor":21,"key":"StrikeDummy"},{"floor":24,"key":"Centennial Puzzle"},{"floor":26,"key":"Pen Nib"},{"floor":27,"key":"Letter Opener"},{"floor":30,"key":"Lantern"},{"floor":35,"key":"Vajra"},{"floor":38,"key":"Strawberry"},{"floor":39,"key":"Lizard Tail"},{"floor":40,"key":"Thread and Needle"},{"floor":41,"key":"Torii"},{"floor":42,"key":"Frozen Egg 2"},{"floor":43,"key":"Nunchaku"},{"floor":44,"key":"Ornamental Fan"},{"floor":46,"key":"Blood Vial"},{"floor":47,"key":"Bronze Scales"},{"floor":48,"key":"Old Coin"}],"event_choices":[{"damage_healed":0,"gold_gain":0,"player_choice":"Take Damage","damage_taken":20,"relics_obtained":["Golden Idol"],"max_hp_gain":0,"max_hp_loss":0,"event_name":"Golden Idol","floor":2,"gold_loss":0},{"damage_healed":0,"gold_gain":0,"player_choice":"Donut","damage_taken":0,"max_hp_gain":5,"max_hp_loss":0,"event_name":"Big Fish","floor":4,"gold_loss":0},{"damage_healed":0,"gold_gain":0,"player_choice":"Leave","damage_taken":0,"max_hp_gain":0,"max_hp_loss":0,"event_name":"The Cleric","floor":7,"gold_loss":0},{"damage_healed":0,"gold_gain":0,"player_choice":"Success","damage_taken":7,"relics_obtained":["Bag of Preparation"],"max_hp_gain":0,"max_hp_loss":0,"event_name":"Scrap Ooze","floor":11,"gold_loss":0},{"damage_healed":0,"gold_gain":0,"player_choice":"Upgraded","damage_taken":0,"max_hp_gain":0,"max_hp_loss":0,"event_name":"Upgrade Shrine","floor":20,"gold_loss":0,"cards_upgraded":["Demon Form"]},{"damage_healed":0,"gold_gain":0,"player_choice":"Became a vampire","damage_taken":0,"max_hp_gain":0,"max_hp_loss":26,"event_name":"Vampires","floor":22,"gold_loss":0,"cards_obtained":["Bite","Bite","Bite","Bite","Bite"]},{"cards_removed":["Twin Strike"],"damage_healed":0,"gold_gain":0,"player_choice":"Elegance","damage_taken":0,"max_hp_gain":0,"max_hp_loss":0,"event_name":"Back to Basics","floor":29,"gold_loss":0},{"damage_healed":0,"gold_gain":0,"player_choice":"Paid","damage_taken":0,"relics_obtained":["Red Mask"],"max_hp_gain":0,"max_hp_loss":0,"event_name":"Tomb of Lord Red Mask","floor":36,"gold_loss":178},{"damage_healed":0,"gold_gain":0,"player_choice":"Memory 1","damage_taken":0,"max_hp_gain":0,"max_hp_loss":0,"event_name":"SensoryStone","floor":37,"gold_loss":0},{"damage_healed":0,"gold_gain":0,"player_choice":"Fight","damage_taken":0,"max_hp_gain":0,"max_hp_loss":0,"event_name":"MindBloom","floor":39,"gold_loss":0},{"damage_healed":0,"gold_gain":333,"player_choice":"Gave Idol","damage_taken":0,"max_hp_gain":0,"max_hp_loss":0,"event_name":"The Moai Head","floor":45,"relics_lost":["Golden Idol"],"gold_loss":0}],"is_beta":false,"boss_relics":[{"not_picked":["Runic Dome","Black Star"],"picked":"Runic Pyramid"},{"not_picked":["SacredBark","Tiny House"],"picked":"Coffee Dripper"}],"items_purged_floors":[],"is_endless":false,"potions_floor_spawned":[6,8,10,19,21,24,38,41,42,47,48],"ascension_level":0}}