{"host":"Arthrogeddon","time":1612108092,"event":{"mods":["BaseMod","Beaked The Cultist","ChefMod","Downfall","Glutton Mod","Hermit","Highlight Path","Infinite Spire","Mad Scientist","Minty Spire (QoL Compilation)","StSLib","The Construct","The Cursed","The Disciple","The Hierophant","The Marked","The Mystic","The Necromancer","The Runesmith","The Witch"],"gold_per_floor":[115,115,190,47,59,89,89,118,144,144,157,157,157,170,170,273,273,290,205,205,221,230,264,306,306,355,464,49,93,192,201,201,308,308,333,458,517,532,541,579,888,888,888,888,342,342,38,54,54,166,166,166],"floor_reached":51,"language":"ENG","playtime":6316,"items_purged":["Sweeping Beam+1","Streamline","Compile Driver","Ball Lightning"],"score":733,"play_id":"1d48c72b-81fa-4781-b7e6-86d81e955ede","local_time":"20210131164812","daily_mods":["Draft","Heirloom","Time Dilation","Flight","downfall:Lament"],"is_ascension_mode":false,"campfire_choices":[{"data":"Fusion","floor":7.0,"key":"SMITH"},{"data":"Redo","floor":12.0,"key":"SMITH"},{"data":"Conserve Battery","floor":13.0,"key":"SMITH"},{"data":"Loop","floor":15.0,"key":"SMITH"},{"data":"Echo Form","floor":25.0,"key":"SMITH"},{"floor":32.0,"key":"REST"},{"data":"Amplify","floor":42.0,"key":"SMITH"},{"floor":46.0,"key":"DIG"},{"floor":49.0,"key":"REST"},{"floor":49.0,"key":"DIG"}],"circlet_count":0,"master_deck":["Ball Lightning","White Noise","Go for the Eyes","Conserve Battery","Redo+1","Lockon","Compile Driver","Conserve Battery","Conserve Battery+1","Compile Driver","Fusion+1","Leap","Loop+1","Amplify+1","Darkness+1","Beam Cell+1","Rebound","Echo Form+1","Rainbow","Conserve Battery","Defragment+1","Conserve Battery","Seek","Machine Learning","Darkness","infinitespire:Fortify","Defragment+1","Bandage Up","Aggregate+1","infinitespire:SealOfDarkness+","Electrodynamics"],"relics":["Unceasing Top","NeowsBlessing","hexamod:Sixitude","Guardian:PocketSentry","Regal Pillow","CaptainsWheel","Mummified Hand","Pen Nib","FossilizedHelix","Astrolabe","CeramicFish","Ancient Tea Set","Guardian:GemstoneGun","infinitespire:Lucky Rock","Runesmith:Locket","infinitespire:Midas Blood","Chemical X","infinitespire:Freezer","hexamod:BolsterEngine","Frozen Eye","sneckomod:SneckoTalon","SlaversCollar","Ice Cream","Shovel","Bronze Scales","Nuclear Battery","Old Coin","Mercury Hourglass","Bottled Tornado","ClockworkSouvenir","Orichalcum","Tiny Chest","infinitespire:Magic Flask","bronze:BronzeIdol","Anchor","Toy Ornithopter","Black Star","NeowsBlessing"],"acts_visited":["Exordium","TheCity","TheBeyond","Exordium"],"potions_floor_usage":[50],"damage_taken":[{"damage":0.0,"enemies":"Jaw Worm","floor":1.0,"turns":1.0},{"damage":0.0,"enemies":"2 Louse","floor":5.0,"turns":1.0},{"damage":0.0,"enemies":"Gremlin Nob","floor":6.0,"turns":1.0},{"damage":0.0,"enemies":"Lagavulin","floor":8.0,"turns":4.0},{"damage":0.0,"enemies":"Cultist","floor":11.0,"turns":2.0},{"damage":0.0,"enemies":"3 Louse","floor":14.0,"turns":2.0},{"damage":7.0,"enemies":"Hexaghost","floor":16.0,"turns":5.0},{"damage":0.0,"enemies":"Spheric Guardian","floor":18.0,"turns":3.0},{"damage":0.0,"enemies":"Chosen","floor":21.0,"turns":3.0},{"damage":6.0,"enemies":"Slavers","floor":23.0,"turns":3.0},{"damage":15.0,"enemies":"Gremlin Leader","floor":24.0,"turns":3.0},{"damage":0.0,"enemies":"Colosseum Slavers","floor":27.0,"turns":2.0},{"damage":8.0,"enemies":"Colosseum Nobs","floor":27.0,"turns":3.0},{"damage":21.0,"enemies":"Nightmare","floor":29.0,"turns":5.0},{"damage":0.0,"enemies":"Collector","floor":33.0,"turns":1.0},{"damage":0.0,"enemies":"3 Shapes","floor":35.0,"turns":2.0},{"damage":0.0,"enemies":"infinitespire:Three Voidlings","floor":36.0,"turns":3.0},{"damage":34.0,"enemies":"Nightmare_Alpha","floor":36.0,"turns":7.0},{"damage":0.0,"enemies":"Mind Bloom Boss Battle","floor":37.0,"turns":3.0},{"damage":0.0,"enemies":"3 Darklings","floor":38.0,"turns":3.0},{"damage":0.0,"enemies":"beaked:SuperParasite","floor":40.0,"turns":4.0},{"damage":0.0,"enemies":"Spire Growth","floor":48.0,"turns":4.0},{"damage":20,"enemies":"Awakened One","floor":50,"turns":7}],"seed_played":"-2376099890060947737","potions_obtained":[{"floor":8.0,"key":"SpeedPotion"},{"floor":14.0,"key":"DuplicationPotion"},{"floor":21.0,"key":"EssenceOfSteel"},{"floor":23.0,"key":"Strength Potion"},{"floor":24.0,"key":"DuplicationPotion"},{"floor":29.0,"key":"infinitespire:BlackPotion"}],"is_trial":true,"path_per_floor":["M","?","?","$","M","E","R","E","T","?","M","R","R","M","R","B",null,"M","?","?","M","?","E","E","R","T","?","$","NM","?","AVR","R","B",null,"M","?","?","M","?","E","AVR","R","T","T","$","R","$","M","R","B",null],"character_chosen":"DEFECT","items_purchased":["Regal Pillow","Chemical X","infinitespire:Freezer","Conserve Battery","ClockworkSouvenir","Orichalcum","Tiny Chest","bronze:BronzeIdol","Anchor"],"campfire_rested":2,"item_purchase_floors":[4,28,28,28,45,45,45,47,47],"current_hp_per_floor":[75,75,64,64,64,64,64,64,64,61,61,61,61,61,61,54,75,75,75,75,75,75,69,54,54,54,46,46,25,25,25,62,62,75,75,41,41,41,41,45,45,45,45,45,45,45,45,49,75,59,75,75],"gold":166,"neow_bonus":"","is_daily":false,"chose_seed":false,"campfire_upgraded":6,"win_rate":0.0,"timestamp":1612108092,"path_taken":["M","?","?","$","M","E","R","E","T","?","M","R","R","M","R","BOSS","M","?","?","?","?","E","E","R","T","?","$","NM","?","AVR","R","BOSS","M","?","?","?","?","E","AVR","R","T","?","$","R","$","M","R","BOSS"],"items_purchased_type":["Relic","Relic","Relic","Card","Relic","Relic","Relic","Relic","Relic"],"build_version":"2020-11-17","purchased_purges":4,"victory":false,"max_hp_per_floor":[75,75,75,75,75,75,75,75,75,75,75,75,75,75,75,75,75,75,75,75,75,75,75,75,75,75,75,75,75,75,75,75,75,75,75,75,75,75,75,75,75,75,75,75,75,75,75,75,75,75,75,75],"card_choices":[{"not_picked":["Compile Driver","Gash"],"picked":"Ball Lightning","floor":0.0},{"not_picked":["Hologram","Gash"],"picked":"White Noise","floor":0.0},{"not_picked":["Redo","Hologram"],"picked":"Compile Driver","floor":0.0},{"not_picked":["Barrage","White Noise"],"picked":"Go for the Eyes","floor":0.0},{"not_picked":["Chill","Sunder"],"picked":"Streamline","floor":0.0},{"not_picked":["FTL","Recycle"],"picked":"Conserve Battery","floor":0.0},{"not_picked":["Barrage","Tempest"],"picked":"Redo","floor":0.0},{"not_picked":["Cold Snap","Ball Lightning"],"picked":"Lockon","floor":0.0},{"not_picked":["Hologram","Stack"],"picked":"Compile Driver","floor":0.0},{"not_picked":["Stack","Hologram"],"picked":"Gash","floor":0.0},{"not_picked":["Recycle","Beam Cell"],"picked":"Coolheaded","floor":0.0},{"not_picked":["Sunder","Skim"],"picked":"Conserve Battery","floor":0.0},{"not_picked":["Rebound","Streamline"],"picked":"Conserve Battery","floor":0.0},{"not_picked":["Undo","Coolheaded"],"picked":"Streamline","floor":0.0},{"not_picked":["White Noise","Barrage"],"picked":"Ball Lightning","floor":0.0},{"not_picked":["Sunder","Coolheaded"],"picked":"Compile Driver","floor":1.0},{"not_picked":["Steam","Steam Power","Compile Driver"],"picked":"SKIP","floor":5.0},{"not_picked":["Sweeping Beam","Beam Cell"],"picked":"Fusion","floor":6.0},{"not_picked":["Biased Cognition","Chill"],"picked":"Leap","floor":8.0},{"not_picked":["Steam","Genetic Algorithm","Reprogram"],"picked":"SKIP","floor":11.0},{"not_picked":["Glacier","Rebound"],"picked":"Loop","floor":14.0},{"not_picked":["Multi-Cast","Reboot"],"picked":"Amplify","floor":16.0},{"not_picked":["Coolheaded","Streamline"],"picked":"Rebound","floor":18.0},{"not_picked":["Auto Shields","Fusion","Cold Snap"],"picked":"SKIP","floor":21.0},{"not_picked":["Genetic Algorithm","Barrage+1"],"picked":"Rainbow","floor":23.0},{"not_picked":["Barrage","Compile Driver"],"picked":"Conserve Battery","floor":24.0},{"not_picked":["Gash","Conserve Battery"],"picked":"Defragment+1","floor":27.0},{"not_picked":["Cold Snap","Recycle"],"picked":"Seek","floor":29.0},{"not_picked":["Creative AI","Core Surge"],"picked":"Machine Learning","floor":33.0},{"not_picked":["Storm+1","Gash"],"picked":"Darkness","floor":35.0},{"not_picked":["infinitespire:SevenWalls","infinitespire:FinalStrike"],"picked":"infinitespire:Fortify","floor":36.0},{"not_picked":["Beam Cell+1","Streamline"],"picked":"Defragment+1","floor":37.0},{"not_picked":["Stack","FTL+1","Ball Lightning"],"picked":"SKIP","floor":38.0},{"not_picked":["Swift Strike","Enlightenment"],"picked":"Bandage Up","floor":39.0},{"not_picked":["Seek","Melter"],"picked":"Aggregate+1","floor":40.0},{"not_picked":["Turbo+1","Ball Lightning+1","Sweeping Beam+1"],"picked":"SKIP","floor":48.0},{"not_picked":["All For One","Hyperbeam"],"picked":"Electrodynamics","floor":50}],"player_experience":40099,"relics_obtained":[{"floor":2.0,"key":"Guardian:PocketSentry"},{"floor":6.0,"key":"CaptainsWheel"},{"floor":8.0,"key":"Mummified Hand"},{"floor":9.0,"key":"Pen Nib"},{"floor":23.0,"key":"Ancient Tea Set"},{"floor":24.0,"key":"Guardian:GemstoneGun"},{"floor":26.0,"key":"infinitespire:Lucky Rock"},{"floor":27.0,"key":"Runesmith:Locket"},{"floor":27.0,"key":"infinitespire:Midas Blood"},{"floor":29.0,"key":"hexamod:BolsterEngine"},{"floor":36.0,"key":"Ice Cream"},{"floor":37.0,"key":"Shovel"},{"floor":40.0,"key":"Bronze Scales"},{"floor":43.0,"key":"Mercury Hourglass"},{"floor":44.0,"key":"Bottled Tornado"},{"floor":46.0,"key":"infinitespire:Magic Flask"},{"floor":49.0,"key":"Toy Ornithopter"}],"event_choices":[{"damage_healed":0.0,"max_hp_gain":0.0,"max_hp_loss":0.0,"gold_gain":75.0,"event_name":"World of Goop","player_choice":"Gather Gold","floor":3.0,"gold_loss":0.0,"damage_taken":11.0},{"damage_healed":0.0,"max_hp_gain":0.0,"max_hp_loss":0.0,"gold_gain":0.0,"event_name":"Scrap Ooze","player_choice":"Success","floor":10.0,"gold_loss":0.0,"damage_taken":3.0,"relics_obtained":["FossilizedHelix"]},{"damage_healed":0.0,"max_hp_gain":0.0,"max_hp_loss":0.0,"gold_gain":0.0,"event_name":"Addict","player_choice":"Obtained Relic","floor":19.0,"gold_loss":85.0,"damage_taken":0.0,"relics_obtained":["CeramicFish"]},{"damage_healed":0.0,"max_hp_gain":0.0,"max_hp_loss":0.0,"gold_gain":0.0,"event_name":"The Woman in Blue","player_choice":"Bought 0 Potions","floor":20.0,"gold_loss":0.0,"damage_taken":0.0},{"damage_healed":0.0,"max_hp_gain":0.0,"max_hp_loss":0.0,"gold_gain":0.0,"event_name":"The Library","player_choice":"Read","floor":22.0,"gold_loss":0.0,"damage_taken":0.0,"cards_obtained":["Echo Form"]},{"damage_healed":0.0,"max_hp_gain":0.0,"max_hp_loss":0.0,"gold_gain":0.0,"event_name":"Colosseum","player_choice":"Fight","floor":27.0,"gold_loss":0.0,"damage_taken":0.0},{"damage_healed":0.0,"max_hp_gain":0.0,"max_hp_loss":0.0,"gold_gain":0.0,"event_name":"Colosseum","player_choice":"Fought Nobs","floor":27.0,"gold_loss":0.0,"damage_taken":0.0},{"damage_healed":0.0,"max_hp_gain":0.0,"max_hp_loss":0.0,"gold_gain":99.0,"event_name":"Nest","player_choice":"Stole From Cult","floor":30.0,"gold_loss":0.0,"damage_taken":0.0},{"damage_healed":0.0,"max_hp_gain":0.0,"max_hp_loss":0.0,"gold_gain":0.0,"event_name":"MindBloom","player_choice":"Fight","floor":37.0,"gold_loss":0.0,"damage_taken":0.0},{"damage_healed":0.0,"max_hp_gain":0.0,"max_hp_loss":0.0,"gold_gain":0.0,"event_name":"SensoryStone","player_choice":"Memory 1","floor":39.0,"gold_loss":0.0,"damage_taken":0.0}],"is_beta":true,"boss_relics":[{"not_picked":["Calling Bell","Busted Crown"],"picked":"Astrolabe"},{"not_picked":["Snecko Eye","Empty Cage"],"picked":"SlaversCollar"},{"not_picked":["SacredBark","Tiny House"],"picked":"Black Star"}],"items_purged_floors":[28,31,41,45],"is_endless":true,"potions_floor_spawned":[8,14,21,23,24,29,36,38,48],"ascension_level":0}}