{"host":"0ricjaa7rfq9v76t","time":1612090760,"event":{"mods":["AchievementEnabler","Aspiration","BaseMod","Better Altar","Better Match","Better Sensory Stone","Better Skull","Better Vampires","BetterRewards","Colored Powertips","Downfall","Energized Spire","Highlight Path","Hubris","Infinite Spire","Minty Spire (QoL Compilation)","Quick Restart","Rare Cards Sparkle","Relic Sorter","Reliquary","Replay The Spire","StSLib","SuperFastMode","Synergy Search","The Cursed","The Disciple","The Jungle","The Marked","The Mystic","Uncapped"],"gold_per_floor":[119,119,326,344,244,8,8,8,8,8,8,26,26,37,37,140,140,156,71,81,81,81,81],"floor_reached":22,"language":"ENG","playtime":982,"items_purged":["Strike_B","Defend_B","Defend_B"],"score":272,"play_id":"33548e4b-a9c4-4025-80a2-d96824414cab","local_time":"20210131185920","is_ascension_mode":false,"campfire_choices":[{"data":"Double Energy","floor":7,"key":"SMITH"},{"data":"White Noise","floor":13,"key":"SMITH"},{"data":"Loop","floor":15,"key":"SMITH"}],"circlet_count":0,"master_deck":["Strike_B","Strike_B","Defend_B","Defend_B","Zap","Dualcast","White Noise+1","Conserve Battery","Self Repair","hubris:Ukulele","Undo+1","Gash","Thunder Strike","Loop+1","Double Energy+1","Seek","Reinforced Body"],"relics":["Cracked Core","aspiration:StickyExplosives_weak","hubris:Towel","Regal Pillow","energizedSpire:UnstableMolecules","Prayer Wheel","reliquary:BallBearing","Blood Vial"],"acts_visited":["Exordium","TheCity"],"potions_floor_usage":[16],"damage_taken":[{"damage":0,"enemies":"Small Slimes","floor":1,"turns":3},{"damage":4,"enemies":"2 Louse","floor":4,"turns":3},{"damage":1,"enemies":"Cultist","floor":12,"turns":3},{"damage":0,"enemies":"Red Slaver","floor":14,"turns":3},{"damage":13,"enemies":"Slime Boss","floor":16,"turns":6},{"damage":32,"enemies":"3 Byrds","floor":18,"turns":6},{"damage":27,"enemies":"2 Thieves","floor":20,"turns":4},{"damage":30,"enemies":"Chosen and Byrds","floor":22,"turns":4}],"seed_played":"6378008429030025112","potions_obtained":[{"floor":1,"key":"Regen Potion"},{"floor":12,"key":"Fire Potion"},{"floor":18,"key":"Strength Potion"}],"is_trial":false,"path_per_floor":["M","?","?","M","$","$","R","?","T","?","?","M","R","M","R","B",null,"M","?","M","?","M"],"character_chosen":"DEFECT","items_purchased":["White Noise","Conserve Battery","Self Repair","hubris:Ukulele","Loop","Double Energy"],"campfire_rested":0,"item_purchase_floors":[0,0,0,0,6,6],"current_hp_per_floor":[72,72,54,57,57,57,57,57,57,57,57,63,63,70,70,64,75,50,50,30,10,0,0],"gold":81,"neow_bonus":"","is_daily":false,"chose_seed":false,"campfire_upgraded":3,"win_rate":0.0,"timestamp":1612090760,"path_taken":["M","?","?","?","?","$","R","?","T","?","?","M","R","M","R","BOSS","M","?","M","?","M"],"items_purchased_type":["Card","Card","Card","Card","Card","Card"],"build_version":"2020-12-22","purchased_purges":3,"victory":false,"max_hp_per_floor":[75,75,75,75,75,75,75,75,75,75,75,75,75,75,75,75,75,75,75,75,75,75,75],"card_choices":[{"not_picked":["Barrage","Capacitor","Sweeping Beam"],"picked":"SKIP","floor":1},{"not_picked":["Conserve Battery","Ball Lightning"],"picked":"Gash","floor":3},{"not_picked":["Beam Cell","Cold Snap"],"picked":"Thunder Strike","floor":4},{"not_picked":["Steam Power","Rebound","Time Bomb"],"picked":"SKIP","floor":12},{"not_picked":["Redo","Go for the Eyes"],"picked":"Seek","floor":14},{"not_picked":["Machine Learning","Buffer"],"picked":"ReplayTheSpireMod:Fabricate Wheel","floor":16},{"not_picked":["Glacier","Go for the Eyes"],"picked":"Reinforced Body","floor":18},{"not_picked":["Chaos","Redo","Panic Button"],"picked":"SKIP","floor":18},{"not_picked":["Panic Button+1","Auto Shields","Go for the Eyes"],"picked":"SKIP","floor":20},{"not_picked":["Panic Button+1","Core Surge","Skim"],"picked":"SKIP","floor":20},{"not_picked":["Panic Button+1","Auto Shields","Go for the Eyes"],"picked":"SKIP","floor":20},{"not_picked":["Panic Button+1","Core Surge","Skim"],"picked":"SKIP","floor":20}],"player_experience":251125,"relics_obtained":[{"floor":9,"key":"aspiration:StickyExplosives_weak"}],"event_choices":[{"damage_healed":0,"gold_gain":0,"player_choice":"Gave Potion","damage_taken":0,"relics_obtained":["Regal Pillow"],"max_hp_gain":0,"max_hp_loss":0,"event_name":"WeMeetAgain","floor":11,"gold_loss":0},{"damage_healed":0,"gold_gain":0,"player_choice":"Obtained Relic","damage_taken":0,"relics_obtained":["reliquary:BallBearing"],"max_hp_gain":0,"max_hp_loss":0,"event_name":"Addict","floor":19,"gold_loss":85},{"damage_healed":0,"gold_gain":0,"player_choice":" Vial ","damage_taken":20,"relics_obtained":["Blood Vial"],"max_hp_gain":30,"max_hp_loss":10,"event_name":"betterAltar:BetterAltar","floor":21,"potions_obtained":[],"relics_lost":[],"gold_loss":0}],"is_beta":false,"boss_relics":[{"not_picked":["aspiration:IroncladSkillbook","reliquary:RedCape"],"picked":"energizedSpire:UnstableMolecules"}],"items_purged_floors":[0,5,6],"is_endless":false,"potions_floor_spawned":[1,12,18],"killed_by":"Chosen and Byrds","ascension_level":0}}