{"host":"q6r63elxu27obe7v","time":1612106419,"event":{"mods":["2.2 Compatiblity","AchievementEnabler","BaseMod","CapriCore","DeckTracker","Keyboard Shortcuts","Minty Spire (QoL Compilation)","Permanent Neow","Quick Restart","Replay The Spire","StSLib","SuperFastMode","¡¼?Úª?ø«¡½REMEMod"],"gold_per_floor":[14,34,49,68,86,86,112,62,62,78,91,91,116,133,133,234,234,246,5,5,23,43,43,71,71,97,110,122,122,122,141,141,238,238,250,250,175,195,195],"floor_reached":38,"language":"KOR","playtime":1558,"items_purged":["Defend_G"],"score":610,"play_id":"e892ec72-5b42-4475-97b2-f6c1ca70f917","local_time":"20210201002019","is_ascension_mode":false,"campfire_choices":[{"data":"REME_BattleFury","floor":6,"key":"SMITH"},{"floor":15,"key":"RECALL"},{"data":"ReplayTheSpireMod:The Works","floor":23,"key":"SMITH"},{"floor":25,"key":"REST"},{"data":"Masterful Stab","floor":32,"key":"SMITH"}],"circlet_count":0,"master_deck":["Strike_G","Strike_G","Strike_G","Strike_G","Strike_G","Defend_G","Defend_G","Survivor","Neutralize","REME_BattleFury+1","Dagger Spray","Dagger Throw","Reflex","Finisher","Flying Knee","Backstab","ReplayTheSpireMod:The Works+1","ReplayTheSpireMod:Scrap Shanks","Cloak And Dagger","Adrenaline","Backflip","Bouncing Flask","Calculated Gamble+1","Blade Dance","Pot Of Greed","Pot Of Greed","Pot Of Greed","Backflip+1","Ghostly","Ghostly","Ghostly","Ghostly","Ghostly","Masterful Stab+1","Concentrate+1"],"relics":["Ring of the Snake","REME_ComplimentaryCards","Vajra","Nunchaku","SlaversCollar","Iron Hammer","Unceasing Top","Grinning Jar","StrikeDummy","REME_LowDesire","Blood Vial","Omamori"],"acts_visited":["Exordium","TheCity","TheBeyond"],"potions_floor_usage":[7,13,16,16,22,33,38,38],"damage_taken":[{"damage":3,"enemies":"Jaw Worm","floor":1,"turns":2},{"damage":0,"enemies":"2 Louse","floor":2,"turns":2},{"damage":3,"enemies":"Small Slimes","floor":3,"turns":4},{"damage":4,"enemies":"Blue Slaver","floor":4,"turns":2},{"damage":0,"enemies":"Exordium Wildlife","floor":5,"turns":3},{"damage":8,"enemies":"3 Sentries","floor":7,"turns":5},{"damage":0,"enemies":"Looter","floor":10,"turns":1},{"damage":5,"enemies":"Large Slime","floor":11,"turns":3},{"damage":21,"enemies":"Lagavulin","floor":13,"turns":4},{"damage":0,"enemies":"Gremlin Gang","floor":14,"turns":2},{"damage":11,"enemies":"Slime Boss","floor":16,"turns":4},{"damage":19,"enemies":"Shell Parasite","floor":18,"turns":3},{"damage":0,"enemies":"Chosen","floor":21,"turns":3},{"damage":10,"enemies":"3 Cultists","floor":22,"turns":3},{"damage":18,"enemies":"Gremlin Leader","floor":24,"turns":3},{"damage":13,"enemies":"Centurion and Healer","floor":27,"turns":3},{"damage":0,"enemies":"Snake Plant","floor":28,"turns":1},{"damage":4,"enemies":"Cultist and Chosen","floor":31,"turns":2},{"damage":3,"enemies":"Pondfish","floor":33,"turns":7},{"damage":0,"enemies":"Orb Walker","floor":35,"turns":2}],"seed_played":"4048856434147733695","potions_obtained":[{"floor":2,"key":"AttackPotion"},{"floor":4,"key":"PowerPotion"},{"floor":5,"key":"Milkshake"},{"floor":11,"key":"AttackPotion"},{"floor":13,"key":"Energy Potion"},{"floor":21,"key":"ColorlessPotion"},{"floor":22,"key":"DistilledChaos"},{"floor":27,"key":"FearPotion"},{"floor":33,"key":"SpeedPotion"},{"floor":35,"key":"Doom Potion"}],"is_trial":false,"path_per_floor":["M","M","M","M","M","R","E","?","T","M","M","?","E","M","R","B",null,"M","$","?","M","M","R","E","R","T","M","M","?","T","M","R","B",null,"M","?","$","M"],"character_chosen":"THE_SILENT","items_purchased":["Iron Hammer"],"campfire_rested":1,"item_purchase_floors":[19],"current_hp_per_floor":[67,67,64,60,60,60,52,52,52,52,47,52,31,31,31,20,75,56,56,56,56,46,46,28,50,50,37,37,37,37,33,33,30,37,37,37,37,0,0],"gold":195,"neow_bonus":"RANDOM_COLORLESS_2","is_daily":false,"chose_seed":false,"campfire_upgraded":3,"win_rate":0.0,"timestamp":1612106419,"path_taken":["M","M","M","M","M","R","E","?","T","M","M","?","E","M","R","BOSS","M","$","?","?","M","R","E","R","T","M","M","?","?","M","R","BOSS","M","?","$","M"],"items_purchased_type":["Relic"],"build_version":"2020-12-22","purchased_purges":1,"victory":false,"max_hp_per_floor":[70,70,70,70,70,70,70,70,70,70,70,75,75,75,75,75,75,75,75,75,75,75,75,75,75,75,75,75,37,37,37,37,37,37,37,37,37,37,37],"card_choices":[{"not_picked":["REME_AllRoundStrike","REME_BuildACard"],"picked":"REME_BattleFury","floor":0},{"not_picked":["Bane","REME_GreenPollution","ReplayTheSpireMod:Scrap Shanks"],"picked":"SKIP","floor":1},{"not_picked":["Deflect","Footwork"],"picked":"Dagger Spray","floor":2},{"not_picked":["Slice","Sucker Punch"],"picked":"Dagger Throw","floor":3},{"not_picked":["Well Laid Plans","ReplayTheSpireMod:Speed Training"],"picked":"Reflex","floor":4},{"not_picked":["Underhanded Strike","Flying Knee"],"picked":"Finisher","floor":5},{"not_picked":["Caltrops","ReplayTheSpireMod:Shiv Toss"],"picked":"Flying Knee","floor":7},{"not_picked":["Dodge and Roll","Prepared"],"picked":"Backstab","floor":10},{"not_picked":["Hidden Blade","Noxious Fumes"],"picked":"ReplayTheSpireMod:The Works","floor":11},{"not_picked":["Phantasmal Killer","Underhanded Strike"],"picked":"ReplayTheSpireMod:Scrap Shanks","floor":13},{"not_picked":["Caltrops","ReplayTheSpireMod:Shiv Toss"],"picked":"Cloak And Dagger","floor":14},{"not_picked":["REME_CopyPotion","Venomology"],"picked":"Adrenaline","floor":16},{"not_picked":["Dagger Throw","Outmaneuver"],"picked":"Backflip","floor":18},{"not_picked":["Setup","Replay:Poison Smokescreen"],"picked":"Calculated Gamble+1","floor":21},{"not_picked":["Finisher","Hidden Blade+1"],"picked":"Blade Dance","floor":22},{"not_picked":["Dagger Throw","Deflect","All Out Attack+1"],"picked":"SKIP","floor":24},{"not_picked":["Corpse Explosion","Dagger Throw+1"],"picked":"Backflip+1","floor":27},{"not_picked":["Noxious Fumes","Deflect","Prepared"],"picked":"SKIP","floor":28},{"not_picked":["ReplayTheSpireMod:Exploit Weakness","Outmaneuver"],"picked":"Masterful Stab","floor":31},{"not_picked":["Deflect","Toxin Wave","Bandage Up+1"],"picked":"Concentrate+1","floor":35}],"player_experience":74268,"relics_obtained":[{"floor":7,"key":"Vajra"},{"floor":13,"key":"Nunchaku"},{"floor":24,"key":"Unceasing Top"},{"floor":26,"key":"Grinning Jar"},{"floor":30,"key":"StrikeDummy"},{"floor":34,"key":"Blood Vial"},{"floor":34,"key":"Omamori"}],"event_choices":[{"cards_removed":["Defend_G"],"damage_healed":0,"gold_gain":0,"player_choice":"Card Removal","damage_taken":0,"max_hp_gain":0,"max_hp_loss":0,"event_name":"The Cleric","floor":8,"gold_loss":50},{"damage_healed":0,"gold_gain":0,"player_choice":"Donut","damage_taken":0,"max_hp_gain":5,"max_hp_loss":0,"event_name":"Big Fish","floor":12,"gold_loss":0},{"damage_healed":0,"gold_gain":0,"cards_transformed":["Defend_G"],"player_choice":"Transformed","damage_taken":0,"max_hp_gain":0,"max_hp_loss":0,"event_name":"Transmorgrifier","floor":20,"gold_loss":0,"cards_obtained":["Bouncing Flask"]},{"damage_healed":0,"gold_gain":0,"player_choice":"Became a Ghost","damage_taken":0,"max_hp_gain":0,"max_hp_loss":38,"event_name":"Ghosts","floor":29,"gold_loss":0,"cards_obtained":["Ghostly","Ghostly","Ghostly","Ghostly","Ghostly"]},{"damage_healed":0,"gold_gain":0,"player_choice":"Memory 1","damage_taken":0,"max_hp_gain":0,"max_hp_loss":0,"event_name":"SensoryStone","floor":36,"gold_loss":0}],"is_beta":false,"boss_relics":[{"not_picked":["REME_DemonsWealth","Calling Bell"],"picked":"SlaversCollar"},{"not_picked":["Tiny House","Cursed Key"],"picked":"REME_LowDesire"}],"items_purged_floors":[37],"is_endless":false,"potions_floor_spawned":[2,4,5,11,13,21,22,27,33,35],"killed_by":"3 Shapes","ascension_level":0}}