{"host":"d5i1qeb9dejicw1z","time":1612122271,"event":{"mods":["AchievementEnabler","BaseMod","Better Note","BetterRewards","Evolution","Gold Saver","Minty Spire (QoL Compilation)","Permanent Neow","Relic Filter Mod","Reliquary","StSLib"],"gold_per_floor":[484,559,559,576,587,613,613,297,297,297,21,21,21,21,21,96,96,115,115,164,179,94,94,113,113,113,128,53,84,84,134,134,210,210,224,241,261,241,86,86,30,80,162,162,162],"floor_reached":44,"language":"ENG","playtime":1204,"items_purged":["Decay","Defend_B"],"score":848,"play_id":"4f141004-9697-43be-8394-b7c2b1014acd","local_time":"20210131114431","is_ascension_mode":true,"campfire_choices":[{"floor":7,"key":"REST"},{"data":"Fission","floor":10,"key":"SMITH"},{"data":"Zap","floor":13,"key":"SMITH"},{"data":"Static Discharge","floor":15,"key":"SMITH"},{"data":"Defragment","floor":23,"key":"SMITH"},{"floor":30,"key":"REST"},{"floor":32,"key":"REST"},{"floor":40,"key":"REST"}],"circlet_count":0,"master_deck":["AscendersBane","Ball Lightning","Ball Lightning","Ball Lightning","Ball Lightning","Defend_B","Defend_B","Defend_B","Zap+1","Dualcast","Fission+1","Static Discharge+1","Fission+1","Core Surge","Barrage+1","Defragment+1","Conserve Battery","Seek","Loop+1","Leap","Leap+1"],"relics":["Cracked Core","EVO:Axolotl","Happy Flower","Turnip","Thread and Needle","Lizard Tail","Kunai","Inserter","Pen Nib","reliquary:Conveyor","reliquary:QuartzCube","SlaversCollar","Torii","Singing Bowl"],"acts_visited":["Exordium","TheCity","TheBeyond"],"potions_floor_usage":[18,27,29,34,37,37,42,42],"damage_taken":[{"damage":1,"enemies":"2 Louse","floor":1,"turns":3},{"damage":0,"enemies":"Small Slimes","floor":4,"turns":2},{"damage":1,"enemies":"Cultist","floor":5,"turns":3},{"damage":10,"enemies":"Lagavulin","floor":6,"turns":4},{"damage":12,"enemies":"The Guardian","floor":16,"turns":8},{"damage":9,"enemies":"2 Thieves","floor":18,"turns":3},{"damage":14,"enemies":"Chosen","floor":21,"turns":3},{"damage":20,"enemies":"Sentry and Sphere","floor":24,"turns":4},{"damage":0,"enemies":"Cultist and Chosen","floor":27,"turns":5},{"damage":7,"enemies":"Book of Stabbing","floor":29,"turns":3},{"damage":81,"enemies":"Collector","floor":33,"turns":8},{"damage":15,"enemies":"3 Darklings","floor":35,"turns":4},{"damage":0,"enemies":"Orb Walker","floor":36,"turns":2},{"damage":7,"enemies":"Transient","floor":37,"turns":6},{"damage":47,"enemies":"2 Orb Walkers","floor":42,"turns":4},{"damage":15,"enemies":"3 Darklings","floor":44,"turns":2}],"seed_played":"-2811141440418566044","potions_obtained":[{"floor":16,"key":"Weak Potion"},{"floor":24,"key":"Block Potion"},{"floor":27,"key":"Swift Potion"},{"floor":33,"key":"EntropicBrew"},{"floor":37,"key":"Weak Potion"},{"floor":38,"key":"Strength Potion"},{"floor":42,"key":"FocusPotion"}],"is_trial":false,"path_per_floor":["M","?","?","M","M","E","R","$","T","R","$","?","R","$","R","B",null,"M","?","T","M","$","R","M","?","T","M","$","E","R","?","R","B",null,"M","M","M","?","$","R","$","?","T","M"],"character_chosen":"DEFECT","items_purchased":["Thread and Needle","Kunai","Defragment","Leap","Dexterity Potion"],"campfire_rested":4,"item_purchase_floors":[8,11,22,39,41],"current_hp_per_floor":[63,52,52,52,51,41,62,62,62,62,62,62,62,62,62,50,66,57,57,57,43,43,43,23,23,23,23,23,16,37,37,58,35,62,47,47,40,40,40,61,61,14,14,0,0],"gold":162,"neow_bonus":"RANDOM_COMMON_RELIC","is_daily":false,"chose_seed":false,"campfire_upgraded":4,"win_rate":0.0,"timestamp":1612122271,"path_taken":["M","?","?","M","?","E","R","$","T","R","$","?","R","?","R","BOSS","M","?","?","M","?","R","M","?","T","?","$","E","R","?","R","BOSS","M","M","?","?","?","R","$","?","T","M"],"items_purchased_type":["Relic","Relic","Card","Card","Potion"],"build_version":"2020-12-22","purchased_purges":2,"victory":false,"max_hp_per_floor":[71,71,71,71,71,71,71,71,71,71,71,71,71,71,71,71,71,71,71,71,71,71,71,71,71,71,71,71,71,71,71,71,71,71,71,71,71,71,71,71,71,71,71,71,71],"card_choices":[{"not_picked":["Hologram","Streamline","Compile Driver"],"picked":"SKIP","floor":1},{"not_picked":["Barrage","Gash","Sweeping Beam"],"picked":"SKIP","floor":4},{"not_picked":["Beam Cell","Streamline"],"picked":"Static Discharge","floor":5},{"not_picked":["Coolheaded","Storm"],"picked":"Fission","floor":6},{"not_picked":["Thunder Strike","Creative AI"],"picked":"Core Surge","floor":16},{"not_picked":["Rebound","Streamline","Sweeping Beam"],"picked":"SKIP","floor":18},{"not_picked":["All For One","Redo"],"picked":"Barrage+1","floor":21},{"not_picked":["Sweeping Beam","Force Field","Melter"],"picked":"SKIP","floor":24},{"not_picked":["Steam","Streamline","Sweeping Beam"],"picked":"SKIP","floor":27},{"not_picked":["White Noise","Self Repair"],"picked":"Conserve Battery","floor":29},{"not_picked":["Creative AI","All For One"],"picked":"Seek","floor":33},{"not_picked":["Sweeping Beam+1","Coolheaded","Genetic Algorithm+1"],"picked":"SKIP","floor":35},{"not_picked":["Sweeping Beam","Coolheaded","Go for the Eyes+1"],"picked":"SKIP","floor":36},{"not_picked":["Streamline","Cold Snap"],"picked":"Loop+1","floor":37},{"not_picked":["Stack","Blizzard"],"picked":"Leap+1","floor":42}],"player_experience":1197762,"relics_obtained":[{"floor":6,"key":"Turnip"},{"floor":9,"key":"Lizard Tail"},{"floor":20,"key":"Pen Nib"},{"floor":26,"key":"reliquary:Conveyor"},{"floor":29,"key":"reliquary:QuartzCube"},{"floor":42,"key":"Torii"},{"floor":43,"key":"Singing Bowl"}],"event_choices":[{"damage_healed":0,"gold_gain":75,"player_choice":"Gather Gold","damage_taken":11,"max_hp_gain":0,"max_hp_loss":0,"event_name":"World of Goop","floor":2,"gold_loss":0},{"damage_healed":0,"gold_gain":0,"player_choice":"Take","damage_taken":0,"max_hp_gain":0,"max_hp_loss":0,"event_name":"betterNote:BetterNote","floor":3,"gold_loss":0,"cards_obtained":["Fission"]},{"damage_healed":0,"gold_gain":0,"player_choice":"Ignored","damage_taken":0,"max_hp_gain":0,"max_hp_loss":0,"event_name":"Golden Idol","floor":12,"gold_loss":0},{"damage_healed":0,"gold_gain":0,"player_choice":"Ignored","damage_taken":0,"max_hp_gain":0,"max_hp_loss":0,"event_name":"Ghosts","floor":19,"gold_loss":0},{"damage_healed":0,"gold_gain":0,"player_choice":"Smashed Altar","damage_taken":0,"max_hp_gain":0,"max_hp_loss":0,"event_name":"Forgotten Altar","floor":25,"gold_loss":0,"cards_obtained":["Decay"]},{"damage_healed":0,"gold_gain":50,"player_choice":"Pray","damage_taken":0,"max_hp_gain":0,"max_hp_loss":0,"event_name":"Golden Shrine","floor":31,"gold_loss":0},{"damage_healed":0,"gold_gain":0,"player_choice":"Bought 1 Potion","damage_taken":0,"max_hp_gain":0,"max_hp_loss":0,"event_name":"The Woman in Blue","floor":38,"gold_loss":0},{"damage_healed":0,"gold_gain":0,"player_choice":"Fight","damage_taken":0,"max_hp_gain":0,"max_hp_loss":0,"event_name":"Mysterious Sphere","floor":42,"gold_loss":0}],"is_beta":false,"boss_relics":[{"not_picked":["Nuclear Battery","Black Star"],"picked":"Inserter"},{"not_picked":["SacredBark","FrozenCore"],"picked":"SlaversCollar"}],"items_purged_floors":[28,39],"is_endless":false,"potions_floor_spawned":[16,24,27,33,36,37,42],"killed_by":"3 Darklings","ascension_level":18}}