{"host":"8fuipfsvjht9cgcs","time":1612069205,"event":{"mods":["AchievementEnabler","BaseMod","Colored Map","Colored Powertips","DeckTracker","Friendly Minions","Kiyohime£¨?ýï£©","Marisa£¨Ùöéë¡¡Øª×âÞÞ£©","Minty Spire (QoL Compilation)","Prisma Mod","StSLib","SuperFastMode","The Cursed","The Gatherer"],"gold_per_floor":[113,113,124,9,9,38,38,38,64,64,76,76,95,115,115,215,215,230,230,7,20,39,39,39,39,85,100,50,50,66,98,98,193,193,207,220,220,47,101,101,101],"floor_reached":40,"language":"KOR","playtime":1883,"items_purged":["Defend_B","Defend_B"],"score":561,"play_id":"2437af1c-849d-424f-9efb-45cda9b69af7","local_time":"20210131180005","is_ascension_mode":true,"campfire_choices":[{"data":"Zap","floor":8.0,"key":"SMITH"},{"data":"Dualcast","floor":10.0,"key":"SMITH"},{"data":"FTL","floor":12.0,"key":"SMITH"},{"data":"Echo Form","floor":15.0,"key":"SMITH"},{"data":"Creative AI","floor":23.0,"key":"SMITH"},{"data":"Self Repair","floor":25.0,"key":"SMITH"},{"data":"Heatsinks","floor":29.0,"key":"SMITH"},{"data":"Genetic Algorithm","floor":32.0,"key":"SMITH"}],"circlet_count":0,"master_deck":["Defend_B+1","Defend_B+1","Zap+1","Dualcast+1","Turbo","Self Repair+1","Heatsinks+1","Melter","FTL+1","Cold Snap","Echo Form+1","Core Surge","Conserve Battery+1","Beam Cell","Creative AI+1","Consume+1","Turbo","Genetic Algorithm+1","Amplify","Storm+1","Coolheaded+1","Apotheosis","Coolheaded+1"],"relics":["Cracked Core","NeowsBlessing","Singing Bowl","Tiny Chest","Akabeko","Empty Cage","Bottled Tornado","Smiling Mask","War Paint","Philosopher\u0027s Stone","Thread and Needle"],"acts_visited":["Exordium","TheCity","TheBeyond"],"potions_floor_usage":[39],"damage_taken":[{"damage":0.0,"enemies":"Cultist","floor":1.0,"turns":1.0},{"damage":0.0,"enemies":"Jaw Worm","floor":3.0,"turns":1.0},{"damage":0.0,"enemies":"3 Sentries","floor":6.0,"turns":1.0},{"damage":0.0,"enemies":"Small Slimes","floor":11.0,"turns":2.0},{"damage":0.0,"enemies":"2 Fungi Beasts","floor":13.0,"turns":2.0},{"damage":2.0,"enemies":"Red Slaver","floor":14.0,"turns":2.0},{"damage":26.0,"enemies":"The Guardian","floor":16.0,"turns":11.0},{"damage":23.0,"enemies":"3 Byrds","floor":18.0,"turns":5.0},{"damage":13.0,"enemies":"2 Thieves","floor":21.0,"turns":4.0},{"damage":24.0,"enemies":"Snake Plant","floor":22.0,"turns":4.0},{"damage":10.0,"enemies":"Sentry and Sphere","floor":27.0,"turns":5.0},{"damage":10.0,"enemies":"Cultist and Chosen","floor":30.0,"turns":5.0},{"damage":40.0,"enemies":"Book of Stabbing","floor":31.0,"turns":8.0},{"damage":26.0,"enemies":"Champ","floor":33.0,"turns":7.0},{"damage":24.0,"enemies":"3 Shapes","floor":35.0,"turns":3.0},{"damage":16.0,"enemies":"Orb Walker","floor":36.0,"turns":3.0},{"damage":32,"enemies":"2 Orb Walkers","floor":39,"turns":6},{"damage":53,"enemies":"Reptomancer","floor":40,"turns":3}],"seed_played":"866916160666382301","potions_obtained":[{"floor":3.0,"key":"PotionOfCapacity"},{"floor":6.0,"key":"Swift Potion"},{"floor":16.0,"key":"SteroidPotion"},{"floor":18.0,"key":"Block Potion"},{"floor":21.0,"key":"SneckoOil"},{"floor":39,"key":"DuplicationPotion"}],"is_trial":false,"path_per_floor":["M","T","M","$","?","E","?","R","T","R","M","R","M","M","R","B",null,"M","?","$","M","M","R","T","R","T","M","$","R","M","E","R","B",null,"M","M","?","$","?","E"],"character_chosen":"DEFECT","items_purchased":["Heatsinks","Melter","Creative AI","Apotheosis"],"campfire_rested":0,"item_purchase_floors":[4,4,20,38],"current_hp_per_floor":[75,75,75,75,80,82,82,82,82,82,82,82,82,80,80,61,77,68,68,68,55,31,31,31,31,31,43,43,43,53,35,35,19,69,65,69,65,65,53,0,0],"gold":101,"neow_bonus":"THREE_ENEMY_KILL","is_daily":false,"chose_seed":false,"campfire_upgraded":8,"win_rate":0.0,"timestamp":1612069205,"path_taken":["M","?","?","$","?","E","?","R","T","R","M","R","M","M","R","BOSS","M","?","$","M","?","R","?","R","T","M","$","R","M","E","R","BOSS","M","M","?","$","?","E"],"items_purchased_type":["Card","Card","Card","Card"],"build_version":"2020-12-22","purchased_purges":2,"victory":false,"max_hp_per_floor":[75,75,75,75,80,82,82,82,82,82,82,82,82,82,82,82,82,82,82,82,82,82,82,82,82,82,84,84,84,84,86,86,86,86,86,86,92,92,92,92,92],"card_choices":[{"not_picked":["Steam","Go for the Eyes"],"picked":"Turbo","floor":1.0},{"not_picked":["Reinforced Body","Scrape"],"picked":"Self Repair","floor":3.0},{"not_picked":["Steam","Redo","Rebound"],"picked":"Singing Bowl","floor":6.0},{"not_picked":["Self Repair","Gash"],"picked":"FTL","floor":11.0},{"not_picked":["Go for the Eyes","Auto Shields"],"picked":"Cold Snap","floor":13.0},{"not_picked":["BootSequence","Steam"],"picked":"Echo Form","floor":14.0},{"not_picked":["Machine Learning","Amplify"],"picked":"Core Surge","floor":16.0},{"not_picked":["Steam+1","Coolheaded"],"picked":"Conserve Battery+1","floor":18.0},{"not_picked":["Barrage","Force Field"],"picked":"Consume+1","floor":21.0},{"not_picked":["Ball Lightning+1","Cold Snap"],"picked":"Turbo","floor":22.0},{"not_picked":["Streamline","Barrage+1","Redo"],"picked":"Singing Bowl","floor":27.0},{"not_picked":["Hologram","Core Surge"],"picked":"Genetic Algorithm","floor":30.0},{"not_picked":["Redo","Compile Driver","Consume"],"picked":"Singing Bowl","floor":31.0},{"not_picked":["Core Surge","Creative AI"],"picked":"Amplify","floor":33.0},{"not_picked":["Beam Cell+1","Cold Snap"],"picked":"Storm+1","floor":35.0},{"not_picked":["Compile Driver","Barrage+1"],"picked":"Coolheaded+1","floor":36.0},{"not_picked":["Chrysalis","Mind Blast","Dark Shackles"],"picked":"Singing Bowl","floor":37.0},{"not_picked":["HandOfGreed","Impatience","Transmutation"],"picked":"Singing Bowl","floor":37.0},{"not_picked":["Chrysalis","Secret Technique","Mayhem"],"picked":"Singing Bowl","floor":37.0},{"not_picked":["Hologram","Aggregate"],"picked":"Coolheaded+1","floor":39}],"player_experience":473050,"relics_obtained":[{"floor":2.0,"key":"Singing Bowl"},{"floor":6.0,"key":"Tiny Chest"},{"floor":9.0,"key":"Akabeko"},{"floor":24.0,"key":"Bottled Tornado"},{"floor":26.0,"key":"Smiling Mask"},{"floor":31.0,"key":"War Paint"},{"floor":39,"key":"Thread and Needle"}],"event_choices":[{"damage_healed":0.0,"max_hp_gain":5.0,"max_hp_loss":0.0,"gold_gain":0.0,"event_name":"Big Fish","player_choice":"Donut","floor":5.0,"gold_loss":0.0,"damage_taken":0.0},{"cards_removed":["Strike_B"],"damage_healed":0.0,"max_hp_gain":0.0,"max_hp_loss":0.0,"gold_gain":0.0,"event_name":"Living Wall","player_choice":"Forget","floor":7.0,"gold_loss":0.0,"damage_taken":0.0},{"damage_healed":0.0,"max_hp_gain":0.0,"max_hp_loss":0.0,"gold_gain":0.0,"cards_transformed":["Strike_B"],"event_name":"Transmorgrifier","player_choice":"Transformed","floor":19.0,"gold_loss":0.0,"damage_taken":0.0,"cards_obtained":["Beam Cell"]},{"damage_healed":0.0,"max_hp_gain":0.0,"max_hp_loss":0.0,"gold_gain":0.0,"event_name":"SensoryStone","player_choice":"Memory 3","floor":37.0,"gold_loss":0.0,"damage_taken":10.0},{"damage_healed":0,"gold_gain":0,"player_choice":"Fight","damage_taken":0,"max_hp_gain":0,"max_hp_loss":0,"event_name":"Mysterious Sphere","floor":39,"gold_loss":0}],"is_beta":false,"boss_relics":[{"not_picked":["Ectoplasm","Velvet Choker"],"picked":"Empty Cage"},{"not_picked":["Black Star","Tiny House"],"picked":"Philosopher\u0027s Stone"}],"items_purged_floors":[20,28],"is_endless":false,"potions_floor_spawned":[3,6,16,18,21,22,30,39],"killed_by":"Reptomancer","ascension_level":5}}