{"host":"ncocfkoislda923u","time":1612059923,"event":{"mods":["BaseMod","Downfall","Googly Eyes","Minty Spire (QoL Compilation)","Spire Arcade","StSLib"],"gold_per_floor":[99,113,123,142,161,186,186,186,209,209,209,222,222,231,254,254,254],"floor_reached":16,"language":"ENG","playtime":662,"items_purged":[],"score":99,"play_id":"21f9dbf5-ee8a-42b3-85cf-803dda5dd42f","local_time":"20210131032523","is_ascension_mode":true,"campfire_choices":[{"data":"bronze:Replicate","floor":1,"key":"SMITH"},{"data":"bronze:Shell","floor":8,"key":"SMITH"},{"data":"bronze:BronzeOrb","floor":10,"key":"SMITH"},{"data":"bronze:DelayedSlice","floor":13,"key":"SMITH"}],"circlet_count":0,"master_deck":["bronze:Strike","bronze:Strike","bronze:Strike","bronze:Strike","bronze:Defend","bronze:Defend","bronze:Defend","bronze:Defend","bronze:Replicate+1","bronze:Goto+1","bronze:Separator+1","bronze:Separator+1","bronze:BronzeOrb+1","bronze:Shell+1","bronze:DelayedSlice+1","downfall:Malfunctioning","bronze:Hardcode"],"relics":["bronze:BronzeCore","Boot","CeramicFish","Gremlin Horn"],"acts_visited":["Exordium"],"potions_floor_usage":[16,16],"damage_taken":[{"damage":3,"enemies":"Cultist","floor":2,"turns":5},{"damage":0,"enemies":"Small Slimes","floor":3,"turns":3},{"damage":0,"enemies":"2 Louse","floor":4,"turns":2},{"damage":0,"enemies":"Large Slime","floor":5,"turns":5},{"damage":0,"enemies":"Lots of Slimes","floor":9,"turns":2},{"damage":0,"enemies":"Blue Slaver","floor":12,"turns":2},{"damage":0,"enemies":"2 Fungi Beasts","floor":15,"turns":2},{"damage":86,"enemies":"IC_STATUS_ARCHETYPE","floor":16,"turns":8}],"seed_played":"3273625442326616000","potions_obtained":[{"floor":2,"key":"CultistPotion"},{"floor":4,"key":"Strength Potion"},{"floor":9,"key":"Fire Potion"}],"is_trial":false,"path_per_floor":["R","M","M","M","M","T","T","R","M","R","?","M","R","?","M","B"],"character_chosen":"THE_AUTOMATON","items_purchased":[],"campfire_rested":0,"item_purchase_floors":[],"current_hp_per_floor":[70,67,67,67,67,67,67,67,67,67,72,72,72,72,72,0,0],"gold":254,"neow_bonus":"RANDOM_COMMON_RELIC","is_daily":false,"chose_seed":false,"campfire_upgraded":4,"win_rate":0.0,"timestamp":1612059923,"path_taken":["R","M","M","M","M","?","T","R","M","R","?","M","R","?","M","BOSS"],"items_purchased_type":[],"build_version":"2020-12-22","purchased_purges":0,"victory":false,"max_hp_per_floor":[70,70,70,70,70,70,70,70,70,70,75,75,75,75,75,75,75],"card_choices":[{"not_picked":["bronze:ForLoop","bronze:Overheat"],"picked":"bronze:Separator","floor":2},{"not_picked":["bronze:ForLoop","bronze:CutThrough"],"picked":"bronze:Separator","floor":3},{"not_picked":["bronze:Deprecate","bronze:DigitalCarnage"],"picked":"bronze:BronzeOrb","floor":4},{"not_picked":["bronze:Backtrace","bronze:Fortify"],"picked":"bronze:Shell","floor":5},{"not_picked":["bronze:WhirlingStrike","bronze:DarkDash"],"picked":"bronze:DelayedSlice","floor":9},{"not_picked":["bronze:Allocate","bronze:Invalidate","bronze:Shield"],"picked":"SKIP","floor":12},{"not_picked":["bronze:ClassDefault","bronze:Refactor"],"picked":"bronze:Hardcode","floor":15}],"player_experience":1530799,"relics_obtained":[{"floor":6,"key":"CeramicFish"},{"floor":7,"key":"Gremlin Horn"}],"event_choices":[{"damage_healed":0,"gold_gain":0,"player_choice":"Donut","damage_taken":0,"max_hp_gain":5,"max_hp_loss":0,"event_name":"Big Fish","floor":11,"gold_loss":0}],"is_beta":false,"boss_relics":[],"items_purged_floors":[],"is_endless":false,"potions_floor_spawned":[2,4,9,12],"killed_by":"IC_STATUS_ARCHETYPE","ascension_level":1}}