{"host":"o67iw34xdwlyp80a","time":1612135001,"event":{"mods":["BaseMod","Colored Map","Minty Spire (QoL Compilation)","Relic Stats","StSLib"],"gold_per_floor":[109,59,72,72,23,23,38,71,71,97,115,143,160,180,180,180,180],"floor_reached":16,"language":"ENG","playtime":754,"items_purged":[],"score":165,"play_id":"f3ab574e-df44-4a6f-913f-3d258380f0ad","local_time":"20210131231641","is_ascension_mode":true,"campfire_choices":[{"data":"Cleave","floor":6,"key":"SMITH"},{"data":"Inflame","floor":15,"key":"SMITH"}],"circlet_count":0,"master_deck":["Strike_R","Strike_R","Strike_R","Defend_R","Defend_R","Defend_R","Defend_R","Bash","Shrug It Off","Cleave+1","Sword Boomerang","Iron Wave","Inflame+1","Twin Strike","Cleave","Anger"],"relics":["Burning Blood","NeowsBlessing","Oddly Smooth Stone","Bottled Lightning","Omamori","Bottled Flame"],"acts_visited":["Exordium"],"potions_floor_usage":[8,10,12,14,16],"damage_taken":[{"damage":0,"enemies":"2 Louse","floor":1,"turns":1},{"damage":0,"enemies":"Jaw Worm","floor":3,"turns":1},{"damage":0,"enemies":"Cultist","floor":7,"turns":1},{"damage":24,"enemies":"3 Sentries","floor":8,"turns":9},{"damage":33,"enemies":"Lagavulin","floor":10,"turns":6},{"damage":0,"enemies":"Exordium Wildlife","floor":11,"turns":3},{"damage":24,"enemies":"Gremlin Nob","floor":12,"turns":4},{"damage":0,"enemies":"Large Slime","floor":13,"turns":4},{"damage":0,"enemies":"Gremlin Gang","floor":14,"turns":2},{"damage":40,"enemies":"The Guardian","floor":16,"turns":8}],"seed_played":"5451842185153572675","potions_obtained":[{"floor":1,"key":"SteroidPotion"},{"floor":3,"key":"ColorlessPotion"},{"floor":10,"key":"FearPotion"},{"floor":12,"key":"Explosive Potion"},{"floor":14,"key":"EssenceOfSteel"}],"is_trial":false,"path_per_floor":["M","?","M","?","$","R","M","E","T","E","M","E","M","M","R","B"],"character_chosen":"IRONCLAD","items_purchased":["Sword Boomerang"],"campfire_rested":0,"item_purchase_floors":[5],"current_hp_per_floor":[78,78,80,80,80,80,80,62,62,35,41,23,29,35,35,0,0],"gold":180,"neow_bonus":"THREE_ENEMY_KILL","is_daily":false,"chose_seed":false,"campfire_upgraded":2,"win_rate":0.0,"timestamp":1612135001,"path_taken":["M","?","M","?","$","R","M","E","T","E","M","E","M","M","R","BOSS"],"items_purchased_type":["Card"],"build_version":"2020-12-22","purchased_purges":0,"victory":false,"max_hp_per_floor":[80,80,80,80,80,80,80,80,80,80,80,80,80,80,80,80,80],"relic_stats":{"counters":[10,39],"obtain_stats":[{"Bottled Flame":12,"NeowsBlessing":0,"Oddly Smooth Stone":8,"Omamori":10,"Bottled Lightning":9,"Burning Blood":0},{"Bottled Flame":7,"NeowsBlessing":0,"Oddly Smooth Stone":4,"Omamori":5,"Bottled Lightning":4,"Burning Blood":0},{"Bottled Flame":25,"NeowsBlessing":0,"Oddly Smooth Stone":12,"Omamori":18,"Bottled Lightning":12,"Burning Blood":0}],"Burning Blood":44},"card_choices":[{"not_picked":["Feel No Pain","Sword Boomerang"],"picked":"Shrug It Off","floor":1},{"not_picked":["Power Through","Armaments"],"picked":"Cleave","floor":3},{"not_picked":["Clothesline","Perfected Strike"],"picked":"Iron Wave","floor":7},{"not_picked":["Rupture","Barricade"],"picked":"Inflame","floor":8},{"not_picked":["Heavy Blade","Sword Boomerang"],"picked":"Twin Strike","floor":10},{"not_picked":["Heavy Blade","Body Slam"],"picked":"Cleave","floor":11},{"not_picked":["Offering","Twin Strike","Disarm"],"picked":"SKIP","floor":12},{"not_picked":["Pommel Strike","Thunderclap"],"picked":"Anger","floor":13},{"not_picked":["Feel No Pain","Pommel Strike","Anger"],"picked":"SKIP","floor":14}],"player_experience":1151964,"relics_obtained":[{"floor":8,"key":"Oddly Smooth Stone"},{"floor":9,"key":"Bottled Lightning"},{"floor":10,"key":"Omamori"},{"floor":12,"key":"Bottled Flame"}],"event_choices":[{"cards_removed":["Strike_R"],"damage_healed":0,"gold_gain":0,"player_choice":"Card Removal","damage_taken":0,"max_hp_gain":0,"max_hp_loss":0,"event_name":"The Cleric","floor":2,"gold_loss":50},{"cards_removed":["Strike_R"],"damage_healed":0,"gold_gain":0,"player_choice":"Purged","damage_taken":0,"max_hp_gain":0,"max_hp_loss":0,"event_name":"Purifier","floor":4,"gold_loss":0}],"is_beta":false,"boss_relics":[],"items_purged_floors":[],"is_endless":false,"potions_floor_spawned":[1,3,10,12,14],"killed_by":"The Guardian","ascension_level":7}}