{"host":"6re5ksmtdaf597mp","time":1612054818,"event":{"mods":["Act Like it!","BaseMod","Better Altar","Better Match","Better Sensory Stone","Better Skull","Better Third Choice","Better Vampires","Fox Events","GifTheSpireLib","Hermit","Mimic Mod","Minty Spire (QoL Compilation)","Reliquary","Robot Space Explorer","Spicy Shops","Spire Arcade","StSLib","The Cursed","The Jungle","The Marked","The Problem Sleuth","The Runesmith","TheSurvivalist","Thieving Mod","Wandering Minibosses"],"gold_per_floor":[110,126,140,160,25,25,25],"floor_reached":6,"language":"ENG","playtime":1007,"items_purged":[],"score":38,"play_id":"1b897e8d-a2cd-4d45-a87f-200f71a07c71","local_time":"20210130200018","is_ascension_mode":false,"campfire_choices":[],"circlet_count":0,"master_deck":["RobotSpaceExplorer:Strike","RobotSpaceExplorer:Strike","RobotSpaceExplorer:Strike","RobotSpaceExplorer:Strike","RobotSpaceExplorer:Defend","RobotSpaceExplorer:Defend","RobotSpaceExplorer:Defend","RobotSpaceExplorer:Defend","RobotSpaceExplorer:Scan","RobotSpaceExplorer:MiniLasers","RobotSpaceExplorer:JunkDive","RobotSpaceExplorer:ScrapToss","RobotSpaceExplorer:ScrapShield","RobotSpaceExplorer:Arsenal","RobotSpaceExplorer:Explosion","RobotSpaceExplorer:ExhaustFan"],"relics":["RobotSpaceExplorer:RoboCore"],"acts_visited":["Exordium"],"potions_floor_usage":[4],"damage_taken":[{"damage":1,"enemies":"Cultist","floor":1,"turns":4},{"damage":4,"enemies":"Jaw Worm","floor":2,"turns":2},{"damage":0,"enemies":"Small Slimes","floor":3,"turns":4},{"damage":8,"enemies":"2 Fungi Beasts","floor":4,"turns":5},{"damage":85,"enemies":"Gremlin Nob","floor":6,"turns":6}],"seed_played":"-5384449304475998861","potions_obtained":[{"floor":1,"key":"Swift Potion"},{"floor":4,"key":"LiquidBronze"}],"is_trial":false,"path_per_floor":["M","M","M","M","$","E"],"character_chosen":"RobotSpaceExplorer","items_purchased":["RobotSpaceExplorer:Explosion"],"campfire_rested":0,"item_purchase_floors":[5],"current_hp_per_floor":[81,77,77,69,69,0,0],"gold":25,"neow_bonus":"TEN_PERCENT_HP_BONUS","is_daily":false,"chose_seed":false,"campfire_upgraded":0,"win_rate":0.0,"timestamp":1612054818,"path_taken":["M","M","M","M","$","E"],"items_purchased_type":["Card"],"build_version":"2020-12-22","purchased_purges":0,"victory":false,"max_hp_per_floor":[82,82,82,82,82,82,82],"card_choices":[{"not_picked":["RobotSpaceExplorer:SwiftStep","RobotSpaceExplorer:MetalStrike"],"picked":"RobotSpaceExplorer:JunkDive","floor":1},{"not_picked":["RobotSpaceExplorer:Probe","RobotSpaceExplorer:GlueSpray"],"picked":"RobotSpaceExplorer:ScrapToss","floor":2},{"not_picked":["RobotSpaceExplorer:FranticSearch","RobotSpaceExplorer:SurgingStrike"],"picked":"RobotSpaceExplorer:ScrapShield","floor":3},{"not_picked":["RobotSpaceExplorer:SurgingStrike","RobotSpaceExplorer:StunGrenade"],"picked":"RobotSpaceExplorer:Arsenal","floor":4}],"player_experience":221054,"relics_obtained":[],"event_choices":[],"is_beta":false,"boss_relics":[],"items_purged_floors":[],"is_endless":false,"potions_floor_spawned":[1,4],"killed_by":"Gremlin Nob","ascension_level":0}}