{"host":"mgjbkrm6zb65cm01","time":1612103734,"event":{"mods":["ATMod(°¢èªMod)","BaseMod","Conspire","Good Game Mod","Marisa£¨ìFÓê¡¡Ä§ÀíÉ³£©","Minty Spire (QoL Compilation)","Quick Restart","Relic Stats","Replay The Spire","Spicy Shops","StSLib","The Bladedancer","The Servant 0.9.4","UnlockEverythingMod","noobMod"],"gold_per_floor":[110,129,4,24,24,57,77,108,108,108,108,124,7,24,24,128,128,145,164,179,195,195,221,221,232,257,275,275,285,285,295,295,396,396,408,425,200,220,320,320,348,368,416,430,430,447,65,75,75,75,75,75,4,36,36],"floor_reached":56,"language":"ZHS","playtime":3899,"items_purged":["Strike_R","Hallucinations","ReplayTheSpireMod:Doomed","Strike_R"],"score":1267,"play_id":"03b29e4c-6b07-4b60-8a91-467906673437","local_time":"20210131223534","is_ascension_mode":false,"campfire_choices":[{"floor":11.0,"key":"RECALL"},{"data":"Armaments","floor":15.0,"key":"SMITH"},{"data":"AT_ShrugMaster","floor":24.0,"key":"SMITH"},{"data":"True Grit","floor":30.0,"key":"SMITH"},{"data":"Demon Form","floor":32.0,"key":"SMITH"},{"data":"Heavy Blade","floor":40,"key":"SMITH"},{"data":"Ghostly Armor","floor":45,"key":"SMITH"},{"floor":49,"key":"DIG"},{"data":"Pummel","floor":52,"key":"SMITH"}],"circlet_count":0,"master_deck":["Strike_R","Strike_R","Strike_R","Defend_R","Defend_R","Defend_R","Bash","TheWorld+1","Armaments+1","ReplayTheSpireMod:Stacked","Flex","Twin Strike","Warcry","Thunderclap","Headbutt","AT_ShrugMaster+1","Reaper","Flex","Heavy Blade+1","Shrug It Off+1","Demon Form+1","Carnage","True Grit+1","Flex","Sword Boomerang+1","Demonic Infusion","Headbutt","Warcry+1","Seeing Red+1","Sword Boomerang+1","Ghostly Armor+1","Pummel+1","Heavy Blade+1","Rampage","Thunderclap+1"],"relics":["Burning Blood","REME:ComplimentaryCards","ice","AT_ATBox","conspire:DecoderRing","Replay:Wax Seal","Mummified Hand","AT_TrinityForce","Ring of Panic","Ring of Misfortune","Divine Protection","AT_BellDemon","Lizard Tail","conspire:SlowCooker","MealTicket","Blood Vial","ReplayTheSpireMod:Spearhead","Vajra","Ornamental Fan"],"acts_visited":["Exordium","TheCity","TheBeyond","TheEnding"],"potions_floor_usage":[50,50,50,55],"damage_taken":[{"damage":13.0,"enemies":"Jaw Worm","floor":1.0,"turns":3.0},{"damage":0.0,"enemies":"Cultist","floor":2.0,"turns":4.0},{"damage":0.0,"enemies":"2 Louse","floor":4.0,"turns":2.0},{"damage":30.0,"enemies":"Gremlin Nob","floor":6.0,"turns":4.0},{"damage":20.0,"enemies":"conspire:2 RoseBushes","floor":7.0,"turns":4.0},{"damage":23.0,"enemies":"Lagavulin","floor":8.0,"turns":6.0},{"damage":0.0,"enemies":"Looter","floor":12.0,"turns":1.0},{"damage":0.0,"enemies":"2 Fungi Beasts","floor":14.0,"turns":2.0},{"damage":40.0,"enemies":"Fading Forest","floor":16.0,"turns":11.0},{"damage":13.0,"enemies":"Shell Parasite","floor":18.0,"turns":4.0},{"damage":2.0,"enemies":"conspire:FuzzyDice","floor":19.0,"turns":4.0},{"damage":9.0,"enemies":"Chosen and Byrds","floor":20.0,"turns":3.0},{"damage":12.0,"enemies":"Snake Plant","floor":21.0,"turns":3.0},{"damage":22.0,"enemies":"Slavers","floor":23.0,"turns":5.0},{"damage":0.0,"enemies":"Cultist and Chosen","floor":25.0,"turns":3.0},{"damage":0.0,"enemies":"Centurion and Healer","floor":27.0,"turns":3.0},{"damage":0.0,"enemies":"Snecko","floor":29.0,"turns":3.0},{"damage":7.0,"enemies":"Snake Plant","floor":31.0,"turns":2.0},{"damage":16.0,"enemies":"Collector","floor":33.0,"turns":4.0},{"damage":0.0,"enemies":"3 Shapes","floor":35.0,"turns":2.0},{"damage":10,"enemies":"3 Darklings","floor":36,"turns":3},{"damage":12,"enemies":"Maw","floor":38,"turns":6},{"damage":0,"enemies":"Reptomancer","floor":41,"turns":6},{"damage":0,"enemies":"Transient","floor":42,"turns":5},{"damage":17,"enemies":"4 Shapes","floor":44,"turns":2},{"damage":2,"enemies":"Maw","floor":46,"turns":4},{"damage":8,"enemies":"Spire Growth","floor":48,"turns":3},{"damage":91,"enemies":"conspire:OrnateMirror","floor":50,"turns":7},{"damage":5,"enemies":"Shield and Spear","floor":54,"turns":4},{"damage":97,"enemies":"The Heart","floor":55,"turns":9}],"seed_played":"-4679034201855222133","potions_obtained":[{"floor":4.0,"key":"FearPotion"},{"floor":6.0,"key":"BloodPotion"},{"floor":7.0,"key":"Explosive Potion"},{"floor":8.0,"key":"ColorlessPotion"},{"floor":18.0,"key":"ColorlessPotion"},{"floor":19.0,"key":"Swift Potion"},{"floor":23.0,"key":"Dexterity Potion"},{"floor":27.0,"key":"DistilledChaos"},{"floor":33.0,"key":"Adrenaline Potion"},{"floor":38,"key":"AttackPotion"},{"floor":42,"key":"HeartOfIron"},{"floor":48,"key":"Strength Potion"},{"floor":54,"key":"BloodPotion"}],"is_trial":false,"path_per_floor":["M","M","$","M","?","E","M","E","T","?","R","M","$","M","R","B",null,"M","M","M","M","?","E","R","M","T","M","?","M","R","M","R","B",null,"M","M","$","M","?","R","E","M","T","M","R","M","$","M","R","B",null,"R","$","E","B",null],"character_chosen":"IRONCLAD","items_purchased":["Flex","AT_ShrugMaster","Pummel","ReplayTheSpireMod:Spearhead","Rampage"],"campfire_rested":0,"item_purchase_floors":[3,13,47,47,53],"current_hp_per_floor":[73,79,79,80,80,56,42,41,41,41,41,47,47,53,53,19,80,73,80,77,71,71,55,55,71,71,77,77,80,80,79,79,70,80,80,80,80,74,74,74,80,80,80,69,69,75,80,78,78,66,82,82,82,83,39],"gold":36,"neow_bonus":"UPGRADE_CARD","is_daily":false,"chose_seed":false,"campfire_upgraded":7,"win_rate":0.0,"timestamp":1612103734,"path_taken":["M","M","$","M","?","E","?","E","T","?","R","M","$","M","R","BOSS","M","M","?","M","?","E","R","M","T","M","?","M","R","M","R","BOSS","M","?","$","M","?","R","E","M","T","M","R","M","$","M","R","BOSS","R","$","E","BOSS"],"items_purchased_type":["Card","Card","Card","Relic","Card"],"build_version":"2020-12-22","purchased_purges":4,"victory":true,"max_hp_per_floor":[80,80,80,80,80,80,80,80,80,80,80,80,80,80,80,80,80,80,80,80,80,80,80,80,80,80,80,80,80,80,80,80,80,80,80,80,80,80,80,80,80,80,80,80,80,80,80,80,80,82,82,82,82,88,156],"relic_stats":{"Blood Vial":6,"Lizard Tail":0,"counters":[30,122],"Mummified Hand":[48],"Ornamental Fan":[12],"MealTicket":5,"obtain_stats":[{"AT_BellDemon":26,"Divine Protection":23,"AT_ATBox":0,"Vajra":49,"conspire:SlowCooker":34,"ice":0,"Burning Blood":0,"Blood Vial":43,"REME:ComplimentaryCards":0,"Lizard Tail":28,"ReplayTheSpireMod:Spearhead":47,"Mummified Hand":10,"Ornamental Fan":54,"conspire:DecoderRing":6,"Ring of Misfortune":22,"AT_TrinityForce":17,"MealTicket":41,"Replay:Wax Seal":8,"Ring of Panic":22},{"AT_BellDemon":15,"Divine Protection":14,"AT_ATBox":0,"Vajra":27,"conspire:SlowCooker":19,"ice":0,"Burning Blood":0,"Blood Vial":24,"REME:ComplimentaryCards":0,"Lizard Tail":16,"ReplayTheSpireMod:Spearhead":26,"Mummified Hand":6,"Ornamental Fan":29,"conspire:DecoderRing":4,"Ring of Misfortune":13,"AT_TrinityForce":9,"MealTicket":23,"Replay:Wax Seal":6,"Ring of Panic":13},{"AT_BellDemon":59,"Divine Protection":56,"AT_ATBox":0,"Vajra":102,"conspire:SlowCooker":71,"ice":0,"Burning Blood":0,"Blood Vial":93,"REME:ComplimentaryCards":0,"Lizard Tail":62,"ReplayTheSpireMod:Spearhead":99,"Mummified Hand":23,"Ornamental Fan":113,"conspire:DecoderRing":13,"Ring of Misfortune":51,"AT_TrinityForce":37,"MealTicket":88,"Replay:Wax Seal":23,"Ring of Panic":51}],"Burning Blood":141},"card_choices":[{"not_picked":["Iron Wave","Havoc"],"picked":"Armaments","floor":1.0},{"not_picked":["Abandon","Clash"],"picked":"ReplayTheSpireMod:Stacked","floor":2.0},{"not_picked":["Massacre","Second Wind"],"picked":"Twin Strike","floor":4.0},{"not_picked":["Iron Wave","ReplayReversal"],"picked":"Warcry","floor":6.0},{"not_picked":["Perfected Strike","Havoc"],"picked":"Thunderclap","floor":7.0},{"not_picked":["Pommel Strike","Defy Death"],"picked":"Headbutt","floor":8.0},{"not_picked":["Anger","Impervious","Wild Strike"],"picked":"SKIP","floor":12.0},{"not_picked":["Clothesline","Run Through","Replay:Undeath\u0027s Touch"],"picked":"SKIP","floor":14.0},{"not_picked":["Demonic Infusion","Fiend Fire"],"picked":"Reaper","floor":16.0},{"not_picked":["Iron Wave","AT_IchimonjiDouble"],"picked":"Flex","floor":18.0},{"not_picked":["Flame Barrier+1","Power Through"],"picked":"Heavy Blade","floor":19.0},{"not_picked":["Clash","Armaments"],"picked":"Shrug It Off+1","floor":20.0},{"not_picked":["Iron Wave+1","Clash","AT_CaressingTears+1"],"picked":"SKIP","floor":21.0},{"not_picked":["AT_DiedThrough","Massacre"],"picked":"Demon Form","floor":23.0},{"not_picked":["Armaments","Replay:Undeath\u0027s Touch"],"picked":"Carnage","floor":25.0},{"not_picked":["Anger","Bloodletting"],"picked":"True Grit","floor":27.0},{"not_picked":["Bloodletting","True Grit"],"picked":"Flex","floor":29.0},{"not_picked":["Perfected Strike","Ghostly Armor+1"],"picked":"Sword Boomerang+1","floor":31.0},{"not_picked":["Demon Form","Reaper"],"picked":"Demonic Infusion","floor":33.0},{"not_picked":["Sword Boomerang","Run Through"],"picked":"Headbutt","floor":35},{"not_picked":["Body Slam+1","Anger"],"picked":"Warcry+1","floor":36},{"not_picked":["Clothesline+1","Feel No Pain","Carnage"],"picked":"SKIP","floor":38},{"not_picked":["Impervious","Body Slam+1"],"picked":"Seeing Red+1","floor":41},{"not_picked":["Headbutt+1","Wild Strike"],"picked":"Sword Boomerang+1","floor":42},{"not_picked":["Clothesline+1","AT_IchimonjiDouble+1"],"picked":"Ghostly Armor","floor":44},{"not_picked":["Reaper","Warcry+1","Dropkick+1"],"picked":"SKIP","floor":46},{"not_picked":["AT_DrawKnifeCut+1","Clothesline+1"],"picked":"Heavy Blade+1","floor":48},{"not_picked":["ReplayTheSpireMod:Strike From Hell","Evolve"],"picked":"Thunderclap+1","floor":54}],"player_experience":107372,"relics_obtained":[{"floor":6.0,"key":"conspire:DecoderRing"},{"floor":8.0,"key":"Replay:Wax Seal"},{"floor":22.0,"key":"Ring of Panic"},{"floor":22.0,"key":"Ring of Misfortune"},{"floor":23.0,"key":"Divine Protection"},{"floor":26.0,"key":"AT_BellDemon"},{"floor":41,"key":"MealTicket"},{"floor":43,"key":"Blood Vial"},{"floor":49,"key":"Vajra"},{"floor":54,"key":"Ornamental Fan"}],"event_choices":[{"cards_removed":["Defend_R"],"damage_healed":0.0,"max_hp_gain":0.0,"max_hp_loss":0.0,"gold_gain":0.0,"event_name":"Purifier","player_choice":"Purged","floor":5.0,"gold_loss":0.0,"damage_taken":0.0},{"damage_healed":0.0,"max_hp_gain":0.0,"max_hp_loss":0.0,"gold_gain":0.0,"event_name":"WeMeetAgain","player_choice":"Gave Potion","floor":10.0,"gold_loss":0.0,"damage_taken":0.0,"relics_obtained":["Mummified Hand"]},{"damage_healed":0,"gold_gain":100,"player_choice":"Pray","damage_taken":0,"max_hp_gain":0,"max_hp_loss":0,"event_name":"Golden Shrine","floor":39,"gold_loss":0}],"is_beta":false,"boss_relics":[{"not_picked":["Replay:Grab Bag","Ring of Chaos"],"picked":"AT_TrinityForce"},{"not_picked":["Runic Cube","SacredBark"],"picked":"conspire:SlowCooker"}],"items_purged_floors":[3,37,37,47],"is_endless":false,"potions_floor_spawned":[4,6,7,8,18,19,23,27,33,38,42,46,48,54],"ascension_level":0}}