{"host":"d2y4rmbezebiv8aj","time":1612059786,"event":{"mods":["AchievementEnabler","BaseMod","Bestiary","BetterRewards","Colored Map","Colored Powertips","Custom Start","Highlight Path","Minty Spire (QoL Compilation)","Quick Restart","Rare Cards Sparkle","Relic Sorter","Relic Stats","Shop Mod","Slay-I","StSLib","SuperFastMode"],"gold_per_floor":[110,110,128,146,163,163,189,189,189,201,227,244,244,344,344,447,447,461,461,220,220,220,220],"floor_reached":22,"language":"DEU","playtime":667,"items_purged":["Shame"],"score":291,"play_id":"216bf892-bf34-4698-a7bc-894e96fc596a","local_time":"20210131032306","is_ascension_mode":true,"campfire_choices":[{"data":"Sucker Punch","floor":6.0,"key":"SMITH"},{"floor":8.0,"key":"REST"},{"floor":13.0,"key":"REST"},{"floor":15.0,"key":"REST"}],"circlet_count":0,"master_deck":["AscendersBane","Strike_G","Strike_G","Strike_G+1","Strike_G","Strike_G","Defend_G","Defend_G","Defend_G+1","Defend_G","Defend_G","Survivor","Neutralize","Dramatic Entrance","Backflip","Sucker Punch+1","Sucker Punch","Phantasmal Killer","Choke","Sucker Punch","Noxious Fumes","Storm of Steel","Bane+1","Panache","J.A.X."],"relics":["Ring of the Snake","Sundial","Torii","Pocketwatch","SlaversCollar","Juzu Bracelet"],"acts_visited":["Exordium","TheCity"],"potions_floor_usage":[22],"damage_taken":[{"damage":1.0,"enemies":"Jaw Worm","floor":1.0,"turns":4.0},{"damage":0.0,"enemies":"2 Louse","floor":3.0,"turns":3.0},{"damage":0.0,"enemies":"Cultist","floor":4.0,"turns":3.0},{"damage":9.0,"enemies":"Blue Slaver","floor":5.0,"turns":6.0},{"damage":29.0,"enemies":"Lagavulin","floor":7.0,"turns":11.0},{"damage":0.0,"enemies":"2 Fungi Beasts","floor":10.0,"turns":3.0},{"damage":26.0,"enemies":"3 Sentries","floor":11.0,"turns":8.0},{"damage":0.0,"enemies":"Looter","floor":12.0,"turns":3.0},{"damage":9.0,"enemies":"The Guardian","floor":16.0,"turns":13.0},{"damage":0,"enemies":"3 Byrds","floor":18,"turns":6},{"damage":76,"enemies":"Masked Bandits","floor":22,"turns":5}],"seed_played":"6746613643070659893","potions_obtained":[{"floor":1.0,"key":"Fire Potion"},{"floor":3.0,"key":"Energy Potion"},{"floor":7.0,"key":"FearPotion"},{"floor":16.0,"key":"Swift Potion"}],"is_trial":false,"path_per_floor":["M","?","M","M","M","R","E","R","T","M","E","M","R","?","R","B",null,"M","?","$","?","?"],"character_chosen":"THE_SILENT","items_purchased":["Dramatic Entrance","Panache"],"campfire_rested":3,"item_purchase_floors":[0,20],"current_hp_per_floor":[62,48,48,48,39,39,10,31,31,31,5,5,26,26,47,38,62,62,62,62,62,0,0],"gold":220,"neow_bonus":"","is_daily":false,"chose_seed":false,"campfire_upgraded":1,"win_rate":0.0,"timestamp":1612059786,"path_taken":["M","?","M","M","M","R","E","R","T","M","E","M","R","?","R","BOSS","M","?","$","?","?"],"items_purchased_type":["Card","Card"],"build_version":"2020-12-22","purchased_purges":1,"victory":false,"max_hp_per_floor":[70,70,70,70,70,70,70,70,70,70,70,70,70,70,70,70,70,70,70,70,70,70,70],"relic_stats":{"Torii":4,"counters":[28,132],"Sundial":[6],"Juzu Bracelet":0,"obtain_stats":[{"Potion Belt":6,"Regal Pillow":9,"NeowsBlessing":0,"Happy Flower":9,"Torii":9,"Golden Idol":12,"Blue Candle":7,"Juzu Bracelet":19,"War Paint":8,"SlaversCollar":17,"Sundial":13,"Pantograph":3,"CultistMask":8,"Ring of the Snake":0,"Pocketwatch":11},{"Potion Belt":5,"Regal Pillow":13,"NeowsBlessing":0,"Happy Flower":6,"Torii":22,"Golden Idol":8,"Blue Candle":13,"Juzu Bracelet":27,"War Paint":6,"SlaversCollar":26,"Sundial":8,"Pantograph":10,"CultistMask":13,"Ring of the Snake":0,"Pocketwatch":24},{"Potion Belt":9,"Regal Pillow":50,"NeowsBlessing":0,"Happy Flower":14,"Torii":94,"Golden Idol":21,"Blue Candle":50,"Juzu Bracelet":127,"War Paint":14,"SlaversCollar":121,"Sundial":21,"Pantograph":34,"CultistMask":50,"Ring of the Snake":0,"Pocketwatch":105}],"Ring of the Snake":[56],"Pocketwatch":[42]},"card_choices":[{"not_picked":["Skewer","Underhanded Strike","Flechettes"],"picked":"SKIP","floor":1.0},{"not_picked":["Prepared","Slice"],"picked":"Backflip","floor":3.0},{"not_picked":["Flying Knee","Skewer"],"picked":"Sucker Punch","floor":4.0},{"not_picked":["Cloak And Dagger","Quick Slash"],"picked":"Sucker Punch","floor":5.0},{"not_picked":["Underhanded Strike","Bullet Time"],"picked":"Phantasmal Killer","floor":7.0},{"not_picked":["Deadly Poison","Dagger Throw"],"picked":"Choke","floor":10.0},{"not_picked":["Underhanded Strike","Dodge and Roll"],"picked":"Sucker Punch","floor":11.0},{"not_picked":["Dagger Throw","Deadly Poison"],"picked":"Noxious Fumes","floor":12.0},{"not_picked":["Tools of the Trade","Burst"],"picked":"Storm of Steel","floor":16.0},{"not_picked":["Outmaneuver","All Out Attack"],"picked":"Bane+1","floor":18}],"player_experience":391205,"relics_obtained":[{"floor":7.0,"key":"Sundial"},{"floor":9.0,"key":"Torii"},{"floor":11.0,"key":"Pocketwatch"}],"event_choices":[{"damage_healed":0.0,"max_hp_gain":0.0,"max_hp_loss":0.0,"gold_gain":0.0,"event_name":"Shining Light","player_choice":"Entered Light","floor":2.0,"gold_loss":0.0,"damage_taken":14.0,"cards_upgraded":["Defend_G","Strike_G"]},{"damage_healed":0.0,"max_hp_gain":0.0,"max_hp_loss":0.0,"gold_gain":100.0,"event_name":"Wheel of Change","player_choice":"Gold","floor":14.0,"gold_loss":0.0,"damage_taken":0.0},{"damage_healed":0,"gold_gain":0,"player_choice":"Stole Relic","damage_taken":0,"relics_obtained":["Juzu Bracelet"],"max_hp_gain":0,"max_hp_loss":0,"event_name":"Addict","floor":19,"gold_loss":0,"cards_obtained":["Shame"]},{"damage_healed":0,"gold_gain":0,"player_choice":"Obtain J.A.X.","damage_taken":0,"max_hp_gain":0,"max_hp_loss":0,"event_name":"Drug Dealer","floor":21,"gold_loss":0,"cards_obtained":["J.A.X."]},{"damage_healed":0,"gold_gain":0,"player_choice":"Fought Bandits","damage_taken":0,"max_hp_gain":0,"max_hp_loss":0,"event_name":"Masked Bandits","floor":22,"gold_loss":0}],"is_beta":false,"boss_relics":[{"not_picked":["Snecko Eye","Velvet Choker"],"picked":"SlaversCollar"}],"items_purged_floors":[20],"is_endless":false,"potions_floor_spawned":[1,3,7,16,18],"killed_by":"Masked Bandits","ascension_level":10}}