{"host":"sad04l3m69qtnhom","time":1612080376,"event":{"mods":["AchievementEnabler","BaseMod","Colored Map","Colored Powertips","DeckTracker","Highlight Path","Minty Spire (QoL Compilation)","Permanent Neow","Quick Restart","SuperFastMode","everything is the same but u backflip on backflip"],"gold_per_floor":[115,70,70,88,104,133,133,149,149,185,185,221,248,99,99,224,224,237,252,152,152,177,246,246,246],"floor_reached":24,"language":"KOR","playtime":1034,"items_purged":["Strike_B","Strike_B"],"score":287,"play_id":"3753f23b-ebb3-4f59-a9c5-58dde2b6b196","local_time":"20210131170616","is_ascension_mode":true,"campfire_choices":[{"data":"Ball Lightning","floor":11,"key":"SMITH"},{"data":"Static Discharge","floor":15,"key":"SMITH"}],"circlet_count":0,"master_deck":["Defend_B","Defend_B","Defend_B","Defend_B","Zap","Dualcast","Amplify","Ball Lightning+1","Barrage","Barrage","Capacitor","Static Discharge+1","Creative AI","Self Repair","Ball Lightning"],"relics":["Cracked Core","FossilizedHelix","Golden Idol","Torii","Girya","Potion Belt","Regal Pillow","Philosopher\u0027s Stone","Bottled Flame"],"acts_visited":["Exordium","TheCity"],"potions_floor_usage":[10,12,12,22,22,24],"damage_taken":[{"damage":7,"enemies":"Small Slimes","floor":1,"turns":3},{"damage":1,"enemies":"Cultist","floor":4,"turns":3},{"damage":7,"enemies":"Jaw Worm","floor":5,"turns":3},{"damage":25,"enemies":"Lagavulin","floor":6,"turns":6},{"damage":0,"enemies":"Exordium Wildlife","floor":8,"turns":2},{"damage":0,"enemies":"Gremlin Nob","floor":10,"turns":3},{"damage":2,"enemies":"3 Sentries","floor":12,"turns":6},{"damage":11,"enemies":"Hexaghost","floor":16,"turns":6},{"damage":15,"enemies":"Shell Parasite","floor":18,"turns":5},{"damage":2,"enemies":"3 Byrds","floor":19,"turns":2},{"damage":15,"enemies":"Cultist and Chosen","floor":22,"turns":4},{"damage":39,"enemies":"Slavers","floor":24,"turns":3}],"seed_played":"-6644332111927907111","potions_obtained":[{"floor":4,"key":"DuplicationPotion"},{"floor":8,"key":"GamblersBrew"},{"floor":10,"key":"CultistPotion"},{"floor":16,"key":"SpeedPotion"},{"floor":18,"key":"AttackPotion"},{"floor":19,"key":"SpeedPotion"}],"is_trial":false,"path_per_floor":["M","$","?","M","M","E","?","M","T","E","R","E","T","$","R","B",null,"M","M","$","?","M","T","E"],"character_chosen":"DEFECT","items_purchased":["Ball Lightning","Static Discharge"],"campfire_rested":0,"item_purchase_floors":[2,14],"current_hp_per_floor":[68,68,68,67,60,35,35,35,35,35,35,33,33,33,33,22,69,54,59,59,43,35,35,0,0],"gold":246,"neow_bonus":"TRANSFORM_CARD","is_daily":false,"chose_seed":false,"campfire_upgraded":2,"win_rate":0.0,"timestamp":1612080376,"path_taken":["M","$","?","?","M","E","?","M","T","E","R","E","?","$","R","BOSS","M","M","$","?","M","?","E"],"items_purchased_type":["Card","Card"],"build_version":"2020-12-22","purchased_purges":2,"victory":false,"max_hp_per_floor":[75,75,75,75,75,75,69,69,69,69,69,69,69,69,69,69,69,69,69,69,69,69,69,69,69],"card_choices":[{"not_picked":["Rebound","Leap","Glacier"],"picked":"SKIP","floor":1},{"not_picked":["Hello World","Gash"],"picked":"Barrage","floor":4},{"not_picked":["Stack","Steam","Hello World"],"picked":"SKIP","floor":5},{"not_picked":["FTL","Sweeping Beam"],"picked":"Barrage","floor":6},{"not_picked":["Recycle","Chill","Streamline"],"picked":"SKIP","floor":8},{"not_picked":["Leap","Rebound","Steam Power"],"picked":"SKIP","floor":10},{"not_picked":["Reinforced Body","Core Surge"],"picked":"Capacitor","floor":12},{"not_picked":["Meteor Strike","Reboot"],"picked":"Creative AI","floor":16},{"not_picked":["Conserve Battery","Barrage"],"picked":"Self Repair","floor":18},{"not_picked":["Leap","Streamline+1"],"picked":"Ball Lightning","floor":19},{"not_picked":["Self Repair","Sweeping Beam+1","Multi-Cast"],"picked":"SKIP","floor":22}],"player_experience":422451,"relics_obtained":[{"floor":6,"key":"FossilizedHelix"},{"floor":9,"key":"Torii"},{"floor":10,"key":"Girya"},{"floor":12,"key":"Potion Belt"},{"floor":13,"key":"Regal Pillow"},{"floor":23,"key":"Bottled Flame"}],"event_choices":[{"cards_removed":["Strike_B"],"damage_healed":0,"gold_gain":0,"player_choice":"Card Removal","damage_taken":0,"max_hp_gain":0,"max_hp_loss":0,"event_name":"Wheel of Change","floor":3,"gold_loss":0},{"damage_healed":0,"gold_gain":0,"player_choice":"Lose Max HP","damage_taken":0,"relics_obtained":["Golden Idol"],"max_hp_gain":0,"max_hp_loss":6,"event_name":"Golden Idol","floor":7,"gold_loss":0},{"damage_healed":0,"gold_gain":0,"player_choice":"Obtained Book","damage_taken":16,"max_hp_gain":0,"max_hp_loss":0,"event_name":"Cursed Tome","floor":21,"gold_loss":0}],"is_beta":false,"boss_relics":[{"not_picked":["SacredBark","Calling Bell"],"picked":"Philosopher\u0027s Stone"}],"items_purged_floors":[14,20],"is_endless":false,"potions_floor_spawned":[4,8,10,16,18,19],"killed_by":"Slavers","ascension_level":4}}