{"host":"0mf7robgulk01ko7","time":1612099853,"event":{"mods":["AchievementEnabler","BaseMod","Colored Map","DeckTracker","Minty Spire (QoL Compilation)","Quick Restart","Rare Cards Sparkle","Relic Stats","SuperFastMode","everything is the same but u backflip on backflip"],"gold_per_floor":[10,10,10,85,96,96,131,131,131,141,160,191,191,204,204,275,275,290,560,139,152,5,5,38,38,64,84,97,125,140,150,150,222,222,234,251,251,267,280,306,306,5,5,5,5,18,52,62,62,62,62,62,62,16,45,45],"floor_reached":57,"language":"KOR","playtime":3052,"items_purged":["Strike_B","Strike_B"],"score":2853,"play_id":"8b03d176-bfba-4f36-9dd3-5aee02f2a2bf","local_time":"20210131223053","is_ascension_mode":true,"campfire_choices":[{"data":"Zap","floor":6.0,"key":"SMITH"},{"data":"Turbo","floor":8.0,"key":"SMITH"},{"data":"Capacitor","floor":13.0,"key":"SMITH"},{"floor":15.0,"key":"DIG"},{"data":"Buffer","floor":23.0,"key":"SMITH"},{"floor":32.0,"key":"REST"},{"floor":41.0,"key":"RECALL"},{"floor":44.0,"key":"DIG"},{"floor":49.0,"key":"DIG"},{"floor":53.0,"key":"DIG"}],"circlet_count":0,"master_deck":["AscendersBane","Defend_B","Defend_B","Zap+1","Dualcast","Lockon","Turbo+1","Aggregate+1","Undo+1","Capacitor+1","Coolheaded+1","Biased Cognition","Ball Lightning","Seek+1","CurseOfTheBell","Undo+1","Coolheaded+1","Buffer+1","Hologram+1","Multi-Cast+1","Chaos+1","Consume+1","Hologram+1","Compile Driver","Go for the Eyes+1","Aggregate+1","Self Repair","Stack+1","Redo+1","Loop+1","Barrage+1","Apotheosis+1","Coolheaded+1","Doom and Gloom","Coolheaded+1","Cold Snap"],"relics":["Cracked Core","Toxic Egg 2","Gremlin Horn","Shovel","Eternal Feather","StoneCalendar","Calling Bell","DataDisk","The Courier","Gambling Chip","Happy Flower","Pantograph","Regal Pillow","Empty Cage","Art of War","TheAbacus","Cables","Akabeko","PreservedInsect","Nunchaku","Bottled Lightning","Toy Ornithopter"],"acts_visited":["Exordium","TheCity","TheBeyond","TheEnding"],"potions_floor_usage":[56,56],"damage_taken":[{"damage":2.0,"enemies":"Jaw Worm","floor":1.0,"turns":3.0},{"damage":1.0,"enemies":"Cultist","floor":5.0,"turns":3.0},{"damage":20.0,"enemies":"Lagavulin","floor":7.0,"turns":7.0},{"damage":0.0,"enemies":"2 Louse","floor":10.0,"turns":2.0},{"damage":3.0,"enemies":"Blue Slaver","floor":11.0,"turns":3.0},{"damage":28.0,"enemies":"Gremlin Nob","floor":12.0,"turns":4.0},{"damage":7.0,"enemies":"Exordium Wildlife","floor":14.0,"turns":4.0},{"damage":4.0,"enemies":"Slime Boss","floor":16.0,"turns":7.0},{"damage":3.0,"enemies":"Shell Parasite","floor":18.0,"turns":4.0},{"damage":0.0,"enemies":"Chosen","floor":21.0,"turns":3.0},{"damage":10.0,"enemies":"Book of Stabbing","floor":24.0,"turns":5.0},{"damage":11.0,"enemies":"Shelled Parasite and Fungi","floor":27.0,"turns":4.0},{"damage":0.0,"enemies":"3 Cultists","floor":28.0,"turns":5.0},{"damage":0.0,"enemies":"Gremlin Leader","floor":29.0,"turns":5.0},{"damage":0.0,"enemies":"Cultist and Chosen","floor":30.0,"turns":4.0},{"damage":12.0,"enemies":"Chosen and Byrds","floor":31.0,"turns":7.0},{"damage":20.0,"enemies":"Champ","floor":33.0,"turns":10.0},{"damage":1.0,"enemies":"3 Shapes","floor":35.0,"turns":2.0},{"damage":9.0,"enemies":"Orb Walker","floor":36.0,"turns":5.0},{"damage":2.0,"enemies":"4 Shapes","floor":38.0,"turns":6.0},{"damage":17.0,"enemies":"Transient","floor":39.0,"turns":6.0},{"damage":14.0,"enemies":"Nemesis","floor":40.0,"turns":7.0},{"damage":4.0,"enemies":"Sphere and 2 Shapes","floor":46.0,"turns":6.0},{"damage":9.0,"enemies":"Reptomancer","floor":47.0,"turns":6.0},{"damage":0.0,"enemies":"4 Shapes","floor":48.0,"turns":2.0},{"damage":39.0,"enemies":"Time Eater","floor":50.0,"turns":24.0},{"damage":32.0,"enemies":"Donu and Deca","floor":51.0,"turns":11.0},{"damage":0.0,"enemies":"Shield and Spear","floor":55.0,"turns":5.0},{"damage":45,"enemies":"The Heart","floor":56,"turns":11}],"seed_played":"7532347503420446106","potions_obtained":[{"floor":1.0,"key":"Regen Potion"},{"floor":10.0,"key":"SteroidPotion"},{"floor":14.0,"key":"LiquidMemories"},{"floor":16.0,"key":"Explosive Potion"},{"floor":21.0,"key":"LiquidMemories"},{"floor":24.0,"key":"SteroidPotion"},{"floor":27.0,"key":"Fire Potion"},{"floor":33.0,"key":"SpeedPotion"},{"floor":35.0,"key":"PotionOfCapacity"},{"floor":40.0,"key":"Fire Potion"},{"floor":47.0,"key":"SkillPotion"},{"floor":55.0,"key":"Ancient Potion"}],"is_trial":false,"path_per_floor":["M","?","$","?","M","R","E","R","T","M","M","E","R","M","R","B",null,"M","?","$","M","$","R","E","$","T","M","M","E","M","M","R","B",null,"M","M","?","M","M","E","R","$","T","R","?","M","E","M","R","B","B",null,"R","$","E","B",null],"character_chosen":"DEFECT","items_purchased":["Coolheaded+1","Happy Flower","Loop","Buffer","Multi-Cast+1","Apotheosis+1","TheAbacus","Weak Potion"],"campfire_rested":1,"item_purchase_floors":[20,20,20,20,22,42,42,54],"current_hp_per_floor":[62,62,62,51,50,50,30,30,30,30,27,11,20,13,22,18,58,55,28,28,28,28,40,30,30,30,19,19,19,19,7,58,51,66,65,56,56,61,51,44,62,62,62,71,71,71,71,71,71,42,45,65,71,71,71,40],"gold":45,"neow_bonus":"TRANSFORM_TWO_CARDS","is_daily":false,"chose_seed":false,"campfire_upgraded":4,"win_rate":0.0,"timestamp":1612099853,"path_taken":["M","?","?","?","M","R","E","R","T","M","M","E","R","M","R","BOSS","M","?","$","M","?","R","E","$","T","M","M","E","?","M","R","BOSS","M","M","?","M","M","E","R","$","T","R","?","M","E","M","R","BOSS","BOSS","R","$","E","BOSS"],"items_purchased_type":["Card","Relic","Card","Card","Card","Card","Relic","Potion"],"build_version":"2020-12-22","purchased_purges":2,"victory":true,"max_hp_per_floor":[71,71,71,71,71,71,71,71,71,71,71,71,71,71,71,71,71,71,71,71,71,71,71,71,71,71,71,71,71,71,71,71,71,71,71,71,71,71,71,71,71,71,71,71,71,71,71,71,71,71,71,71,71,71,71,71],"relic_stats":{"Regal Pillow":15,"Gremlin Horn":[30,30],"Happy Flower":[44],"counters":[29,171],"Eternal Feather":78,"StoneCalendar":[273],"PreservedInsect":77,"Cables":[59,6,43,10,0],"Nunchaku":[3],"Shovel":4,"TheAbacus":[60],"Gambling Chip":[62],"Pantograph":38,"Art of War":[31],"obtain_stats":[{"Regal Pillow":29,"Gremlin Horn":7,"Happy Flower":20,"Eternal Feather":12,"StoneCalendar":15,"The Courier":17,"PreservedInsect":47,"Empty Cage":34,"Akabeko":44,"Cables":43,"Calling Bell":17,"DataDisk":17,"Nunchaku":49,"Shovel":9,"TheAbacus":42,"Gambling Chip":17,"Pantograph":24,"Art of War":40,"Bottled Lightning":53,"Toxic Egg 2":2,"Cracked Core":0,"Toy Ornithopter":55},{"Regal Pillow":14,"Gremlin Horn":3,"Happy Flower":9,"Eternal Feather":6,"StoneCalendar":7,"The Courier":8,"PreservedInsect":24,"Empty Cage":17,"Akabeko":22,"Cables":22,"Calling Bell":8,"DataDisk":8,"Nunchaku":25,"Shovel":3,"TheAbacus":22,"Gambling Chip":8,"Pantograph":11,"Art of War":22,"Bottled Lightning":27,"Toxic Egg 2":1,"Cracked Core":0,"Toy Ornithopter":28},{"Regal Pillow":59,"Gremlin Horn":13,"Happy Flower":37,"Eternal Feather":22,"StoneCalendar":26,"The Courier":33,"PreservedInsect":118,"Empty Cage":80,"Akabeko":106,"Cables":106,"Calling Bell":33,"DataDisk":33,"Nunchaku":120,"Shovel":13,"TheAbacus":106,"Gambling Chip":33,"Pantograph":45,"Art of War":106,"Bottled Lightning":155,"Toxic Egg 2":3,"Cracked Core":0,"Toy Ornithopter":160}],"Toy Ornithopter":4},"card_choices":[{"not_picked":["Double Energy","Rebound"],"picked":"Turbo","floor":1.0},{"not_picked":["Hologram+1","Barrage"],"picked":"Aggregate+1","floor":5.0},{"not_picked":["White Noise+1","Steam+1"],"picked":"Undo+1","floor":7.0},{"not_picked":["Leap+1","Coolheaded+1"],"picked":"Capacitor","floor":10.0},{"not_picked":["Hologram+1","Barrage"],"picked":"Coolheaded+1","floor":11.0},{"not_picked":["Barrage","Stack+1"],"picked":"Biased Cognition","floor":12.0},{"not_picked":["Rebound","Scrape"],"picked":"Ball Lightning","floor":14.0},{"not_picked":["Reboot+1","Fission+1"],"picked":"Seek+1","floor":16.0},{"not_picked":["Rebound","Storm"],"picked":"Undo+1","floor":18.0},{"not_picked":["Redo+1","All For One"],"picked":"Hologram+1","floor":21.0},{"not_picked":["Force Field+1","Aggregate+1"],"picked":"Chaos+1","floor":24.0},{"not_picked":["Gash","FTL"],"picked":"Consume+1","floor":27.0},{"not_picked":["Sunder","Beam Cell+1"],"picked":"Hologram+1","floor":28.0},{"not_picked":["Gash","Beam Cell"],"picked":"Compile Driver","floor":29.0},{"not_picked":["Lockon","Consume+1"],"picked":"Go for the Eyes+1","floor":30.0},{"not_picked":["Beam Cell","Scrape"],"picked":"Aggregate+1","floor":31.0},{"not_picked":["Turbo+1","Go for the Eyes+1"],"picked":"Self Repair","floor":35.0},{"not_picked":["Barrage","Gash"],"picked":"Stack+1","floor":36.0},{"not_picked":["Go for the Eyes","Streamline"],"picked":"Redo+1","floor":38.0},{"not_picked":["Leap+1","BootSequence+1"],"picked":"Loop+1","floor":39.0},{"not_picked":["Streamline","Hello World+1"],"picked":"Barrage+1","floor":40.0},{"not_picked":["Lockon+1","Turbo+1"],"picked":"Coolheaded+1","floor":46.0},{"not_picked":["Conserve Battery+1","Turbo+1"],"picked":"Doom and Gloom","floor":47.0},{"not_picked":["Barrage","Gash"],"picked":"Coolheaded+1","floor":48.0},{"not_picked":["Beam Cell","Static Discharge"],"picked":"Cold Snap","floor":55.0}],"player_experience":415628,"relics_obtained":[{"floor":7.0,"key":"Gremlin Horn"},{"floor":9.0,"key":"Shovel"},{"floor":12.0,"key":"Eternal Feather"},{"floor":15.0,"key":"StoneCalendar"},{"floor":17.0,"key":"DataDisk"},{"floor":17.0,"key":"The Courier"},{"floor":17.0,"key":"Gambling Chip"},{"floor":24.0,"key":"Pantograph"},{"floor":29.0,"key":"Regal Pillow"},{"floor":40.0,"key":"Art of War"},{"floor":43.0,"key":"Cables"},{"floor":44.0,"key":"Akabeko"},{"floor":47.0,"key":"PreservedInsect"},{"floor":49.0,"key":"Nunchaku"},{"floor":53.0,"key":"Bottled Lightning"},{"floor":55.0,"key":"Toy Ornithopter"}],"event_choices":[{"cards_removed":["Fusion"],"damage_healed":0.0,"max_hp_gain":0.0,"max_hp_loss":0.0,"gold_gain":0.0,"event_name":"WeMeetAgain","player_choice":"Gave Card","floor":2.0,"gold_loss":0.0,"damage_taken":0.0,"relics_obtained":["Toxic Egg 2"]},{"damage_healed":0.0,"max_hp_gain":0.0,"max_hp_loss":0.0,"gold_gain":75.0,"event_name":"World of Goop","player_choice":"Gather Gold","floor":4.0,"gold_loss":0.0,"damage_taken":11.0},{"damage_healed":0.0,"max_hp_gain":0.0,"max_hp_loss":0.0,"gold_gain":270.0,"event_name":"Knowing Skull","player_choice":"GOLD GOLD GOLD ","floor":19.0,"potions_obtained":[],"gold_loss":0.0,"damage_taken":27.0,"cards_obtained":[]},{"damage_healed":0.0,"max_hp_gain":0.0,"max_hp_loss":0.0,"gold_gain":0.0,"event_name":"Tomb of Lord Red Mask","player_choice":"Ignored","floor":37.0,"gold_loss":0.0,"damage_taken":0.0},{"cards_removed":["Loop"],"damage_healed":0.0,"max_hp_gain":0.0,"max_hp_loss":0.0,"gold_gain":0.0,"event_name":"Falling","player_choice":"Removed Power","floor":45.0,"gold_loss":0.0,"damage_taken":0.0}],"is_beta":false,"boss_relics":[{"not_picked":["Runic Dome","Nuclear Battery"],"picked":"Calling Bell"},{"not_picked":["Busted Crown","Black Star"],"picked":"Empty Cage"}],"items_purged_floors":[20,22],"is_endless":false,"potions_floor_spawned":[1,10,14,16,21,24,27,33,35,40,47,55],"ascension_level":20}}