{"host":"jumrmhf584hajrnz","time":1612090955,"event":{"mods":["BaseMod","Duelist Mod","GifTheSpireLib","Minty Spire (QoL Compilation)","Quick Restart","StSLib"],"gold_per_floor":[142,142,65,140,140,166,181,181,204,204,233,244,244,279,279,356,356,375,266,283,283,302,332,332,192,192,192,218,218,218,218,218,297,297,317,317,335,335,93,123,123,0,26,26,50,62,87,105,105,105,105,105,105,31,64,64,64],"floor_reached":56,"language":"ENG","playtime":3663,"items_purged":["theDuelist:GravekeeperCurse"],"score":2135,"play_id":"530e3d06-3273-473f-94c4-a9723bd380ad","local_time":"20210131120235","is_ascension_mode":true,"campfire_choices":[{"floor":13,"key":"REST"},{"floor":15,"key":"RECALL"},{"data":"theDuelist:BadReaction","floor":24,"key":"SMITH"},{"data":"theDuelist:BadReaction","floor":27,"key":"SMITH"},{"data":"theDuelist:SphereKuriboh+1","floor":30,"key":"SMITH"},{"floor":32,"key":"REST"},{"floor":41,"key":"REST"},{"floor":44,"key":"REST"},{"data":"theDuelist:RainbowDarkDragon","floor":49,"key":"SMITH"},{"floor":53,"key":"REST"}],"circlet_count":0,"master_deck":["AscendersBane","theDuelist:CastleWalls","theDuelist:CastleWalls","theDuelist:DarkMagician","theDuelist:MysticalElf+1","theDuelist:MysticalElf+1","theDuelist:NeoMagic","theDuelist:NeoMagic","theDuelist:Sparks","theDuelist:Sparks","theDuelist:Sparks","theDuelist:BadReaction+1","theDuelist:BadReaction+1","theDuelist:InjectionFairy","theDuelist:MudGolem","theDuelist:InjectionFairy","theDuelist:StatueAnguishPattern","theDuelist:DarkMagicianGirl","theDuelist:RainbowMagician","theDuelist:SphereKuriboh+2","theDuelist:InjectionFairy","theDuelist:CallAtlanteans","theDuelist:LightningDarts","theDuelist:InjectionFairy","theDuelist:MudGolem","theDuelist:Illusionist+1","theDuelist:YamiForm","Necronomicurse","theDuelist:DarkPaladin","theDuelist:GrandSpellbookTower","theDuelist:RainbowKuriboh","Madness","Madness","theDuelist:RainbowDarkDragon+1","theDuelist:PotGreed","theDuelist:SphereKuriboh","theDuelist:BookSecret","theDuelist:FairyBox","theDuelist:GemArmadillo+1","theDuelist:WonderWand","theDuelist:LegendaryFlameLord+1"],"relics":["theDuelist:MillenniumPuzzle","theDuelist:CardPoolRelic","theDuelist:CardPoolBasicRelic","theDuelist:BoosterPackPoolRelic","theDuelist:CardPoolAddRelic","theDuelist:CardPoolMinusRelic","theDuelist:CardPoolSaveRelic","theDuelist:CardPoolOptionsRelic","Snake Skull","Nunchaku","theDuelist:SpellcasterToken","theDuelist:NamelessWarRelicA","theDuelist:SpellcasterOrb","Bird Faced Urn","Sozu","Strawberry","Bird Faced Urn","War Paint","theDuelist:ZoneToken","theDuelist:ResummonBranch","Necronomicon","Mark of Pain","Bag of Marbles","Red Mask","Bag of Preparation","Lantern","theDuelist:MillenniumRod","Tingsha"],"acts_visited":["Exordium","TheCity","TheBeyond","TheEnding"],"potions_floor_usage":[11,55],"damage_taken":[{"damage":0,"enemies":"Small Slimes","floor":1,"turns":3},{"damage":14,"enemies":"3 Sentries","floor":6,"turns":12},{"damage":7,"enemies":"Jaw Worm","floor":7,"turns":5},{"damage":0,"enemies":"Gremlin Nob","floor":11,"turns":2},{"damage":0,"enemies":"Cultist","floor":12,"turns":2},{"damage":6,"enemies":"3 Sentries","floor":14,"turns":4},{"damage":26,"enemies":"Hexaghost","floor":16,"turns":8},{"damage":0,"enemies":"Chosen","floor":18,"turns":3},{"damage":9,"enemies":"3 Byrds","floor":20,"turns":2},{"damage":0,"enemies":"Snake Plant","floor":22,"turns":2},{"damage":10,"enemies":"Gremlin Leader","floor":23,"turns":4},{"damage":16,"enemies":"Book of Stabbing","floor":28,"turns":4},{"damage":0,"enemies":"Collector","floor":33,"turns":7},{"damage":2,"enemies":"3 Darklings","floor":35,"turns":2},{"damage":25,"enemies":"3 Shapes","floor":37,"turns":3},{"damage":35,"enemies":"Nemesis","floor":40,"turns":5},{"damage":12,"enemies":"Writhing Mass","floor":46,"turns":5},{"damage":3,"enemies":"Giant Head","floor":47,"turns":6},{"damage":0,"enemies":"Sphere and 2 Shapes","floor":48,"turns":2},{"damage":32,"enemies":"Awakened One","floor":50,"turns":7},{"damage":50,"enemies":"Donu and Deca","floor":51,"turns":4},{"damage":63,"enemies":"Shield and Spear","floor":55,"turns":5},{"damage":66,"enemies":"The Heart","floor":56,"turns":2}],"seed_played":"4087774149384045370","potions_obtained":[{"floor":1,"key":"theDuelist:FusionPotion"},{"floor":6,"key":"theDuelist:TokenPotion"}],"is_trial":false,"path_per_floor":["M","?","$","?","$","E","M","T","T","?","E","M","R","E","R","B",null,"M","$","M","?","M","E","R","?","T","R","E","?","R","?","R","B",null,"M","?","M","?","$","E","R","?","T","R","T","M","E","M","R","B","B",null,"R","$","E","B"],"character_chosen":"THE_DUELIST","items_purchased":["theDuelist:BadReaction","theDuelist:InjectionFairy","theDuelist:CallAtlanteans","theDuelist:RainbowDarkDragon","theDuelist:PotGreed","theDuelist:WonderWand"],"campfire_rested":5,"item_purchase_floors":[3,19,19,39,39,54],"current_hp_per_floor":[63,68,68,57,57,43,44,44,44,33,37,41,63,65,65,61,72,74,74,70,70,75,76,76,76,76,76,68,68,68,47,71,82,82,82,82,61,46,46,35,59,59,59,82,82,74,82,82,82,62,40,72,82,82,35,0,0],"gold":64,"neow_bonus":"RANDOM_COMMON_RELIC","is_daily":false,"chose_seed":false,"campfire_upgraded":4,"win_rate":0.0,"timestamp":1612090955,"path_taken":["M","?","$","?","?","E","?","?","T","?","E","M","R","E","R","BOSS","M","$","M","?","?","E","R","?","T","R","E","?","R","?","R","BOSS","M","?","M","?","?","E","R","?","T","R","?","M","E","M","R","BOSS","BOSS","R","$","E","BOSS"],"items_purchased_type":["Card","Card","Card","Card","Card","Card"],"build_version":"2020-12-22","purchased_purges":1,"victory":false,"max_hp_per_floor":[70,75,75,75,75,75,75,75,75,75,75,75,75,75,75,75,75,75,75,75,75,75,82,82,82,82,82,82,82,82,82,82,82,82,82,82,82,82,82,82,82,82,82,82,82,82,82,82,82,82,82,82,82,82,82,82,82],"card_choices":[{"not_picked":["theDuelist:GoblinSecret","theDuelist:MindAir","theDuelist:WonderWand"],"picked":"theDuelist:BadReaction","floor":1},{"not_picked":["theDuelist:SangaThunder","theDuelist:ExodiaRL","theDuelist:LordD","theDuelist:GoblinSecret"],"picked":"theDuelist:InjectionFairy","floor":6},{"not_picked":["theDuelist:PowerGiant","theDuelist:MirrorForce","theDuelist:LabyrinthWall","theDuelist:RockSunrise"],"picked":"theDuelist:MudGolem","floor":7},{"not_picked":["theDuelist:BlizzardWarrior","theDuelist:LordD","theDuelist:DarkMagicianGirl","theDuelist:CrystalWingDragon"],"picked":"theDuelist:InjectionFairy","floor":11},{"not_picked":["theDuelist:MagiciansRobe","theDuelist:InariFire","theDuelist:MindAir","theDuelist:WhiteHowling"],"picked":"theDuelist:StatueAnguishPattern","floor":12},{"not_picked":["theDuelist:SangaThunder","theDuelist:WhiteMagicalHat","theDuelist:MysticalElf","theDuelist:DarkHorizon"],"picked":"theDuelist:DarkMagicianGirl","floor":14},{"not_picked":["theDuelist:Wildfire","theDuelist:RainbowDarkDragon","theDuelist:SwordsBurning","theDuelist:SangaWater"],"picked":"theDuelist:RainbowMagician","floor":16},{"not_picked":["theDuelist:SilentDoom+1","theDuelist:ApprenticeIllusionMagician","theDuelist:Cloning","theDuelist:Hinotama+1"],"picked":"theDuelist:SphereKuriboh+1","floor":18},{"not_picked":["theDuelist:RainbowOverdragon+1","theDuelist:BlackPendant","theDuelist:DokiDoki","theDuelist:Mausoleum+1"],"picked":"theDuelist:LightningDarts","floor":20},{"not_picked":["theDuelist:Hinotama","theDuelist:LightningRodLord+1","theDuelist:Mathematician","theDuelist:SolemnStrike"],"picked":"theDuelist:MudGolem","floor":22},{"not_picked":["theDuelist:NeoMagic","theDuelist:MysticalElf","theDuelist:GeminiElf","theDuelist:AlienTelepath"],"picked":"theDuelist:Illusionist+1","floor":23},{"not_picked":["theDuelist:BattleOx","theDuelist:MagicHoleGolem","theDuelist:OrbMetronome","theDuelist:PotGenerosity+1"],"picked":"theDuelist:YamiForm","floor":28},{"not_picked":["theDuelist:ExodiaNecross","theDuelist:Wildfire","theDuelist:RainbowDarkDragon","theDuelist:SwordsBurning"],"picked":"theDuelist:DarkPaladin","floor":33},{"not_picked":["theDuelist:Wildfire","theDuelist:RainbowMagician"],"picked":"theDuelist:GrandSpellbookTower","floor":35},{"not_picked":["theDuelist:GreenGraveOni","theDuelist:GreyGreedOni","theDuelist:PurplePainOni","theDuelist:RedHeadedOni"],"picked":"theDuelist:RainbowKuriboh","floor":37},{"not_picked":["theDuelist:VampireFamiliar","theDuelist:RainbowMagician","theDuelist:LegendaryFlameLord","theDuelist:RainbowDarkDragon"],"picked":"theDuelist:SphereKuriboh","floor":40},{"not_picked":["theDuelist:SilentDoom","theDuelist:MagicalBlast","theDuelist:OnslaughtFireKings","theDuelist:WonderWand"],"picked":"theDuelist:BookSecret","floor":46},{"not_picked":["theDuelist:SpellShatteringArrow","theDuelist:ThousandEyesIdol","theDuelist:MysticalElf","theDuelist:DiffusionWaveMotion+1"],"picked":"theDuelist:FairyBox","floor":47},{"not_picked":["theDuelist:WormKing","theDuelist:GreyGreedOni","theDuelist:BattleOx","theDuelist:PotDichotomy"],"picked":"theDuelist:GemArmadillo+1","floor":48},{"not_picked":["theDuelist:Wildfire+4","theDuelist:InfernoFireBlast+4"],"picked":"theDuelist:LegendaryFlameLord+1","floor":55}],"player_experience":1641488,"relics_obtained":[{"floor":6,"key":"Nunchaku"},{"floor":8,"key":"theDuelist:SpellcasterToken"},{"floor":11,"key":"theDuelist:SpellcasterOrb"},{"floor":14,"key":"Bird Faced Urn"},{"floor":23,"key":"Strawberry"},{"floor":26,"key":"War Paint"},{"floor":28,"key":"theDuelist:ZoneToken"},{"floor":31,"key":"Necronomicon"},{"floor":40,"key":"Bag of Marbles"},{"floor":43,"key":"Bag of Preparation"},{"floor":45,"key":"Lantern"},{"floor":47,"key":"theDuelist:MillenniumRod"},{"floor":55,"key":"Tingsha"}],"event_choices":[{"damage_healed":0,"gold_gain":0,"player_choice":"Donut","damage_taken":0,"max_hp_gain":5,"max_hp_loss":0,"event_name":"Big Fish","floor":2,"gold_loss":0},{"damage_healed":0,"gold_gain":75,"player_choice":"Gather Gold","damage_taken":11,"max_hp_gain":0,"max_hp_loss":0,"event_name":"World of Goop","floor":4,"gold_loss":0},{"total_magic_score":33,"gold_gain":0,"duelist":true,"damage_taken":11,"relics_obtained":["theDuelist:NamelessWarRelicA"],"points":1,"war_reward":1,"max_hp_gain":0,"max_hp_loss":0,"spent_points":{"magic":0,"greed":0,"war":1,"power":0,"hunger":0},"event_name":"Nameless Tomb","floor":10,"gold_loss":0,"cards_obtained":[]},{"damage_healed":0,"gold_gain":0,"player_choice":"Copied","damage_taken":0,"max_hp_gain":0,"max_hp_loss":0,"event_name":"Duplicator","floor":21,"gold_loss":0,"cards_obtained":["theDuelist:InjectionFairy"]},{"damage_healed":0,"gold_gain":0,"player_choice":"Duplicated Relic - Bird-Faced Urn","duelist":true,"damage_taken":0,"max_hp_gain":0,"max_hp_loss":0,"event_name":"Relic Duplicator","floor":25,"gold_loss":0},{"damage_healed":0,"gold_gain":0,"player_choice":"Took item - Received: Millennium Branch","duelist":true,"damage_taken":0,"max_hp_gain":0,"max_hp_loss":0,"event_name":"Millennium Items","floor":29,"gold_loss":0},{"damage_healed":0,"gold_gain":0,"player_choice":"Obtained Book","damage_taken":21,"max_hp_gain":0,"max_hp_loss":0,"event_name":"Cursed Tome","floor":31,"gold_loss":0},{"damage_healed":0,"gold_gain":0,"player_choice":"Leave","duelist":true,"damage_taken":0,"max_hp_gain":0,"max_hp_loss":0,"event_name":"Card Trader","floor":36,"gold_loss":0},{"damage_healed":0,"gold_gain":0,"player_choice":"Embrace Madness","damage_taken":15,"max_hp_gain":0,"max_hp_loss":0,"event_name":"Winding Halls","floor":38,"gold_loss":0,"cards_obtained":["Madness","Madness"]},{"damage_healed":0,"gold_gain":0,"player_choice":"Paid","damage_taken":0,"relics_obtained":["Red Mask"],"max_hp_gain":0,"max_hp_loss":0,"event_name":"Tomb of Lord Red Mask","floor":42,"gold_loss":123}],"is_beta":false,"boss_relics":[{"not_picked":["Pandora\u0027s Box","Busted Crown"],"picked":"Sozu"},{"not_picked":["SacredBark","Runic Pyramid"],"picked":"Mark of Pain"}],"items_purged_floors":[39],"is_endless":false,"potions_floor_spawned":[1,6,7,22,33,37,46,47],"killed_by":"The Heart","ascension_level":20}}