{"host":"msfr2axb1w9025n0","time":1612083280,"event":{"mods":["BaseMod","Colored Map","DeckTracker","Minty Spire (QoL Compilation)","Relic Stats"],"gold_per_floor":[16,16,35,52,52,52,2,102,102,143,143,156,177,57,57,185,185,206,231,231,249,249,249,249,249],"floor_reached":24,"language":"ENG","playtime":746,"items_purged":["Strike_B"],"score":304,"play_id":"9008c687-484a-42a8-be96-f8428f17cd9f","local_time":"20210131155440","is_ascension_mode":true,"campfire_choices":[{"data":"Hologram","floor":6,"key":"SMITH"},{"data":"Gash","floor":11,"key":"SMITH"},{"data":"Reprogram","floor":15,"key":"SMITH"},{"data":"Glacier","floor":23,"key":"SMITH"}],"circlet_count":0,"master_deck":["AscendersBane","Strike_B","Defend_B","Defend_B","Zap","Gash+1","Machine Learning","Hologram+1","Beam Cell","Glacier+1","Coolheaded","Reprogram+1","Go for the Eyes","All For One","Hologram+1","Rebound+1","Go for the Eyes+1"],"relics":["Cracked Core","Golden Idol","Bottled Tornado","Strawberry","Philosopher\u0027s Stone","Bag of Preparation"],"acts_visited":["Exordium","TheCity"],"potions_floor_usage":[10,16,16,19],"damage_taken":[{"damage":7,"enemies":"Jaw Worm","floor":1,"turns":3},{"damage":0,"enemies":"Cultist","floor":3,"turns":3},{"damage":8,"enemies":"Small Slimes","floor":4,"turns":3},{"damage":16,"enemies":"Gremlin Nob","floor":10,"turns":3},{"damage":17,"enemies":"3 Louse","floor":12,"turns":3},{"damage":14,"enemies":"Red Slaver","floor":13,"turns":3},{"damage":6,"enemies":"Hexaghost","floor":16,"turns":9},{"damage":9,"enemies":"Chosen","floor":18,"turns":4},{"damage":4,"enemies":"3 Byrds","floor":19,"turns":4},{"damage":13,"enemies":"Centurion and Healer","floor":21,"turns":4},{"damage":37,"enemies":"Shelled Parasite and Fungi","floor":24,"turns":3}],"seed_played":"-2647162947557337201","potions_obtained":[{"floor":1,"key":"Fire Potion"},{"floor":4,"key":"Fire Potion"},{"floor":13,"key":"DistilledChaos"},{"floor":16,"key":"ColorlessPotion"},{"floor":18,"key":"SneckoOil"}],"is_trial":false,"path_per_floor":["M","?","M","M","?","R","?","?","T","E","R","M","M","$","R","B",null,"M","M","?","M","?","R","M"],"character_chosen":"DEFECT","items_purchased":["Go for the Eyes"],"campfire_rested":0,"item_purchase_floors":[14],"current_hp_per_floor":[61,61,61,53,53,53,53,53,53,44,44,27,13,13,13,7,59,50,46,46,33,33,33,0,0],"gold":249,"neow_bonus":"TRANSFORM_TWO_CARDS","is_daily":false,"chose_seed":false,"campfire_upgraded":4,"win_rate":0.0,"timestamp":1612083280,"path_taken":["M","?","M","?","?","R","?","?","T","E","R","M","M","$","R","BOSS","M","M","?","M","?","R","?"],"items_purchased_type":["Card"],"build_version":"2020-12-22","purchased_purges":1,"victory":false,"max_hp_per_floor":[75,75,75,75,69,69,69,69,69,76,76,76,76,76,76,76,76,76,76,76,76,76,76,76,76],"relic_stats":{"counters":[11,42],"Golden Idol":54,"Bag of Preparation":[2],"obtain_stats":[{"Golden Idol":5,"Strawberry":10,"Philosopher\u0027s Stone":17,"Bag of Preparation":22,"Bottled Tornado":9,"Cracked Core":0},{"Golden Idol":3,"Strawberry":4,"Philosopher\u0027s Stone":7,"Bag of Preparation":10,"Bottled Tornado":3,"Cracked Core":0},{"Golden Idol":9,"Strawberry":12,"Philosopher\u0027s Stone":27,"Bag of Preparation":39,"Bottled Tornado":9,"Cracked Core":0}]},"card_choices":[{"not_picked":["Compile Driver","Rebound"],"picked":"Hologram","floor":1},{"not_picked":["Coolheaded","Turbo"],"picked":"Beam Cell","floor":3},{"not_picked":["Compile Driver","Turbo","Rainbow"],"picked":"SKIP","floor":4},{"not_picked":["Force Field","Fusion"],"picked":"Glacier","floor":10},{"not_picked":["Force Field","Blizzard"],"picked":"Coolheaded","floor":12},{"not_picked":["Rip and Tear","Stack"],"picked":"Reprogram","floor":13},{"not_picked":["Core Surge","Multi-Cast"],"picked":"All For One","floor":16},{"not_picked":["Compile Driver","Coolheaded"],"picked":"Hologram+1","floor":18},{"not_picked":["Static Discharge","Loop"],"picked":"Rebound+1","floor":19},{"not_picked":["Steam","Capacitor+1"],"picked":"Go for the Eyes+1","floor":21}],"player_experience":277537,"relics_obtained":[{"floor":9,"key":"Bottled Tornado"},{"floor":10,"key":"Strawberry"}],"event_choices":[{"cards_removed":["Dualcast"],"damage_healed":0,"gold_gain":0,"player_choice":"Offered Basic","damage_taken":0,"max_hp_gain":0,"max_hp_loss":0,"event_name":"Bonfire Elementals","floor":2,"gold_loss":0},{"damage_healed":0,"gold_gain":0,"player_choice":"Lose Max HP","damage_taken":0,"relics_obtained":["Golden Idol"],"max_hp_gain":0,"max_hp_loss":6,"event_name":"Golden Idol","floor":5,"gold_loss":0},{"cards_removed":["Defend_B"],"damage_healed":0,"gold_gain":0,"player_choice":"Card Removal","damage_taken":0,"max_hp_gain":0,"max_hp_loss":0,"event_name":"The Cleric","floor":7,"gold_loss":50},{"damage_healed":0,"gold_gain":100,"player_choice":"Gold","damage_taken":0,"max_hp_gain":0,"max_hp_loss":0,"event_name":"Wheel of Change","floor":8,"gold_loss":0},{"cards_removed":["Strike_B"],"damage_healed":0,"gold_gain":0,"player_choice":"Elegance","damage_taken":0,"max_hp_gain":0,"max_hp_loss":0,"event_name":"Back to Basics","floor":20,"gold_loss":0},{"damage_healed":0,"gold_gain":0,"player_choice":"Gave Potion","damage_taken":0,"relics_obtained":["Bag of Preparation"],"max_hp_gain":0,"max_hp_loss":0,"event_name":"WeMeetAgain","floor":22,"gold_loss":0}],"is_beta":false,"boss_relics":[{"not_picked":["Velvet Choker","Coffee Dripper"],"picked":"Philosopher\u0027s Stone"}],"items_purged_floors":[14],"is_endless":false,"potions_floor_spawned":[1,4,13,16,18],"killed_by":"Shelled Parasite and Fungi","ascension_level":11}}