{"host":"1mv6gj0zv8k9e9tz","time":1612107025,"event":{"mods":["AchievementEnabler","BaseMod","Better Third Choice","Colored Map","DeckTracker","Highlight Path","KOR Keyword Fix","Keyboard Shortcuts","Minty Spire (QoL Compilation)","Permanent Neow","Quick Restart","Rare Cards Sparkle","StSLib","SuperFastMode","everything is the same but u backflip on backflip"],"gold_per_floor":[119,194,213,223,223,223,253,253,253,253,280,299,42,56,56,157,157,176,356,373,388,388,388,388,398,398,398,418,98,132,150,150,150,150],"floor_reached":33,"language":"KOR","playtime":840,"items_purged":["Strike_B"],"score":500,"play_id":"fc10f6c0-3e08-4482-9a7a-60840f8bedee","local_time":"20210201003025","is_ascension_mode":true,"campfire_choices":[{"floor":6.0,"key":"REST"},{"floor":8.0,"key":"REST"},{"data":"Zap","floor":10.0,"key":"SMITH"},{"floor":15.0,"key":"REST"},{"floor":24,"key":"REST"},{"floor":27,"key":"REST"},{"data":"Biased Cognition","floor":32,"key":"SMITH"}],"circlet_count":0,"master_deck":["AscendersBane","Strike_B","Strike_B","Strike_B+1","Defend_B","Defend_B","Defend_B","Defend_B","Zap+1","Dualcast","Biased Cognition+1","Conserve Battery","Ball Lightning+1","Lockon","Steam","Storm","Auto Shields+1","Biased Cognition","Capacitor","Coolheaded+1","Redo+1","White Noise+1","Self Repair","Coolheaded+1","Rainbow+1","Conserve Battery+1"],"relics":["Cracked Core","Pen Nib","Shuriken","Pear","Centennial Puzzle","Toxic Egg 2","Velvet Choker","FaceOfCleric","Bottled Tornado","Whetstone","Boot"],"acts_visited":["Exordium","TheCity"],"potions_floor_usage":[23,30,30],"damage_taken":[{"damage":10.0,"enemies":"Small Slimes","floor":1.0,"turns":2.0},{"damage":5.0,"enemies":"2 Louse","floor":3.0,"turns":2.0},{"damage":4.0,"enemies":"Jaw Worm","floor":4.0,"turns":3.0},{"damage":33.0,"enemies":"Lagavulin","floor":7.0,"turns":4.0},{"damage":7.0,"enemies":"Gremlin Nob","floor":11.0,"turns":3.0},{"damage":4.0,"enemies":"Exordium Wildlife","floor":12.0,"turns":3.0},{"damage":11.0,"enemies":"Lots of Slimes","floor":14.0,"turns":3.0},{"damage":20.0,"enemies":"Slime Boss","floor":16.0,"turns":7.0},{"damage":10.0,"enemies":"Shell Parasite","floor":18.0,"turns":3.0},{"damage":27.0,"enemies":"2 Thieves","floor":20.0,"turns":4.0},{"damage":12.0,"enemies":"Centurion and Healer","floor":21.0,"turns":5.0},{"damage":0,"enemies":"Gremlin Leader","floor":23,"turns":1},{"damage":27,"enemies":"Shelled Parasite and Fungi","floor":25,"turns":4},{"damage":3,"enemies":"3 Cultists","floor":28,"turns":3},{"damage":13,"enemies":"Book of Stabbing","floor":30,"turns":4},{"damage":0,"enemies":"Snake Plant","floor":31,"turns":2},{"damage":24,"enemies":"Automaton","floor":33,"turns":4}],"seed_played":"6997560103666643364","potions_obtained":[{"floor":3.0,"key":"SmokeBomb"},{"floor":11.0,"key":"Regen Potion"},{"floor":25,"key":"Block Potion"},{"floor":28,"key":"Explosive Potion"},{"floor":31,"key":"SpeedPotion"}],"is_trial":false,"path_per_floor":["M","?","M","M","?","R","E","R","T","R","E","M","$","M","R","B",null,"M","?","M","M","?","E","R","M","T","R","M","$","E","M","R","B"],"character_chosen":"DEFECT","items_purchased":["Toxic Egg 2","Whetstone","Self Repair","Coolheaded+1"],"campfire_rested":5,"item_purchase_floors":[13,29,29,29],"current_hp_per_floor":[40,29,24,20,13,35,2,24,34,34,27,23,23,21,46,26,70,60,41,14,2,2,3,28,2,2,28,26,26,21,22,22,0,0],"gold":150,"neow_bonus":"THREE_RARE_CARDS","is_daily":false,"chose_seed":false,"campfire_upgraded":2,"win_rate":0.0,"timestamp":1612107025,"path_taken":["M","?","M","M","?","R","E","R","T","R","E","?","$","M","R","BOSS","M","?","?","M","?","E","R","?","T","R","M","$","E","M","R","BOSS"],"items_purchased_type":["Relic","Relic","Card","Card"],"build_version":"2020-12-22","purchased_purges":1,"victory":false,"max_hp_per_floor":[75,75,75,75,75,75,75,75,85,85,85,85,85,85,85,85,85,85,85,85,85,85,86,86,87,87,87,88,88,89,90,90,90,90],"card_choices":[{"not_picked":["Creative AI","Reboot"],"picked":"Biased Cognition","floor":0.0},{"not_picked":["Rebound","Gash"],"picked":"Conserve Battery","floor":1.0},{"not_picked":["Heatsinks","Lockon"],"picked":"Ball Lightning","floor":3.0},{"not_picked":["Go for the Eyes","Hologram"],"picked":"Lockon","floor":4.0},{"not_picked":["Barrage","Stack"],"picked":"Steam","floor":7.0},{"not_picked":["Scrape","FTL"],"picked":"Storm","floor":11.0},{"not_picked":["Hello World","FTL","Redo"],"picked":"SKIP","floor":12.0},{"not_picked":["Thunder Strike","Sweeping Beam"],"picked":"Auto Shields+1","floor":14.0},{"not_picked":["Multi-Cast+1","Hyperbeam"],"picked":"Biased Cognition","floor":16.0},{"not_picked":["Cold Snap","Turbo+1","Sweeping Beam"],"picked":"SKIP","floor":18.0},{"not_picked":["BootSequence+1","Beam Cell"],"picked":"Capacitor","floor":20.0},{"not_picked":["BootSequence+1","Blizzard"],"picked":"Coolheaded+1","floor":21.0},{"not_picked":["Stack+1","Aggregate+1"],"picked":"Redo+1","floor":25},{"not_picked":["Fusion+1","Rip and Tear"],"picked":"White Noise+1","floor":28},{"not_picked":["Steam+1","Sunder"],"picked":"Rainbow+1","floor":30},{"not_picked":["Barrage","FTL"],"picked":"Conserve Battery+1","floor":31}],"player_experience":599447,"relics_obtained":[{"floor":7.0,"key":"Shuriken"},{"floor":9.0,"key":"Pear"},{"floor":11.0,"key":"Centennial Puzzle"},{"floor":26,"key":"Bottled Tornado"},{"floor":30,"key":"Boot"}],"event_choices":[{"damage_healed":0.0,"max_hp_gain":0.0,"max_hp_loss":0.0,"gold_gain":75.0,"event_name":"betterThird:BetterGoop","player_choice":"Gold","floor":2.0,"gold_loss":0.0,"damage_taken":11.0},{"damage_healed":0.0,"max_hp_gain":0.0,"max_hp_loss":0.0,"gold_gain":0.0,"event_name":"betterThird:BetterScrap","player_choice":"Relic ","floor":5.0,"gold_loss":0.0,"damage_taken":7.0,"cards_obtained":["Searing Blow"]},{"damage_healed":0.0,"max_hp_gain":0.0,"max_hp_loss":0.0,"gold_gain":180.0,"event_name":"Knowing Skull","player_choice":"GOLD GOLD ","floor":19.0,"potions_obtained":[],"gold_loss":0.0,"damage_taken":19.0,"cards_obtained":[]},{"damage_healed":0.0,"max_hp_gain":0.0,"max_hp_loss":0.0,"gold_gain":0.0,"event_name":"FaceTrader","player_choice":"Trade","floor":22.0,"gold_loss":0.0,"damage_taken":0.0,"relics_obtained":["FaceOfCleric"]}],"is_beta":false,"boss_relics":[{"not_picked":["Black Star","Cursed Key"],"picked":"Velvet Choker"}],"items_purged_floors":[29],"is_endless":false,"potions_floor_spawned":[3,11,25,28,31],"killed_by":"Automaton","ascension_level":12}}