{"host":"mb4cisebr17g8vuz","time":1612137231,"event":{"mods":["AchievementEnabler","BaseMod","Colored Map","Colored Powertips","Minty Spire (QoL Compilation)","SuperFastMode","everything is the same but u backflip on backflip"],"gold_per_floor":[113,12,12,12,32,62,78,89,89,89,89,120,142,156,156,232,232,252,172,36,36,36],"floor_reached":21,"language":"KOR","playtime":611,"items_purged":["Strike_R"],"score":511,"play_id":"2e22325b-10de-4080-99a3-372d47bca5dd","local_time":"20210131185351","is_ascension_mode":true,"campfire_choices":[{"data":"Armaments","floor":10.0,"key":"SMITH"},{"floor":15.0,"key":"REST"}],"circlet_count":0,"master_deck":["AscendersBane","Strike_R","Strike_R+1","Defend_R","Defend_R","Defend_R","Defend_R","Bash+1","Shrug It Off","Barricade","Armaments+1","Shrug It Off","Shockwave","Burning Pact","Juggernaut","True Grit","Second Wind","Dark Embrace"],"relics":["Burning Blood","NeowsBlessing","WarpedTongs","Bronze Scales","Whetstone","Question Card","Odd Mushroom","Empty Cage"],"acts_visited":["Exordium","TheCity"],"potions_floor_usage":[16,16,18],"damage_taken":[{"damage":0.0,"enemies":"Small Slimes","floor":1.0,"turns":1.0},{"damage":0.0,"enemies":"Jaw Worm","floor":5.0,"turns":1.0},{"damage":0.0,"enemies":"Lagavulin","floor":6.0,"turns":3.0},{"damage":3.0,"enemies":"Cultist","floor":7.0,"turns":5.0},{"damage":10.0,"enemies":"Blue Slaver","floor":8.0,"turns":5.0},{"damage":42.0,"enemies":"Gremlin Nob","floor":12.0,"turns":5.0},{"damage":15.0,"enemies":"The Mushroom Lair","floor":13.0,"turns":5.0},{"damage":0.0,"enemies":"Looter","floor":14.0,"turns":4.0},{"damage":0,"enemies":"Hexaghost","floor":16,"turns":8},{"damage":20,"enemies":"Spheric Guardian","floor":18,"turns":9},{"damage":31,"enemies":"2 Thieves","floor":19,"turns":4},{"damage":27,"enemies":"Snake Plant","floor":21,"turns":4}],"seed_played":"3252069267220896156","potions_obtained":[{"floor":6.0,"key":"CultistPotion"},{"floor":7.0,"key":"BlessingOfTheForge"},{"floor":12.0,"key":"CultistPotion"},{"floor":16,"key":"HeartOfIron"}],"is_trial":false,"path_per_floor":["M","$","?","?","M","E","M","M","T","R","?","E","?","M","R","B",null,"M","M","$","M"],"character_chosen":"IRONCLAD","items_purchased":["Shrug It Off","Dark Embrace","SpeedPotion"],"campfire_rested":1,"item_purchase_floors":[2,20,20],"current_hp_per_floor":[74,74,74,74,75,75,75,71,71,71,64,28,19,25,47,53,70,56,31,31,4,4],"gold":36,"neow_bonus":"THREE_ENEMY_KILL","is_daily":false,"chose_seed":false,"campfire_upgraded":1,"win_rate":0.0,"timestamp":1612137231,"path_taken":["M","$","?","?","?","E","M","M","T","R","?","E","?","M","R","BOSS","M","M","$","M"],"items_purchased_type":["Card","Card","Potion"],"build_version":"2020-12-22","purchased_purges":1,"victory":false,"max_hp_per_floor":[75,75,75,75,75,75,75,75,75,75,75,75,75,75,75,75,75,75,75,75,75,75],"card_choices":[{"not_picked":["Clothesline","Disarm"],"picked":"Anger","floor":1.0},{"not_picked":["Battle Trance","Headbutt"],"picked":"Armaments","floor":5.0},{"not_picked":["Havoc","Perfected Strike"],"picked":"Shrug It Off","floor":6.0},{"not_picked":["Reaper","Flex"],"picked":"Shockwave","floor":7.0},{"not_picked":["Flex","Disarm"],"picked":"Burning Pact","floor":8.0},{"not_picked":["Berserk","Fiend Fire","Clash"],"picked":"SKIP","floor":12.0},{"not_picked":["Berserk","Fiend Fire","Clash"],"picked":"SKIP","floor":12.0},{"not_picked":["Shrug It Off","Anger","Burning Pact","Armaments"],"picked":"SKIP","floor":14.0},{"not_picked":["Feed","Impervious","Barricade"],"picked":"Juggernaut","floor":16},{"not_picked":["Searing Blow","Headbutt","Inflame"],"picked":"True Grit","floor":18},{"not_picked":["Wild Strike","Shrug It Off","Reckless Charge"],"picked":"Second Wind","floor":19}],"player_experience":252704,"relics_obtained":[{"floor":6.0,"key":"Bronze Scales"},{"floor":9.0,"key":"Whetstone"},{"floor":12.0,"key":"Question Card"},{"floor":13.0,"key":"Odd Mushroom"}],"event_choices":[{"damage_healed":0.0,"max_hp_gain":0.0,"max_hp_loss":0.0,"gold_gain":0.0,"cards_transformed":["Strike_R"],"event_name":"Living Wall","player_choice":"Change","floor":3.0,"gold_loss":0.0,"damage_taken":0.0,"cards_obtained":["Barricade"]},{"damage_healed":0.0,"max_hp_gain":0.0,"max_hp_loss":0.0,"gold_gain":0.0,"event_name":"Accursed Blacksmith","player_choice":"Rummage","floor":4.0,"gold_loss":0.0,"damage_taken":0.0,"relics_obtained":["WarpedTongs"],"cards_obtained":["Pain"]},{"cards_removed":["Pain"],"damage_healed":0.0,"max_hp_gain":0.0,"max_hp_loss":0.0,"gold_gain":0.0,"event_name":"Golden Wing","player_choice":"Card Removal","floor":11.0,"gold_loss":0.0,"damage_taken":7.0},{"damage_healed":0.0,"max_hp_gain":0.0,"max_hp_loss":0.0,"gold_gain":0.0,"event_name":"Mushrooms","player_choice":"Fought Mushrooms","floor":13.0,"gold_loss":0.0,"damage_taken":0.0}],"is_beta":false,"boss_relics":[{"not_picked":["Runic Dome","Pandora\u0027s Box"],"picked":"Empty Cage"}],"items_purged_floors":[2],"is_endless":false,"potions_floor_spawned":[6,7,12,16],"killed_by":"Snake Plant","ascension_level":19}}