{"host":"mytek2nu1hrzdnew","time":1612134069,"event":{"mods":["AchievementEnabler","Aspiration","BaseMod","Conspire","GifTheSpireLib","Gold Saver","Hubris","Infinite Spire","Minty Spire (QoL Compilation)","Replay The Spire","StSLib","Stuff the Spire","The Death Knight","Uncapped"],"gold_per_floor":[248,260,15,31,45,45,181,181,206,206,206,218,334,113,113,113,113],"floor_reached":16,"language":"ENG","playtime":710,"items_purged":["DeathKnight:BoneStorm"],"score":110,"play_id":"404c51fd-5e22-4d81-a863-0ac22248cb6d","local_time":"20210131180109","is_ascension_mode":false,"campfire_choices":[{"floor":6,"key":"REST"},{"floor":11,"key":"REST"},{"floor":15,"key":"REST"}],"circlet_count":0,"master_deck":["DeathKnight:Strike_DeathKnight","DeathKnight:Strike_DeathKnight","DeathKnight:Strike_DeathKnight","DeathKnight:Strike_DeathKnight","DeathKnight:Strike_DeathKnight","DeathKnight:Defend_DeathKnight","DeathKnight:Defend_DeathKnight","DeathKnight:Defend_DeathKnight","DeathKnight:Defend_DeathKnight","DeathKnight:Defend_DeathKnight","DeathKnight:RuneTap","DeathKnight:RuneStrike","DeathKnight:Pestilence","DeathKnight:BladedArmor","DeathKnight:MindFreeze","DeathKnight:MindFreeze","DeathKnight:DancingRuneblade"],"relics":["DeathKnight:BrokenRuneblade","StuffTheSpire:TintedRock","ReplayFunnel","aspiration:BabyByrd","ReplayTheSpireMod:TigerMarble","Chameleon Ring","Juzu Bracelet"],"acts_visited":["Exordium"],"potions_floor_usage":[7,16],"damage_taken":[{"damage":8,"enemies":"Cultist","floor":1,"turns":2},{"damage":6,"enemies":"Jaw Worm","floor":2,"turns":3},{"damage":7,"enemies":"2 Louse","floor":4,"turns":2},{"damage":17,"enemies":"Exordium Wildlife","floor":5,"turns":2},{"damage":38,"enemies":"3 Sentries","floor":7,"turns":8},{"damage":18,"enemies":"3 Louse","floor":12,"turns":2},{"damage":10,"enemies":"Gremlin Nob","floor":13,"turns":3},{"damage":72,"enemies":"Fading Forest","floor":16,"turns":7}],"seed_played":"3404508004016910123","potions_obtained":[{"floor":1,"key":"GamblersBrew"},{"floor":4,"key":"Milkshake"},{"floor":5,"key":"DeathKnight:RunicPotion"}],"is_trial":false,"path_per_floor":["M","M","$","M","M","R","E","?","T","?","R","M","E","$","R","B"],"character_chosen":"DEATH_KNIGHT","items_purchased":["DeathKnight:MindFreeze","StuffTheSpire:TintedRock","PowerPotion","Juzu Bracelet"],"campfire_rested":3,"item_purchase_floors":[3,3,3,14],"current_hp_per_floor":[67,61,61,54,37,59,21,21,21,36,58,40,30,30,52,0,0],"gold":113,"neow_bonus":"ONE_RANDOM_RARE_CARD","is_daily":false,"chose_seed":false,"campfire_upgraded":0,"win_rate":0.0,"timestamp":1612134069,"path_taken":["M","?","$","M","M","R","E","?","T","?","R","M","E","?","R","BOSS"],"items_purchased_type":["Card","Relic","Potion","Relic"],"build_version":"2020-12-22","purchased_purges":1,"victory":false,"max_hp_per_floor":[75,75,75,75,75,75,75,75,75,75,75,75,75,75,75,75,75],"card_choices":[{"not_picked":["DeathKnight:BloodPact","DeathKnight:Parry"],"picked":"DeathKnight:Pestilence","floor":1},{"not_picked":["DeathKnight:DreadStrike","DeathKnight:FrosPresence"],"picked":"DeathKnight:BladedArmor","floor":2},{"not_picked":["DeathKnight:IcyTouch","DeathKnight:Hemostasis"],"picked":"DeathKnight:DancingRuneblade","floor":4},{"not_picked":["DeathKnight:Ossuary","DeathKnight:ChainsOfIce","DeathKnight:BloodBoil"],"picked":"SKIP","floor":5},{"not_picked":["DeathKnight:DeathAndDecay","DeathKnight:ScourgeStrike","DeathKnight:ArmyOfTheDead"],"picked":"SKIP","floor":7},{"not_picked":["DeathKnight:ChainsOfIce","DeathKnight:UnholyAssault","DeathKnight:Ossuary"],"picked":"SKIP","floor":12},{"not_picked":["DeathKnight:BloodPact","DeathKnight:Ossuary","DeathKnight:Runeguard"],"picked":"SKIP","floor":13}],"player_experience":1059977,"relics_obtained":[{"floor":7,"key":"ReplayFunnel"},{"floor":9,"key":"ReplayTheSpireMod:TigerMarble"},{"floor":13,"key":"Chameleon Ring"}],"event_choices":[],"is_beta":false,"boss_relics":[],"items_purged_floors":[14],"is_endless":false,"potions_floor_spawned":[1,4,5,12],"killed_by":"Fading Forest","ascension_level":0}}