{"host":"5rycm1ajjg5acc5q","time":1612116702,"event":{"mods":["BaseMod","Better Third Choice","Downfall","Highlight Path","Infinite Spire","Minty Spire (QoL Compilation)","Replay The Spire","StSLib"],"gold_per_floor":[113,113,38,134,151,181,181,194,244,244,260,273,296,327,327,327,327,448,448,462,462,487,487,487,487,520,520,520,536,554,577,577,598,598,728,728,798,1131,1224,1224,1323,1323,1323,1323],"floor_reached":43,"language":"ENG","playtime":12374,"items_purged":["Strike_R","downfall:Bewildered"],"score":835,"play_id":"65a40c90-7c71-4796-a1c4-7acc402d21b6","local_time":"20210131121142","is_ascension_mode":false,"campfire_choices":[{"data":"infinitespire:NeuralNetwork","floor":7,"key":"SMITH"},{"data":"Berserk","floor":17,"key":"SMITH"},{"data":"Juggernaut","floor":25,"key":"SMITH"},{"data":"True Grit","floor":27,"key":"SMITH"},{"data":"Rupture","floor":32,"key":"SMITH"},{"data":"Warcry","floor":34,"key":"SMITH"},{"data":"Brutality","floor":42,"key":"SMITH"}],"circlet_count":0,"master_deck":["Strike_R","Strike_R","Strike_R","Strike_R","Defend_R","Defend_R","Defend_R","Defend_R","Bash","Warcry+1","infinitespire:NeuralNetwork+1","Burning Pact","Rupture+1","Disarm","Berserk+1","Dual Wield","Injury","Thunderclap","Rampage","Inflame","Bloodletting","Juggernaut+1","True Grit+1","Seeing Red+1","J.A.X.","Rage","Blood for Blood","Carnage","Second Wind","Inflame","Brutality+1","Seeing Red","Hemokinesis","Abandon+1"],"relics":["Burning Blood","Pet Ghost","Blue Doll","Replay:Rubber Ducky","Mercury Hourglass","ChewingGum","sneckomod:BabySnecko","Red Skull","ReplayFunnel","Pear","infinitespire:EvilPickle","Coffee Dripper","StoneCalendar"],"acts_visited":["Exordium","TheCity","TheBeyond"],"potions_floor_usage":[6,13,14,26,35,43,43],"damage_taken":[{"damage":8,"enemies":"2 Louse","floor":1,"turns":3},{"damage":1,"enemies":"Jaw Worm","floor":5,"turns":5},{"damage":29,"enemies":"3 Sentries","floor":6,"turns":12},{"damage":0,"enemies":"Cultist","floor":8,"turns":5},{"damage":0,"enemies":"Blue Slaver","floor":11,"turns":6},{"damage":0,"enemies":"Large Slime","floor":12,"turns":4},{"damage":14,"enemies":"Exordium Thugs","floor":13,"turns":4},{"damage":6,"enemies":"Lagavulin","floor":14,"turns":6},{"damage":15,"enemies":"The Guardian","floor":18,"turns":9},{"damage":3,"enemies":"Shell Parasite","floor":20,"turns":5},{"damage":9,"enemies":"3 Byrds","floor":22,"turns":4},{"damage":27,"enemies":"Book of Stabbing","floor":26,"turns":6},{"damage":0,"enemies":"Snake Plant","floor":29,"turns":4},{"damage":9,"enemies":"Snecko","floor":30,"turns":4},{"damage":13,"enemies":"3 Cultists","floor":31,"turns":4},{"damage":8,"enemies":"Cultist and Chosen","floor":33,"turns":5},{"damage":12,"enemies":"Pondfish","floor":35,"turns":8},{"damage":18,"enemies":"3 Shapes","floor":37,"turns":4},{"damage":35,"enemies":"3 Darklings","floor":39,"turns":6},{"damage":13,"enemies":"Sphere and 2 Shapes","floor":41,"turns":3},{"damage":54,"enemies":"Nightmare","floor":43,"turns":5}],"seed_played":"2870407276365495402","potions_obtained":[{"floor":5,"key":"SteroidPotion"},{"floor":8,"key":"bronze:BurnAndBuffPotion"},{"floor":12,"key":"hexamod:SoulburnPotion"},{"floor":20,"key":"Languid Potion"},{"floor":30,"key":"EssenceOfSteel"},{"floor":31,"key":"FearPotion"},{"floor":39,"key":"AttackPotion"},{"floor":41,"key":"ElixirPotion"}],"is_trial":false,"path_per_floor":["M","?","$","?","M","E","R","M","T","?","M","M","M","E","PTL","PTL","R","B",null,"M","?","M","AVR","?","R","E","R","T","M","M","M","R","M","R","B",null,"M","?","M","AVR","M","R","NM"],"character_chosen":"IRONCLAD","items_purchased":[],"campfire_rested":0,"item_purchase_floors":[],"current_hp_per_floor":[86,64,64,29,34,11,11,17,17,17,23,29,21,21,21,21,21,12,88,88,88,85,85,85,85,64,64,74,80,77,70,70,68,68,62,98,86,86,57,57,50,50,0,0],"gold":1323,"neow_bonus":"TEN_PERCENT_HP_BONUS","is_daily":false,"chose_seed":false,"campfire_upgraded":7,"win_rate":0.0,"timestamp":1612116702,"path_taken":["M","?","$","?","M","E","R","?","T","?","M","M","M","E","PTL","PTL","R","BOSS","M","?","M","AVR","?","R","E","R","T","M","M","?","R","M","R","BOSS","M","?","M","AVR","M","R","NM"],"items_purchased_type":[],"build_version":"2020-12-22","purchased_purges":2,"victory":false,"max_hp_per_floor":[88,88,88,88,88,88,88,88,88,88,88,88,88,88,88,88,88,88,88,88,88,88,88,88,88,88,88,98,98,98,98,98,98,98,98,98,98,98,98,98,98,98,98,98],"card_choices":[{"not_picked":["ReplayTheSpireMod:Strike From Hell","Anger"],"picked":"Warcry","floor":1},{"not_picked":["infinitespire:DeathsTouch","infinitespire:Oblivion"],"picked":"infinitespire:NeuralNetwork","floor":2},{"not_picked":["Perfected Strike","Dual Wield"],"picked":"Burning Pact","floor":4},{"not_picked":["Shrug It Off","Flex"],"picked":"Rupture","floor":4},{"not_picked":["Armaments","Sword Boomerang"],"picked":"Disarm","floor":5},{"not_picked":["Fire Breathing","Cleave"],"picked":"Berserk","floor":6},{"not_picked":["Sword Boomerang","True Grit"],"picked":"Dual Wield","floor":8},{"not_picked":["Shrug It Off","Metallicize"],"picked":"Thunderclap","floor":11},{"not_picked":["Sword Boomerang","Body Slam"],"picked":"Rampage","floor":12},{"not_picked":["Cleave","Body Slam"],"picked":"Inflame","floor":13},{"not_picked":["infinitespire:OneForAll","True Grit"],"picked":"Bloodletting","floor":14},{"not_picked":["Demonic Infusion","Hemogenesis"],"picked":"Juggernaut","floor":18},{"not_picked":["Twin Strike","Run Through"],"picked":"True Grit","floor":20},{"not_picked":["Thunderclap","Burning Pact+1"],"picked":"Seeing Red+1","floor":22},{"not_picked":["Dual Wield","Pummel"],"picked":"Rage","floor":26},{"not_picked":["Reckless Charge","Warcry"],"picked":"Blood for Blood","floor":29},{"not_picked":["Anger","Run Through"],"picked":"Carnage","floor":30},{"not_picked":["Replay:Undeath\u0027s Touch+1","Clash"],"picked":"Second Wind","floor":31},{"not_picked":["Pommel Strike","Searing Blow"],"picked":"Inflame","floor":33},{"not_picked":["Corruption","Berserk"],"picked":"Brutality","floor":35},{"not_picked":["Headbutt+1","Twin Strike+1"],"picked":"Seeing Red","floor":37},{"not_picked":["True Grit","Pummel"],"picked":"Hemokinesis","floor":39},{"not_picked":["Replay:Undeath\u0027s Touch","Metallicize"],"picked":"Abandon+1","floor":41}],"player_experience":95712,"relics_obtained":[{"floor":4,"key":"Pet Ghost"},{"floor":6,"key":"Blue Doll"},{"floor":9,"key":"Replay:Rubber Ducky"},{"floor":14,"key":"Mercury Hourglass"},{"floor":26,"key":"ReplayFunnel"},{"floor":28,"key":"Pear"}],"event_choices":[{"damage_healed":0,"gold_gain":0,"player_choice":"Take Wound","damage_taken":0,"relics_obtained":["Golden Idol"],"max_hp_gain":0,"max_hp_loss":0,"event_name":"Golden Idol","floor":10,"gold_loss":0,"cards_obtained":["Injury"]},{"damage_healed":0,"gold_gain":0,"player_choice":"Obtain J.A.X.","damage_taken":0,"max_hp_gain":0,"max_hp_loss":0,"event_name":"Drug Dealer","floor":24,"gold_loss":0,"cards_obtained":["J.A.X."]},{"damage_healed":0,"gold_gain":333,"player_choice":"Gave Idol","damage_taken":0,"max_hp_gain":0,"max_hp_loss":0,"event_name":"The Moai Head","floor":38,"relics_lost":["Golden Idol"],"gold_loss":0}],"is_beta":false,"boss_relics":[{"not_picked":["Replay:Wanted Poster","Ring of Chaos"],"picked":"ChewingGum"},{"not_picked":["SlaversCollar","ReplayTheSpireMod:SealedPack"],"picked":"Coffee Dripper"}],"items_purged_floors":[3,40],"is_endless":false,"potions_floor_spawned":[5,8,12,20,30,31,39,41],"killed_by":"Nightmare","ascension_level":0}}