{"host":"ilhhjx796p2x2wmd","time":1612111111,"event":{"mods":["AchievementEnabler","BaseMod","BetterRewards","Colored Map","Colored Powertips","DeckTracker","Highlight Path","Minty Spire (QoL Compilation)","Permanent Neow","Rare Cards Sparkle","Shop Mod"],"gold_per_floor":[17,35,51,70,84,84,114,114,167,180,180,192,209,221,221,316,316,338,17,17,36,45,86,107,118,118,118,138,138,161,197,197,307,307,332,554,355,377,22,59,109,59,59,59,98,126,467,487,487,487],"floor_reached":51,"language":"KOR","playtime":1720,"items_purged":["Defend_R","Defend_R","Defend_R","Defend_R"],"score":1124,"play_id":"0d580900-ca86-4280-9619-31d6db33ca6a","local_time":"20210201013831","is_ascension_mode":true,"campfire_choices":[{"data":"Feed","floor":6.0,"key":"SMITH"},{"data":"Perfected Strike","floor":8.0,"key":"SMITH"},{"data":"Berserk","floor":15.0,"key":"SMITH"},{"floor":27.0,"key":"REST"},{"data":"Offering","floor":29.0,"key":"SMITH"},{"data":"Bash","floor":32.0,"key":"SMITH"},{"floor":49,"key":"REST"}],"circlet_count":0,"master_deck":["Strike_R","Strike_R","Strike_R","Strike_R","Strike_R","Bash+1","Feed+1","Wild Strike","Battle Trance","Sword Boomerang","Perfected Strike+1","Perfected Strike","Berserk+1","Pommel Strike","Twin Strike","Offering+1","CurseOfTheBell","Shrug It Off","Pommel Strike","Perfected Strike+1","True Grit","Twin Strike+1","Evolve+1","Fiend Fire","Feed","Armaments+1","Power Through+1","Limit Break","Burning Pact+1","Spot Weakness","Shrug It Off+1","Pommel Strike+1"],"relics":["Burning Blood","Mercury Hourglass","Toy Ornithopter","Shuriken","Calling Bell","CeramicFish","Pantograph","Gambling Chip","White Beast Statue","Smiling Mask","Regal Pillow","Red Mask","Philosopher\u0027s Stone","HandDrill","Ice Cream","Molten Egg 2","Thread and Needle","Frozen Egg 2","Turnip","Old Coin"],"acts_visited":["Exordium","TheCity","TheBeyond"],"potions_floor_usage":[41,44,45,47,50,50,50],"damage_taken":[{"damage":15.0,"enemies":"Cultist","floor":1.0,"turns":5.0},{"damage":9.0,"enemies":"Small Slimes","floor":2.0,"turns":6.0},{"damage":13.0,"enemies":"Jaw Worm","floor":3.0,"turns":4.0},{"damage":7.0,"enemies":"Large Slime","floor":4.0,"turns":5.0},{"damage":0.0,"enemies":"Lots of Slimes","floor":5.0,"turns":1.0},{"damage":40.0,"enemies":"Lagavulin","floor":7.0,"turns":5.0},{"damage":0.0,"enemies":"3 Louse","floor":10.0,"turns":2.0},{"damage":0.0,"enemies":"Exordium Wildlife","floor":12.0,"turns":2.0},{"damage":23.0,"enemies":"Exordium Thugs","floor":13.0,"turns":3.0},{"damage":4.0,"enemies":"Lots of Slimes","floor":14.0,"turns":3.0},{"damage":2.0,"enemies":"Slime Boss","floor":16.0,"turns":5.0},{"damage":18.0,"enemies":"Chosen","floor":18.0,"turns":3.0},{"damage":6.0,"enemies":"Spheric Guardian","floor":21.0,"turns":1.0},{"damage":21.0,"enemies":"Gremlin Leader","floor":23.0,"turns":5.0},{"damage":41.0,"enemies":"Centurion and Healer","floor":24.0,"turns":3.0},{"damage":6.0,"enemies":"Sentry and Sphere","floor":25.0,"turns":3.0},{"damage":23.0,"enemies":"Chosen and Byrds","floor":28.0,"turns":4.0},{"damage":6.0,"enemies":"Snecko","floor":30.0,"turns":2.0},{"damage":9.0,"enemies":"Masked Bandits","floor":31.0,"turns":3.0},{"damage":68.0,"enemies":"Collector","floor":33.0,"turns":6.0},{"damage":0.0,"enemies":"Orb Walker","floor":35.0,"turns":2.0},{"damage":27.0,"enemies":"3 Shapes","floor":38.0,"turns":3.0},{"damage":30.0,"enemies":"Giant Head","floor":40.0,"turns":5.0},{"damage":6,"enemies":"Mind Bloom Boss Battle","floor":41,"turns":2},{"damage":0,"enemies":"Maw","floor":44,"turns":2},{"damage":6,"enemies":"Reptomancer","floor":45,"turns":3},{"damage":38,"enemies":"Spire Growth","floor":46,"turns":3},{"damage":17,"enemies":"Nemesis","floor":47,"turns":5},{"damage":17,"enemies":"Sphere and 2 Shapes","floor":48,"turns":3},{"damage":137,"enemies":"Awakened One","floor":50,"turns":8}],"seed_played":"-5204105219883398062","potions_obtained":[{"floor":1.0,"key":"Explosive Potion"},{"floor":5.0,"key":"SkillPotion"},{"floor":7.0,"key":"BlessingOfTheForge"},{"floor":10.0,"key":"Weak Potion"},{"floor":13.0,"key":"Block Potion"},{"floor":21.0,"key":"Block Potion"},{"floor":23.0,"key":"DuplicationPotion"},{"floor":24.0,"key":"PowerPotion"},{"floor":25.0,"key":"Fire Potion"},{"floor":28.0,"key":"LiquidBronze"},{"floor":31.0,"key":"CultistPotion"},{"floor":33.0,"key":"PowerPotion"},{"floor":35.0,"key":"Swift Potion"},{"floor":38.0,"key":"SmokeBomb"},{"floor":40.0,"key":"AttackPotion"},{"floor":41,"key":"Explosive Potion"},{"floor":45,"key":"ColorlessPotion"},{"floor":46,"key":"Regen Potion"},{"floor":47,"key":"DistilledChaos"},{"floor":48,"key":"Regen Potion"}],"is_trial":false,"path_per_floor":["M","M","M","M","M","R","E","R","T","M","?","M","M","M","R","B",null,"M","$","?","M","?","E","M","M","T","R","M","R","M","?","R","B",null,"M","?","$","M","$","E","?","$","T","M","E","M","E","M","R","B",null],"character_chosen":"IRONCLAD","items_purchased":["White Beast Statue","HandDrill","Ice Cream"],"campfire_rested":2,"item_purchase_floors":[19,37,39],"current_hp_per_floor":[66,66,62,64,73,73,39,39,39,49,46,56,43,54,54,62,102,99,99,74,74,74,64,33,47,47,101,84,84,84,95,95,68,119,125,125,125,108,108,89,119,119,119,130,138,106,100,92,146,40],"gold":487,"neow_bonus":"THREE_RARE_CARDS","is_daily":false,"chose_seed":false,"campfire_upgraded":5,"win_rate":0.0,"timestamp":1612111111,"path_taken":["M","?","M","M","M","R","E","R","T","M","?","M","M","M","R","BOSS","M","$","?","M","?","E","?","M","T","R","?","R","M","?","R","BOSS","M","?","$","M","$","E","?","?","T","?","E","M","E","?","R","BOSS"],"items_purchased_type":["Relic","Relic","Relic"],"build_version":"2020-12-22","purchased_purges":4,"victory":true,"max_hp_per_floor":[83,86,89,92,95,95,95,95,95,99,99,103,107,111,111,115,115,119,119,124,124,124,124,128,132,132,132,132,132,132,136,136,136,136,136,136,136,140,140,140,140,140,140,140,143,143,143,146,146,146],"card_choices":[{"not_picked":["Reaper","Limit Break"],"picked":"Feed","floor":0.0},{"not_picked":["Ghostly Armor","Headbutt","Clash"],"picked":"SKIP","floor":1.0},{"not_picked":["Shockwave","Seeing Red"],"picked":"Wild Strike","floor":2.0},{"not_picked":["Headbutt","Feel No Pain"],"picked":"Battle Trance","floor":3.0},{"not_picked":["Warcry","Second Wind"],"picked":"Sword Boomerang","floor":4.0},{"not_picked":["Carnage","True Grit"],"picked":"Perfected Strike","floor":5.0},{"not_picked":["Blood for Blood","Warcry","Entrench"],"picked":"SKIP","floor":7.0},{"not_picked":["Anger","Iron Wave"],"picked":"Perfected Strike","floor":10.0},{"not_picked":["Thunderclap","Clothesline"],"picked":"Berserk","floor":12.0},{"not_picked":["Iron Wave","Cleave"],"picked":"Pommel Strike","floor":13.0},{"not_picked":["Evolve","Combust"],"picked":"Twin Strike","floor":14.0},{"not_picked":["Corruption","Barricade"],"picked":"Offering","floor":16.0},{"not_picked":["Iron Wave","Shockwave"],"picked":"Shrug It Off","floor":18.0},{"not_picked":["Reckless Charge","Infernal Blade+1"],"picked":"Pommel Strike","floor":21.0},{"not_picked":["Whirlwind","Bloodletting"],"picked":"True Grit","floor":23.0},{"not_picked":["Whirlwind+1","Evolve"],"picked":"Twin Strike+1","floor":24.0},{"not_picked":["Warcry+1","Cleave","Flex"],"picked":"SKIP","floor":25.0},{"not_picked":["Pummel","Flame Barrier","Rage"],"picked":"SKIP","floor":28.0},{"not_picked":["Twin Strike","Second Wind+1"],"picked":"Evolve+1","floor":30.0},{"not_picked":["Havoc","Headbutt+1"],"picked":"Fiend Fire","floor":31.0},{"not_picked":["Bludgeon","Juggernaut"],"picked":"Feed","floor":33.0},{"not_picked":["Carnage+1","Sword Boomerang+1"],"picked":"Armaments+1","floor":35.0},{"not_picked":["Pommel Strike","Thunderclap+1"],"picked":"Power Through+1","floor":38.0},{"not_picked":["Sentinel","Disarm"],"picked":"Limit Break","floor":40.0},{"not_picked":["Anger+1","Thunderclap+1"],"picked":"Burning Pact+1","floor":45},{"not_picked":["Havoc","Warcry"],"picked":"Spot Weakness","floor":46},{"not_picked":["Dropkick+1","Carnage+1"],"picked":"Shrug It Off+1","floor":47},{"not_picked":["Headbutt+1","Barricade+1"],"picked":"Pommel Strike+1","floor":48}],"player_experience":322304,"relics_obtained":[{"floor":7.0,"key":"Mercury Hourglass"},{"floor":9.0,"key":"Toy Ornithopter"},{"floor":17.0,"key":"CeramicFish"},{"floor":17.0,"key":"Pantograph"},{"floor":17.0,"key":"Gambling Chip"},{"floor":23.0,"key":"Smiling Mask"},{"floor":26.0,"key":"Regal Pillow"},{"floor":31.0,"key":"Red Mask"},{"floor":40.0,"key":"Molten Egg 2"},{"floor":41,"key":"Thread and Needle"},{"floor":43,"key":"Frozen Egg 2"},{"floor":45,"key":"Turnip"},{"floor":47,"key":"Old Coin"}],"event_choices":[{"damage_healed":0.0,"max_hp_gain":0.0,"max_hp_loss":0.0,"gold_gain":0.0,"event_name":"Scrap Ooze","player_choice":"Success","floor":11.0,"gold_loss":0.0,"damage_taken":3.0,"relics_obtained":["Shuriken"]},{"damage_healed":0.0,"max_hp_gain":5.0,"max_hp_loss":0.0,"gold_gain":0.0,"event_name":"Forgotten Altar","player_choice":"Shed Blood","floor":20.0,"gold_loss":0.0,"damage_taken":30.0},{"damage_healed":0.0,"max_hp_gain":0.0,"max_hp_loss":0.0,"gold_gain":0.0,"event_name":"Duplicator","player_choice":"Copied","floor":22.0,"gold_loss":0.0,"damage_taken":0.0,"cards_obtained":["Perfected Strike"]},{"damage_healed":0.0,"max_hp_gain":0.0,"max_hp_loss":0.0,"gold_gain":0.0,"event_name":"Masked Bandits","player_choice":"Fought Bandits","floor":31.0,"gold_loss":0.0,"damage_taken":0.0},{"damage_healed":0.0,"max_hp_gain":0.0,"max_hp_loss":0.0,"gold_gain":222.0,"event_name":"Tomb of Lord Red Mask","player_choice":"Wore Mask","floor":36.0,"gold_loss":0.0,"damage_taken":0.0},{"damage_healed":0,"gold_gain":0,"player_choice":"Fight","damage_taken":0,"max_hp_gain":0,"max_hp_loss":0,"event_name":"MindBloom","floor":41,"gold_loss":0}],"is_beta":false,"boss_relics":[{"not_picked":["Busted Crown","Sozu"],"picked":"Calling Bell"},{"not_picked":["Empty Cage","Cursed Key"],"picked":"Philosopher\u0027s Stone"}],"items_purged_floors":[19,37,39,42],"is_endless":false,"potions_floor_spawned":[1,5,7,10,13,21,23,24,25,28,30,31,33,35,38,40,41,44,45,46,47,48],"ascension_level":7}}