{"host":"7nm1ow5v9mg4ehcw","time":1612092290,"event":{"mods":["BaseMod","Minty Spire (QoL Compilation)","Relic Stats","StSLib"],"gold_per_floor":[111,186,197,197,197,197,227,227,254,254,219,232,267,94,94,94,94],"floor_reached":16,"language":"ENG","playtime":462,"items_purged":[],"score":207,"play_id":"e7533a8f-66d2-4d93-aeda-513a168d1549","local_time":"20210131122450","is_ascension_mode":true,"campfire_choices":[{"data":"Bash","floor":6,"key":"SMITH"},{"floor":8,"key":"REST"},{"data":"Cleave","floor":10,"key":"SMITH"},{"data":"Feel No Pain","floor":15,"key":"SMITH"}],"circlet_count":0,"master_deck":["AscendersBane","Strike_R","Strike_R","Strike_R","Strike_R","Defend_R","Defend_R","Defend_R","Defend_R","Bash+1","Shockwave","Headbutt","Cleave+1","Second Wind","Feed","Feel No Pain+1","Evolve","Havoc","Pommel Strike"],"relics":["Mark of Pain","Tiny Chest","Anchor","Self Forming Clay","Orrery"],"acts_visited":["Exordium"],"potions_floor_usage":[7,16],"damage_taken":[{"damage":7,"enemies":"Jaw Worm","floor":1,"turns":3},{"damage":0,"enemies":"2 Louse","floor":3,"turns":3},{"damage":23,"enemies":"3 Sentries","floor":7,"turns":8},{"damage":1,"enemies":"Small Slimes","floor":12,"turns":3},{"damage":24,"enemies":"Gremlin Nob","floor":13,"turns":4},{"damage":37,"enemies":"The Guardian","floor":16,"turns":5}],"seed_played":"8461459205430196515","potions_obtained":[{"floor":3,"key":"SkillPotion"},{"floor":12,"key":"Strength Potion"}],"is_trial":false,"path_per_floor":["M","?","M","?","?","R","E","R","T","R","?","M","E","$","R","B"],"character_chosen":"IRONCLAD","items_purchased":["Orrery"],"campfire_rested":1,"item_purchase_floors":[14],"current_hp_per_floor":[61,50,50,50,43,43,20,42,42,42,60,59,35,35,35,0,0],"gold":94,"neow_bonus":"BOSS_RELIC","is_daily":false,"chose_seed":false,"campfire_upgraded":3,"win_rate":0.0,"timestamp":1612092290,"path_taken":["M","?","M","?","?","R","E","R","T","R","?","M","E","$","R","BOSS"],"items_purchased_type":["Relic"],"build_version":"2020-12-22","purchased_purges":0,"victory":false,"max_hp_per_floor":[75,75,75,75,75,75,75,75,75,75,75,75,75,75,75,75,75],"relic_stats":{"counters":[6,26],"Self Forming Clay":[3],"Tiny Chest":0,"obtain_stats":[{"Anchor":9,"Self Forming Clay":13,"Orrery":14,"Tiny Chest":7,"Mark of Pain":0,"Burning Blood":0},{"Anchor":3,"Self Forming Clay":5,"Orrery":5,"Tiny Chest":3,"Mark of Pain":0,"Burning Blood":0},{"Anchor":14,"Self Forming Clay":21,"Orrery":21,"Tiny Chest":14,"Mark of Pain":0,"Burning Blood":0}]},"card_choices":[{"not_picked":["Armaments","Anger"],"picked":"Shockwave","floor":1},{"not_picked":["Reckless Charge","Sword Boomerang"],"picked":"Headbutt","floor":3},{"not_picked":["Twin Strike","Pummel"],"picked":"Cleave","floor":7},{"not_picked":["Searing Blow","Clash"],"picked":"Second Wind","floor":12},{"not_picked":["Twin Strike","Feel No Pain"],"picked":"Feed","floor":13},{"not_picked":["Twin Strike","Fiend Fire"],"picked":"Feel No Pain","floor":14},{"not_picked":["Wild Strike","Havoc"],"picked":"Evolve","floor":14},{"not_picked":["Shrug It Off","Twin Strike"],"picked":"Havoc","floor":14},{"not_picked":["Thunderclap","Pummel"],"picked":"Pommel Strike","floor":14}],"player_experience":366134,"relics_obtained":[{"floor":7,"key":"Tiny Chest"},{"floor":9,"key":"Anchor"},{"floor":13,"key":"Self Forming Clay"}],"event_choices":[{"damage_healed":0,"gold_gain":75,"player_choice":"Gather Gold","damage_taken":11,"max_hp_gain":0,"max_hp_loss":0,"event_name":"World of Goop","floor":2,"gold_loss":0},{"damage_healed":0,"gold_gain":0,"player_choice":"Ignored","damage_taken":0,"max_hp_gain":0,"max_hp_loss":0,"event_name":"Liars Game","floor":4,"gold_loss":0},{"cards_removed":["Strike_R"],"damage_healed":0,"gold_gain":0,"player_choice":"Card Removal","damage_taken":7,"max_hp_gain":0,"max_hp_loss":0,"event_name":"Golden Wing","floor":5,"gold_loss":0},{"damage_healed":18,"gold_gain":0,"player_choice":"Healed","damage_taken":0,"max_hp_gain":0,"max_hp_loss":0,"event_name":"The Cleric","floor":11,"gold_loss":35}],"is_beta":false,"boss_relics":[],"items_purged_floors":[],"is_endless":false,"potions_floor_spawned":[3,12],"killed_by":"The Guardian","ascension_level":19}}