{"host":"ei424ha2zqt1xblg","time":1612098020,"event":{"mods":["BaseMod","Downfall","Minty Spire (QoL Compilation)","MostiFishMod","StSLib","TestMod","Waifu the Spire","Yakumo Yukari mod","Yuyuko"],"gold_per_floor":[-1301,-1301,-1281,-1106,-1106,-1106,-1083,-1063,-1033,-1033,-1033,-1017,-1007,-974,-961,-864,-864,-864,-846,-831,-813,-798,-798,-798,-772,0,0,0,18,18,33,49,153,153,53,69,69,80,80,290,343,396,196,232,632,650,266,304,324,333,333,376,63,63,73,94,94,94],"floor_reached":56,"language":"ZHS","playtime":2590,"items_purged":["hexamod:CouncilsJustice+1","expansioncontent:DecaShield+1"],"score":1043,"play_id":"4d961316-3b0a-4951-a3f8-aaa8f02f45cd","local_time":"20210131210020","is_ascension_mode":true,"campfire_choices":[{"data":"hexamod:Float","floor":1,"key":"SMITH"},{"floor":10,"key":"RECALL"},{"data":"hexamod:RainOfEmbers","floor":18,"key":"SMITH"},{"data":"hexamod:ForkedFlame","floor":28,"key":"SMITH"},{"data":"hexamod:RecurringNightmare","floor":30,"key":"SMITH"},{"data":"hexamod:TimeOfNeed","floor":35,"key":"SMITH"},{"data":"expansioncontent:PolyBeam","floor":43,"key":"SMITH"},{"floor":54,"key":"REST"}],"circlet_count":0,"master_deck":["hexamod:Sear+1","hexamod:Float+1","hexamod:SixthSeal","hexamod:RainOfEmbers+1","hexamod:SixthSeal","hexamod:RetreatToShadows+1","hexamod:ForkedFlame+1","Ghostly+1","Ghostly+1","Ghostly+1","hexamod:FirstSeal","hexamod:ForkedFlame+1","hexamod:FirstSeal","hexamod:ThirdSeal","hexamod:FourthSeal","hexamod:RecurringNightmare+1","hexamod:Hexaguard+1","hexamod:Hexaguard+1","hexamod:TimeOfNeed+1","MostiFishMod:ButterFly+1","Secret Technique+1","expansioncontent:AwakenDeath+1","expansioncontent:PolyBeam+1","hexamod:SpectralAdrenaline+1","hexamod:SpectralAdrenaline+1","hexamod:AdvancingGuard+1","hexamod:GhostOfSpirePast+1","hexamod:TimeWarp+1","hexamod:Haunt+1","hexamod:ForkedFlame+1","hexamod:BacktrackSmack+1"],"relics":["testmod-TestBox","testmod-TimeTraveler","SynthV:MejaisSoulstealer","testmod-TimeTraveler","Omamori","Kunai","Pen Nib","Toy Ornithopter","Gremlin Horn","TimeKeys","testmod-RealStoneCalender","Eternal Feather","testmod-Fanaticism","downfall:HeartBlessingRed","testmod-Acrobat","Nunchaku","downfall:HeartBlessingGreen","downfall:HeartBlessingBlue","Mercury Hourglass","Molten Egg 2","ImprovedEquipment","Oddly Smooth Stone","Mango"],"acts_visited":["Exordium","TheCity","TheBeyond","TheEnding"],"potions_floor_usage":[14,33,44,55,56,56],"damage_taken":[{"damage":4,"enemies":"Jaw Worm","floor":3,"turns":3},{"damage":0,"enemies":"2 Louse","floor":8,"turns":2},{"damage":0,"enemies":"Lagavulin","floor":9,"turns":5},{"damage":0,"enemies":"Small Slimes","floor":12,"turns":3},{"damage":0,"enemies":"3 Louse","floor":13,"turns":3},{"damage":0,"enemies":"3 Sentries","floor":14,"turns":7},{"damage":0,"enemies":"Gremlin Gang","floor":15,"turns":3},{"damage":0,"enemies":"SI_SHIV_ARCHETYPE","floor":16,"turns":4},{"damage":0,"enemies":"Chosen","floor":19,"turns":3},{"damage":0,"enemies":"Spheric Guardian","floor":20,"turns":3},{"damage":4,"enemies":"Snake Plant","floor":21,"turns":3},{"damage":0,"enemies":"Centurion and Healer","floor":22,"turns":4},{"damage":9,"enemies":"Book of Stabbing","floor":25,"turns":4},{"damage":5,"enemies":"downfall:FleeingMerchant","floor":26,"turns":4},{"damage":13,"enemies":"Cultist and Chosen","floor":29,"turns":4},{"damage":23,"enemies":"Snake Plant","floor":31,"turns":4},{"damage":8,"enemies":"Shelled Parasite and Fungi","floor":32,"turns":5},{"damage":5,"enemies":"DF_ARCHETYPE_CLAW","floor":33,"turns":5},{"damage":0,"enemies":"3 Darklings","floor":36,"turns":2},{"damage":12,"enemies":"3 Shapes","floor":38,"turns":4},{"damage":0,"enemies":"downfall:FleeingMerchant","floor":40,"turns":4},{"damage":15,"enemies":"Reptomancer","floor":44,"turns":4},{"damage":0,"enemies":"Reptomancer","floor":46,"turns":8},{"damage":3,"enemies":"Nemesis","floor":48,"turns":3},{"damage":15,"enemies":"3 Darklings","floor":49,"turns":3},{"damage":0,"enemies":"WA_ARCHETYPE_DIVINITY","floor":50,"turns":4},{"damage":0,"enemies":"downfall:CharBossMerchant","floor":52,"turns":4},{"damage":2,"enemies":"downfall:NeowBoss","floor":55,"turns":6},{"damage":158,"enemies":"downfall:NeowBossFinal","floor":56,"turns":5}],"seed_played":"1724243207022365215","potions_obtained":[{"floor":3,"key":"Explosive Potion"},{"floor":8,"key":"Fire Potion"},{"floor":9,"key":"champ:CounterPotion"},{"floor":15,"key":"testmod-TestPotion"},{"floor":21,"key":"Regen Potion"},{"floor":22,"key":"LiquidMemories"},{"floor":31,"key":"testmod-TestPotion"},{"floor":33,"key":"EssenceOfSteel"},{"floor":36,"key":"DistilledChaos"},{"floor":44,"key":"PowerPotion"}],"is_trial":false,"path_per_floor":["R","?","M","?","T","?","T","M","E","R","?","M","M","E","M","B",null,"R","M","M","M","M","?","T","E","$","?","R","M","R","M","M","B",null,"R","M","?","M","?","$","T","T","R","E","?","?","$","E","M","B",null,"E","$","R","B","B"],"character_chosen":"THE_SPIRIT","items_purchased":["hexamod:GhostOfSpirePast","Molten Egg 2","Mango"],"campfire_rested":1,"item_purchase_floors":[47,47,53],"current_hp_per_floor":[70,63,59,59,59,59,59,59,59,59,59,59,59,64,64,64,70,70,70,70,66,66,35,35,26,28,21,30,24,35,26,32,34,35,35,35,27,35,25,35,35,35,45,45,45,45,45,45,45,45,45,45,59,59,59,0,0,0],"gold":94,"neow_bonus":"BOSS_RELIC","is_daily":false,"chose_seed":false,"campfire_upgraded":6,"win_rate":0.0,"timestamp":1612098020,"path_taken":["R","?","M","?","?","?","T","M","E","R","?","M","M","E","M","BOSS","R","M","M","?","M","?","T","E","$","?","R","M","R","M","M","BOSS","R","M","?","?","?","$","T","?","R","E","?","?","$","E","M","BOSS","E","$","R","BOSS","BOSS"],"items_purchased_type":["Card","Relic","Relic"],"build_version":"2020-12-22","purchased_purges":2,"victory":false,"max_hp_per_floor":[70,70,70,70,70,70,70,70,70,70,70,70,70,70,70,70,70,70,70,70,70,70,35,35,35,35,35,35,35,35,35,35,35,35,35,35,35,35,35,35,35,35,45,45,45,45,45,45,45,45,45,45,59,59,59,59,59,59],"card_choices":[{"not_picked":["hexamod:PhantomFireball","hexamod:HeatMetal","hexamod:CatchUp"],"picked":"SKIP","floor":3},{"not_picked":["hexamod:Hexaguard","hexamod:SwordOfDarkness","hexamod:NightmareGuise"],"picked":"SKIP","floor":8},{"not_picked":["hexamod:Hexaguard","hexamod:SwordOfDarkness"],"picked":"hexamod:NightmareGuise","floor":8},{"not_picked":["hexamod:BurningTouch","hexamod:HeatMetal","hexamod:FlamesFromBeyond"],"picked":"SKIP","floor":9},{"not_picked":["hexamod:BacktrackSmack","hexamod:InspiringFlames","hexamod:CatchUp"],"picked":"SKIP","floor":12},{"not_picked":["hexamod:SpectralAdrenaline","hexamod:GhostOfSpireFuture"],"picked":"hexamod:SixthSeal","floor":13},{"not_picked":["hexamod:GhostShield","hexamod:ChargedBarrage","hexamod:ShieldOfDarkness"],"picked":"SKIP","floor":14},{"not_picked":["hexamod:HauntingEcho","hexamod:InspiringFlames"],"picked":"hexamod:RainOfEmbers","floor":15},{"not_picked":["hexamod:TimeWarp","hexamod:VolcanoVisage"],"picked":"hexamod:SixthSeal","floor":16},{"not_picked":["hexamod:SwordOfDarkness","hexamod:ShieldOfDarkness","hexamod:Firestarter"],"picked":"SKIP","floor":19},{"not_picked":["hexamod:NightmareGuise","hexamod:HauntingEcho+1"],"picked":"hexamod:RetreatToShadows+1","floor":20},{"not_picked":["hexamod:HauntingEcho","hexamod:SpectersWail"],"picked":"hexamod:ForkedFlame","floor":21},{"not_picked":["hexamod:ThermalTransfer","hexamod:HeatMetal","hexamod:GhostflameBarrier"],"picked":"SKIP","floor":22},{"not_picked":["hexamod:ChargedBarrage","hexamod:FastForward"],"picked":"hexamod:FirstSeal","floor":25},{"not_picked":["hexamod:FlamesFromBeyond","hexamod:BurningTouch"],"picked":"hexamod:ForkedFlame","floor":26},{"not_picked":["hexamod:NightmareGuise+1","hexamod:BacktrackSmack"],"picked":"hexamod:RecurringNightmare","floor":29},{"not_picked":["hexamod:BurningTouch","hexamod:SwordOfDarkness"],"picked":"hexamod:Hexaguard+1","floor":29},{"not_picked":["hexamod:SpectralSpark+1","hexamod:GhostLash+1"],"picked":"hexamod:Hexaguard","floor":31},{"not_picked":["hexamod:FirstSeal","hexamod:ThermalTransfer","hexamod:SpectralAdrenaline"],"picked":"SKIP","floor":31},{"not_picked":["hexamod:HauntingEcho","hexamod:NightmareStrike","hexamod:GhostOfSpireFuture"],"picked":"SKIP","floor":32},{"not_picked":["hexamod:GhostflameBarrier","hexamod:SuperheatedStrike","hexamod:FlamesFromBeyond"],"picked":"SKIP","floor":32},{"not_picked":["hexamod:ParanormalForm","hexamod:SixthSeal"],"picked":"hexamod:TimeOfNeed","floor":33},{"not_picked":["hexamod:GhostOfSpireFuture","hexamod:SpectersWail","hexamod:ThermalTransfer"],"picked":"SKIP","floor":36},{"not_picked":["hexamod:HeatMetal","hexamod:DynamicBlow","hexamod:SpectersWail+1"],"picked":"SKIP","floor":38},{"not_picked":["hexamod:SuperheatedStrike","hexamod:ChargedBarrage+1","hexamod:SwordOfDarkness"],"picked":"SKIP","floor":38},{"not_picked":["expansioncontent:HyperBeam","expansioncontent:GuardianWhirl"],"picked":"expansioncontent:AwakenDeath","floor":39},{"not_picked":["expansioncontent:Chronoboost","expansioncontent:PrepareCrush"],"picked":"expansioncontent:PolyBeam","floor":39},{"not_picked":["expansioncontent:InvincibleStrength","expansioncontent:Chronoboost"],"picked":"expansioncontent:DecaShield","floor":39},{"not_picked":["hexamod:ExtraCrispy+1","hexamod:SuperheatedStrike+1"],"picked":"hexamod:SpectralAdrenaline","floor":40},{"not_picked":["hexamod:PhantomFireball","hexamod:ShieldOfDarkness","hexamod:NightmareStrike"],"picked":"SKIP","floor":40},{"not_picked":["hexamod:Toasty","hexamod:HeatShield"],"picked":"hexamod:SpectralAdrenaline","floor":44},{"not_picked":["hexamod:SuperheatedStrike+1","hexamod:ChargedBarrage+1","hexamod:HauntingEcho+1"],"picked":"SKIP","floor":44},{"not_picked":["hexamod:SpectralSpark+1","hexamod:NightmareGuise"],"picked":"hexamod:AdvancingGuard","floor":46},{"not_picked":["hexamod:GhostLash+1","hexamod:RetreatToShadows+1"],"picked":"hexamod:TimeWarp+1","floor":48},{"not_picked":["hexamod:Hexaguard+1","hexamod:InspiringFlames"],"picked":"hexamod:Haunt","floor":48},{"not_picked":["hexamod:FlamesFromBeyond","hexamod:SpectralAdrenaline"],"picked":"hexamod:ForkedFlame+1","floor":49},{"not_picked":["hexamod:HeatMetal+1","hexamod:HauntingEcho+1","hexamod:Hexaguard"],"picked":"SKIP","floor":49},{"not_picked":["hexamod:ChargedBarrage","hexamod:GhostOfSpirePast+1"],"picked":"hexamod:BacktrackSmack+1","floor":52},{"not_picked":["hexamod:HeatMetal+1","hexamod:InspiringFlames","hexamod:HeatCrush+1"],"picked":"SKIP","floor":52}],"player_experience":503334,"relics_obtained":[{"floor":5,"key":"Kunai"},{"floor":9,"key":"Pen Nib"},{"floor":11,"key":"Toy Ornithopter"},{"floor":14,"key":"Gremlin Horn"},{"floor":24,"key":"testmod-RealStoneCalender"},{"floor":25,"key":"Eternal Feather"},{"floor":41,"key":"testmod-Acrobat"},{"floor":42,"key":"Nunchaku"},{"floor":44,"key":"Mercury Hourglass"},{"floor":48,"key":"ImprovedEquipment"},{"floor":52,"key":"Oddly Smooth Stone"}],"event_choices":[{"damage_healed":0,"gold_gain":0,"player_choice":"Success","damage_taken":7,"relics_obtained":["Omamori"],"max_hp_gain":0,"max_hp_loss":0,"event_name":"Scrap Ooze","floor":2,"gold_loss":0},{"damage_healed":0,"gold_gain":0,"player_choice":"Relic","damage_taken":0,"max_hp_gain":0,"max_hp_loss":0,"event_name":"Wheel of Change","floor":11,"gold_loss":0},{"damage_healed":0,"gold_gain":400,"player_choice":"Sell","damage_taken":0,"max_hp_gain":0,"max_hp_loss":0,"event_name":"¶÷ÂåË¹µÄÅÌ×Ó","floor":45,"relics_lost":["DaveBox"],"gold_loss":0}],"is_beta":false,"boss_relics":[{"not_picked":["Tiny House","GreenFoldingFan"],"picked":"TimeKeys"},{"not_picked":["Empty Cage","PatriotShield"],"picked":"testmod-Fanaticism"}],"items_purged_floors":[40,47],"is_endless":false,"potions_floor_spawned":[3,8,9,15,21,22,31,33,38,44,48],"killed_by":"downfall:NeowBossFinal","ascension_level":3}}