{"host":"Jinnai","time":1612067790,"event":{"mods":["BaseMod","Bestiary","Block Reminder","Colored Map","Colored Powertips","Highlight Path","Minty Spire (QoL Compilation)","Quick Restart","Relic Stats","StSLib"],"gold_per_floor":[116,76,76,76,87,121,121,148,148,159,176,176,56,74,74,148,148,160,85,135,145,165,165,165,165],"floor_reached":24,"language":"ENG","playtime":1058,"items_purged":["Strike_B"],"score":462,"play_id":"40a60982-ab03-4622-98be-c1f4cf1dbe8c","local_time":"20210130233630","is_ascension_mode":true,"campfire_choices":[{"data":"Static Discharge","floor":7,"key":"SMITH"},{"data":"Genetic Algorithm","floor":12,"key":"SMITH"},{"floor":15,"key":"REST"},{"floor":23,"key":"REST"}],"circlet_count":0,"master_deck":["AscendersBane","Strike_B","Defend_B","Defend_B","Defend_B","Zap","Dualcast","Compile Driver","Static Discharge+1","Chaos","Steam Power","Sweeping Beam+1","Genetic Algorithm+1","Conserve Battery","Ball Lightning+1","Sunder+1","Cold Snap+1","Biased Cognition","Compile Driver+1","Rebound+1","Coolheaded"],"relics":["Cracked Core","NeowsBlessing","Molten Egg 2","Matryoshka","Lantern","MealTicket","Runic Pyramid"],"acts_visited":["Exordium","TheCity"],"potions_floor_usage":[16,24,24],"damage_taken":[{"damage":0,"enemies":"2 Louse","floor":1,"turns":1},{"damage":0,"enemies":"Small Slimes","floor":5,"turns":1},{"damage":0,"enemies":"Lagavulin","floor":6,"turns":1},{"damage":36,"enemies":"Gremlin Nob","floor":8,"turns":3},{"damage":5,"enemies":"Cultist","floor":10,"turns":3},{"damage":1,"enemies":"2 Fungi Beasts","floor":11,"turns":3},{"damage":15,"enemies":"Exordium Wildlife","floor":14,"turns":3},{"damage":2,"enemies":"Slime Boss","floor":16,"turns":5},{"damage":4,"enemies":"3 Byrds","floor":18,"turns":3},{"damage":14,"enemies":"Shell Parasite","floor":21,"turns":4},{"damage":28,"enemies":"Chosen and Byrds","floor":22,"turns":6},{"damage":33,"enemies":"Gremlin Leader","floor":24,"turns":5}],"seed_played":"-1561804445387699440","potions_obtained":[{"floor":6,"key":"LiquidMemories"},{"floor":8,"key":"PowerPotion"},{"floor":16,"key":"Energy Potion"}],"is_trial":false,"path_per_floor":["M","$","?","?","M","E","R","E","T","M","M","R","$","M","R","B",null,"M","?","?","M","M","R","E"],"character_chosen":"DEFECT","items_purchased":["Static Discharge","Sunder+1"],"campfire_rested":2,"item_purchase_floors":[2,13],"current_hp_per_floor":[64,64,64,64,64,64,64,28,28,23,22,22,37,22,43,41,64,60,60,53,39,11,32,0,0],"gold":165,"neow_bonus":"THREE_ENEMY_KILL","is_daily":false,"chose_seed":false,"campfire_upgraded":2,"win_rate":0.0,"timestamp":1612067790,"path_taken":["M","$","?","?","?","E","R","E","T","M","M","R","$","M","R","BOSS","M","?","?","?","M","R","E"],"items_purchased_type":["Card","Card"],"build_version":"2020-12-18","purchased_purges":1,"victory":false,"max_hp_per_floor":[71,71,71,71,71,71,71,71,71,71,71,71,71,71,71,71,71,71,71,71,71,71,71,71,71],"relic_stats":{"counters":[12,38],"MealTicket":15,"obtain_stats":[{"Lantern":9,"Matryoshka":8,"NeowsBlessing":0,"Molten Egg 2":6,"MealTicket":9,"Cracked Core":0,"Runic Pyramid":17},{"Lantern":4,"Matryoshka":4,"NeowsBlessing":0,"Molten Egg 2":3,"MealTicket":4,"Cracked Core":0,"Runic Pyramid":8},{"Lantern":6,"Matryoshka":6,"NeowsBlessing":0,"Molten Egg 2":3,"MealTicket":6,"Cracked Core":0,"Runic Pyramid":20}]},"card_choices":[{"not_picked":["Coolheaded","Beam Cell"],"picked":"Compile Driver","floor":1},{"not_picked":["Stack","Conserve Battery"],"picked":"Steam Power","floor":5},{"not_picked":["Darkness","Chill"],"picked":"Sweeping Beam+1","floor":6},{"not_picked":["Hologram","Amplify"],"picked":"Genetic Algorithm","floor":8},{"not_picked":["Steam","Darkness"],"picked":"Conserve Battery","floor":10},{"not_picked":["White Noise","Consume"],"picked":"Ball Lightning+1","floor":11},{"not_picked":["Go for the Eyes+1","Streamline+1"],"picked":"Cold Snap+1","floor":14},{"not_picked":["Machine Learning","Meteor Strike+1"],"picked":"Biased Cognition","floor":16},{"not_picked":["Hologram","Force Field"],"picked":"Compile Driver+1","floor":18},{"not_picked":["Turbo","Streamline+1"],"picked":"Rebound+1","floor":21},{"not_picked":["Compile Driver+1","Streamline+1"],"picked":"Coolheaded","floor":22}],"player_experience":1616457,"relics_obtained":[{"floor":6,"key":"Molten Egg 2"},{"floor":8,"key":"Matryoshka"},{"floor":9,"key":"Lantern"},{"floor":9,"key":"MealTicket"}],"event_choices":[{"damage_healed":0,"gold_gain":0,"cards_transformed":["Defend_B"],"player_choice":"Change","damage_taken":0,"max_hp_gain":0,"max_hp_loss":0,"event_name":"Living Wall","floor":3,"gold_loss":0,"cards_obtained":["Chaos"]},{"cards_removed":["Strike_B"],"damage_healed":0,"gold_gain":0,"player_choice":"Purged","damage_taken":0,"max_hp_gain":0,"max_hp_loss":0,"event_name":"Purifier","floor":4,"gold_loss":0},{"cards_removed":["Strike_B"],"damage_healed":0,"gold_gain":0,"player_choice":"Gave Gold","damage_taken":0,"max_hp_gain":0,"max_hp_loss":0,"event_name":"Beggar","floor":19,"gold_loss":75},{"damage_healed":0,"gold_gain":50,"player_choice":"Touch","damage_taken":7,"max_hp_gain":0,"max_hp_loss":0,"event_name":"FaceTrader","floor":20,"gold_loss":0}],"is_beta":true,"boss_relics":[{"not_picked":["Calling Bell","Ectoplasm"],"picked":"Runic Pyramid"}],"items_purged_floors":[13],"is_endless":false,"potions_floor_spawned":[6,8,14,16],"killed_by":"Gremlin Leader","ascension_level":20}}