{"host":"vl29iwkwnyytuw8q","time":1612054117,"event":{"mods":["BaseMod","Minty Spire (QoL Compilation)","Permanent Neow","Relic Stats","StSLib"],"gold_per_floor":[113,126,139,139,150,150,165,195,195,195,120,133,150,150,150,226,226,237,34,45,65,82,82,82,111,111,111,128,128,138,155,155,228,228,245,296,296,309,67,67,77,77,77,102,118,152,152,166,166,166,166],"floor_reached":52,"language":"ENG","playtime":1938,"items_purged":[],"score":1851,"play_id":"874b7beb-dd7e-451e-8cba-a6a763bbb1f1","local_time":"20210131014837","is_ascension_mode":true,"campfire_choices":[{"data":"Neutralize","floor":6.0,"key":"SMITH"},{"data":"Finisher","floor":10.0,"key":"SMITH"},{"data":"Blade Dance","floor":15.0,"key":"SMITH"},{"data":"Footwork","floor":23.0,"key":"SMITH"},{"floor":29.0,"key":"REST"},{"data":"Cloak And Dagger","floor":32.0,"key":"SMITH"},{"data":"Adrenaline","floor":40.0,"key":"SMITH"},{"data":"Venomology","floor":42.0,"key":"SMITH"},{"data":"Malaise","floor":49,"key":"SMITH"}],"circlet_count":0,"master_deck":["AscendersBane","Strike_G","Strike_G","Strike_G","Strike_G","Defend_G","Defend_G","Defend_G","Defend_G","Defend_G","Survivor","Neutralize+1","Backstab","Backstab","Deflect","Slice","Acrobatics","Finisher+1","Blade Dance+1","Cloak And Dagger+1","Malaise+1","Footwork+1","Accuracy","Cloak And Dagger+1","Prepared","Backflip","Venomology+1","Leg Sweep","Flying Knee+1","Riddle With Holes","Adrenaline+1","Caltrops","Footwork+1","Cloak And Dagger+1","Quick Slash+1","Footwork+1","Terror","Adrenaline+1","Leg Sweep"],"relics":["WristBlade","Pen Nib","Pantograph","Runic Pyramid","Membership Card","Mercury Hourglass","Regal Pillow","Ornamental Fan","SlaversCollar","Calipers","DollysMirror","TungstenRod","Tingsha","Tough Bandages","Snake Skull"],"acts_visited":["Exordium","TheCity","TheBeyond"],"potions_floor_usage":[46,46,48,50,51,51],"damage_taken":[{"damage":0.0,"enemies":"Cultist","floor":1.0,"turns":4.0},{"damage":0.0,"enemies":"2 Louse","floor":2.0,"turns":3.0},{"damage":7.0,"enemies":"Jaw Worm","floor":3.0,"turns":2.0},{"damage":4.0,"enemies":"Red Slaver","floor":5.0,"turns":4.0},{"damage":0.0,"enemies":"Blue Slaver","floor":7.0,"turns":2.0},{"damage":5.0,"enemies":"3 Sentries","floor":8.0,"turns":5.0},{"damage":18.0,"enemies":"Large Slime","floor":12.0,"turns":5.0},{"damage":3.0,"enemies":"2 Fungi Beasts","floor":13.0,"turns":2.0},{"damage":11.0,"enemies":"Hexaghost","floor":16.0,"turns":9.0},{"damage":10.0,"enemies":"3 Byrds","floor":18.0,"turns":5.0},{"damage":0.0,"enemies":"Chosen","floor":20.0,"turns":4.0},{"damage":7.0,"enemies":"Shelled Parasite and Fungi","floor":21.0,"turns":2.0},{"damage":5.0,"enemies":"Centurion and Healer","floor":22.0,"turns":6.0},{"damage":18.0,"enemies":"Book of Stabbing","floor":25.0,"turns":4.0},{"damage":7.0,"enemies":"Snake Plant","floor":28.0,"turns":3.0},{"damage":0.0,"enemies":"Snecko","floor":30.0,"turns":3.0},{"damage":0.0,"enemies":"Cultist and Chosen","floor":31.0,"turns":8.0},{"damage":27.0,"enemies":"Champ","floor":33.0,"turns":11.0},{"damage":2.0,"enemies":"Orb Walker","floor":35.0,"turns":4.0},{"damage":7.0,"enemies":"2 Orb Walkers","floor":36.0,"turns":2.0},{"damage":0.0,"enemies":"3 Shapes","floor":38.0,"turns":4.0},{"damage":0.0,"enemies":"Jaw Worm Horde","floor":41.0,"turns":4.0},{"damage":13.0,"enemies":"Reptomancer","floor":44.0,"turns":6.0},{"damage":0.0,"enemies":"4 Shapes","floor":45.0,"turns":6.0},{"damage":10,"enemies":"Giant Head","floor":46,"turns":7},{"damage":1,"enemies":"Maw","floor":48,"turns":7},{"damage":25,"enemies":"Awakened One","floor":50,"turns":16},{"damage":40,"enemies":"Time Eater","floor":51,"turns":20}],"seed_played":"-691785335271223384","potions_obtained":[{"floor":1.0,"key":"PowerPotion"},{"floor":5.0,"key":"PowerPotion"},{"floor":12.0,"key":"Fire Potion"},{"floor":20.0,"key":"Fruit Juice"},{"floor":25.0,"key":"CultistPotion"},{"floor":28.0,"key":"DuplicationPotion"},{"floor":35.0,"key":"SteroidPotion"},{"floor":38.0,"key":"CunningPotion"},{"floor":48,"key":"Dexterity Potion"}],"is_trial":false,"path_per_floor":["M","M","M","?","M","R","M","E","T","R","?","M","M","?","R","B",null,"M","$","M","M","M","R","T","E","T","?","M","R","M","M","R","B",null,"M","?","?","M","$","R","M","R","T","E","M","E","?","M","R","B","B",null],"character_chosen":"THE_SILENT","items_purchased":["Membership Card","Accuracy","DollysMirror","TungstenRod"],"campfire_rested":1,"item_purchase_floors":[19,19,39,39],"current_hp_per_floor":[59,59,52,52,48,48,48,43,43,43,43,25,22,22,22,36,59,49,49,49,47,42,42,42,24,24,20,13,49,49,49,49,44,64,62,55,55,55,55,55,55,55,55,42,42,32,32,31,31,31,16],"gold":166,"neow_bonus":"BOSS_RELIC","is_daily":false,"chose_seed":false,"campfire_upgraded":8,"win_rate":0.0,"timestamp":1612054117,"path_taken":["M","M","M","?","M","R","M","E","T","R","?","M","M","?","R","BOSS","M","$","M","M","M","R","?","E","T","?","M","R","M","?","R","BOSS","M","?","?","M","$","R","M","R","T","E","M","E","?","?","R","BOSS","BOSS"],"items_purchased_type":["Relic","Card","Relic","Relic"],"build_version":"2020-12-22","purchased_purges":0,"victory":true,"max_hp_per_floor":[66,66,66,66,66,66,66,66,66,66,66,66,66,66,66,66,66,66,66,66,71,71,71,71,71,71,71,71,71,71,71,71,71,71,71,71,71,71,71,71,71,71,71,71,71,71,71,71,71,71,71],"relic_stats":{"Regal Pillow":15,"Tough Bandages":[60],"counters":[28,156],"Ornamental Fan":[268],"Pantograph":97,"Tingsha":[57],"Pen Nib":[39],"Snake Skull":[0],"obtain_stats":[{"Regal Pillow":25,"Calipers":36,"Tingsha":43,"Pen Nib":8,"Snake Skull":46,"Mercury Hourglass":24,"SlaversCollar":34,"Tough Bandages":44,"WristBlade":0,"Ornamental Fan":26,"DollysMirror":39,"Pantograph":9,"Membership Card":19,"TungstenRod":39,"Ring of the Snake":0,"Runic Pyramid":17},{"Regal Pillow":14,"Calipers":20,"Tingsha":22,"Pen Nib":6,"Snake Skull":25,"Mercury Hourglass":13,"SlaversCollar":18,"Tough Bandages":23,"WristBlade":0,"Ornamental Fan":14,"DollysMirror":21,"Pantograph":6,"Membership Card":10,"TungstenRod":21,"Ring of the Snake":0,"Runic Pyramid":9},{"Regal Pillow":57,"Calipers":87,"Tingsha":95,"Pen Nib":20,"Snake Skull":113,"Mercury Hourglass":53,"SlaversCollar":81,"Tough Bandages":101,"WristBlade":0,"Ornamental Fan":57,"DollysMirror":91,"Pantograph":20,"Membership Card":41,"TungstenRod":91,"Ring of the Snake":0,"Runic Pyramid":36}],"TungstenRod":11,"Mercury Hourglass":[344]},"card_choices":[{"not_picked":["Concentrate","Quick Slash"],"picked":"Backstab","floor":1.0},{"not_picked":["Eviscerate","Dagger Spray"],"picked":"Backstab","floor":2.0},{"not_picked":["Outmaneuver","Tactician"],"picked":"Deflect","floor":3.0},{"not_picked":["Well Laid Plans","Concentrate"],"picked":"Slice","floor":5.0},{"not_picked":["Outmaneuver","Underhanded Strike"],"picked":"Acrobatics","floor":7.0},{"not_picked":["Crippling Poison","Storm of Steel"],"picked":"Finisher","floor":8.0},{"not_picked":["Tactician","Bane"],"picked":"Blade Dance","floor":12.0},{"not_picked":["Noxious Fumes","Accuracy"],"picked":"Cloak And Dagger","floor":13.0},{"not_picked":["Storm of Steel","Glass Knife"],"picked":"Malaise","floor":16.0},{"not_picked":["Acrobatics","Flying Knee"],"picked":"Footwork","floor":18.0},{"not_picked":["Dodge and Roll","Dash"],"picked":"Cloak And Dagger","floor":20.0},{"not_picked":["Underhanded Strike","Deflect"],"picked":"Prepared","floor":21.0},{"not_picked":["Backstab","Cloak And Dagger"],"picked":"Backflip","floor":22.0},{"not_picked":["Flechettes","Escape Plan"],"picked":"Venomology","floor":25.0},{"not_picked":["Bane","Prepared"],"picked":"Leg Sweep","floor":28.0},{"not_picked":["Deadly Poison","Crippling Poison"],"picked":"Flying Knee+1","floor":30.0},{"not_picked":["Bane","Sucker Punch"],"picked":"Riddle With Holes","floor":31.0},{"not_picked":["Doppelganger","Corpse Explosion"],"picked":"Adrenaline","floor":33.0},{"not_picked":["Prepared+1","Deadly Poison","Expertise+1"],"picked":"SKIP","floor":35.0},{"not_picked":["Sucker Punch","Cloak And Dagger"],"picked":"Caltrops","floor":38.0},{"not_picked":["Poisoned Stab","Blade Dance"],"picked":"Cloak And Dagger+1","floor":41.0},{"not_picked":["All Out Attack+1","Bane"],"picked":"Quick Slash+1","floor":44.0},{"not_picked":["Heel Hook+1","Leg Sweep"],"picked":"Footwork+1","floor":45.0},{"not_picked":["Blade Dance","Deadly Poison"],"picked":"Terror","floor":46},{"not_picked":["Dagger Throw","All Out Attack"],"picked":"Leg Sweep","floor":48}],"player_experience":654579,"relics_obtained":[{"floor":8.0,"key":"Pen Nib"},{"floor":9.0,"key":"Pantograph"},{"floor":24.0,"key":"Mercury Hourglass"},{"floor":25.0,"key":"Regal Pillow"},{"floor":26.0,"key":"Ornamental Fan"},{"floor":36.0,"key":"Calipers"},{"floor":43.0,"key":"Tingsha"},{"floor":44.0,"key":"Tough Bandages"},{"floor":46,"key":"Snake Skull"}],"event_choices":[{"damage_healed":0.0,"max_hp_gain":0.0,"max_hp_loss":0.0,"gold_gain":0.0,"event_name":"Golden Idol","player_choice":"Ignored","floor":4.0,"gold_loss":0.0,"damage_taken":0.0},{"cards_removed":["Strike_G"],"damage_healed":0.0,"max_hp_gain":0.0,"max_hp_loss":0.0,"gold_gain":0.0,"event_name":"The Cleric","player_choice":"Card Removal","floor":11.0,"gold_loss":75.0,"damage_taken":0.0},{"damage_healed":0.0,"max_hp_gain":0.0,"max_hp_loss":0.0,"gold_gain":0.0,"event_name":"Upgrade Shrine","player_choice":"Upgraded","floor":14.0,"gold_loss":0.0,"damage_taken":0.0,"cards_upgraded":["Cloak And Dagger"]},{"damage_healed":0.0,"max_hp_gain":0.0,"max_hp_loss":0.0,"gold_gain":0.0,"event_name":"The Woman in Blue","player_choice":"Bought 0 Potions","floor":27.0,"gold_loss":0.0,"damage_taken":0.0},{"damage_healed":0.0,"max_hp_gain":0.0,"max_hp_loss":0.0,"gold_gain":0.0,"event_name":"Mysterious Sphere","player_choice":"Fight","floor":36.0,"gold_loss":0.0,"damage_taken":0.0},{"damage_healed":0.0,"max_hp_gain":0.0,"max_hp_loss":0.0,"gold_gain":0.0,"event_name":"Tomb of Lord Red Mask","player_choice":"Ignored","floor":37.0,"gold_loss":0.0,"damage_taken":0.0},{"damage_healed":0,"gold_gain":0,"player_choice":"Copied","damage_taken":0,"max_hp_gain":0,"max_hp_loss":0,"event_name":"Duplicator","floor":47,"gold_loss":0,"cards_obtained":["Adrenaline"]}],"is_beta":false,"boss_relics":[{"not_picked":["Cursed Key","Astrolabe"],"picked":"Runic Pyramid"},{"not_picked":["Tiny House","Runic Dome"],"picked":"SlaversCollar"}],"items_purged_floors":[],"is_endless":false,"potions_floor_spawned":[1,5,7,12,16,20,25,28,35,38,46,48],"ascension_level":20}}