{"host":"ziko4uwynam20dv9","time":1612114525,"event":{"mods":["Aspiration","BaseMod","BetterRewards","Downfall","Hubris","Infinite Spire","Minty Spire (QoL Compilation)","Remilia??????","Replay The Spire","Shop Mod","StSLib","The Animator","The Jungle"],"gold_per_floor":[112,129,129,129,144,144,171,26,26,55,72,90,90,106,106,185,185,201,218,228,247,257,257,290,290,290,304,304,404,404,422,422,497,497,515,515,9,19,30,30,30,30,30,30,30,30,30,30,57,69,69,69,69],"floor_reached":52,"language":"FRA","playtime":2050,"items_purged":["Injury"],"score":925,"play_id":"3c039bb0-3d7b-43a1-939f-8ad9dee3c2e0","local_time":"20210131183525","is_ascension_mode":true,"campfire_choices":[{"data":"Perfected Strike","floor":6,"key":"SMITH"},{"floor":15,"key":"REST"},{"floor":23,"key":"REST"},{"floor":25,"key":"REST"},{"floor":30,"key":"REST"},{"floor":32,"key":"REST"},{"floor":40,"key":"REST"},{"floor":43,"key":"REST"},{"floor":48,"key":"REST"},{"data":"Perfected Strike","floor":51,"key":"SMITH"}],"circlet_count":0,"master_deck":["AscendersBane","Strike_R","Strike_R","Strike_R","Strike_R+1","Strike_R","Defend_R","Defend_R+1","Defend_R+1","Defend_R","Bash","Perfected Strike+1","Perfected Strike+1","Flex","Warcry","Disarm","Perfected Strike+1","hubris:StunningStrike","Shrug It Off+1","Ghostly Armor+1","Disarm+1","True Grit+1","Hallucinations","Iron Wave","Replay:Undeath\u0027s Touch","Impervious+1","Fire Breathing","Twin Strike","hubris:StunningStrike","Parasite","Anger+1","PanicButton+1","Regret","Twin Strike","Armaments+1"],"relics":["animator:TheMissingPiece","Thread and Needle","Guardian:BottledAnomaly","infinitespire:Chaos","hubris:DeckOfHolding","Strawberry","Toxic Egg 2","Cursed Key","infinitespire:Beetle Shell","infinitespire:Satchel","hubris:Towel","SacredBark","Gremlin Food","Snack Pack","Unceasing Top","aspiration:HiddenCompartment"],"acts_visited":["Exordium","Exordium","TheBeyond"],"potions_floor_usage":[7,12,16,18,19,20,33,39,39,52,52],"damage_taken":[{"damage":0,"enemies":"2 Louse","floor":1,"turns":1},{"damage":0,"enemies":"Small Slimes","floor":2,"turns":1},{"damage":0,"enemies":"Cultist","floor":5,"turns":1},{"damage":15,"enemies":"3 Sentries","floor":7,"turns":6},{"damage":25,"enemies":"Gremlin Nob","floor":10,"turns":4},{"damage":0,"enemies":"2 Fungi Beasts","floor":11,"turns":3},{"damage":0,"enemies":"Looter","floor":12,"turns":3},{"damage":4,"enemies":"Blue Slaver","floor":14,"turns":3},{"damage":23,"enemies":"The Guardian","floor":16,"turns":8},{"damage":13,"enemies":"theJungle:Flameango_and_Byrd","floor":18,"turns":6},{"damage":0,"enemies":"Shell Parasite","floor":19,"turns":3},{"damage":18,"enemies":"theJungle:Lyon","floor":20,"turns":5},{"damage":20,"enemies":"theJungle:2_Snecko_Cultists","floor":21,"turns":5},{"damage":14,"enemies":"theJungle:SlimyTreeVines","floor":22,"turns":5},{"damage":42,"enemies":"theJungle:MamaSnecko","floor":24,"turns":5},{"damage":26,"enemies":"theJungle:JungleHuntersEncounter","floor":27,"turns":7},{"damage":10,"enemies":"Snake Plant","floor":31,"turns":4},{"damage":5,"enemies":"theJungle:QueenSpyder","floor":33,"turns":15},{"damage":0,"enemies":"Orb Walker","floor":35,"turns":4},{"damage":32,"enemies":"3 Shapes","floor":38,"turns":7},{"damage":46,"enemies":"Writhing Mass","floor":39,"turns":10},{"damage":53,"enemies":"R_Hoarder","floor":49,"turns":11},{"damage":4,"enemies":"Maw","floor":50,"turns":8},{"damage":42,"enemies":"Awakened One","floor":52,"turns":9}],"seed_played":"-6678158326141880310","potions_obtained":[{"floor":1,"key":"Explosive Potion"},{"floor":10,"key":"DistilledChaos"},{"floor":11,"key":"Weak Potion"},{"floor":14,"key":"BloodPotion"},{"floor":16,"key":"sneckomod:MuddlingPotion"},{"floor":18,"key":"PowerPotion"},{"floor":19,"key":"GamblersBrew"},{"floor":21,"key":"FearPotion"},{"floor":24,"key":"Dexterity Potion"},{"floor":27,"key":"DuplicationPotion"},{"floor":38,"key":"Elixir"},{"floor":47,"key":"SteroidPotion"},{"floor":47,"key":"Dexterity Potion"}],"is_trial":false,"path_per_floor":["M","M","?","?","M","R","E","$","T","E","M","M","?","M","R","B",null,"M","M","M","M","M","R","E","R","T","M","?","?","R","M","R","B",null,"M","?","$","M","M","R","PTL","PTL","R","?","T","$","?","R","E","M","R","B"],"character_chosen":"IRONCLAD","items_purchased":["infinitespire:Chaos","Gremlin Food","Snack Pack","Twin Strike"],"campfire_rested":8,"item_purchase_floors":[8,37,37,37],"current_hp_per_floor":[74,75,75,75,75,75,66,66,66,48,48,48,48,44,68,45,73,60,60,58,38,30,54,12,36,36,10,10,2,26,16,40,35,70,70,70,70,40,2,26,26,26,50,50,50,50,50,74,34,36,36,0,0],"gold":69,"neow_bonus":"THREE_ENEMY_KILL","is_daily":false,"chose_seed":false,"campfire_upgraded":2,"win_rate":0.0,"timestamp":1612114525,"path_taken":["M","M","?","?","?","R","E","$","T","E","M","M","?","M","R","BOSS","M","M","M","M","M","R","E","R","T","M","?","?","R","M","R","BOSS","M","?","$","M","M","R","PTL","PTL","R","?","T","?","?","R","E","M","R","BOSS"],"items_purchased_type":["Relic","Relic","Relic","Card"],"build_version":"2020-12-22","purchased_purges":1,"victory":false,"max_hp_per_floor":[75,75,75,75,75,75,75,75,75,82,82,82,82,82,82,82,82,82,82,82,82,82,82,82,82,82,82,82,82,82,82,82,82,82,82,82,82,82,82,82,82,82,82,82,82,82,82,82,82,82,82,82,82],"card_choices":[{"not_picked":["Searing Blow","ReplayTheSpireMod:Strike From Hell"],"picked":"Perfected Strike","floor":1},{"not_picked":["Blood for Blood","Combust"],"picked":"Perfected Strike","floor":2},{"not_picked":["Abandon","Wild Strike"],"picked":"Flex","floor":5},{"not_picked":["ReplayReversal","Heavy Blade"],"picked":"Warcry","floor":7},{"not_picked":["Whirlwind","Body Slam","ReplayTheSpireMod:Strike From Hell"],"picked":"SKIP","floor":10},{"not_picked":["ReplayTheSpireMod:Strike From Hell","hubris:ReadiedAction"],"picked":"Disarm","floor":11},{"not_picked":["Flex","Heavy Blade"],"picked":"Perfected Strike","floor":12},{"not_picked":["Brutality","Bludgeon"],"picked":"hubris:StunningStrike","floor":16},{"not_picked":["ReplayTheSpireMod:LeadingStrike","Replay:Undeath\u0027s Touch"],"picked":"Shrug It Off+1","floor":18},{"not_picked":["Pummel","Entrench+1"],"picked":"Ghostly Armor+1","floor":19},{"not_picked":["Sentinel+1","Clothesline","Searing Blow+1"],"picked":"SKIP","floor":20},{"not_picked":["ReplayTheSpireMod:Strike From Hell","Body Slam"],"picked":"Disarm+1","floor":22},{"not_picked":["Heavy Blade","Cleave"],"picked":"True Grit+1","floor":24},{"not_picked":["Rupture","Feel No Pain"],"picked":"Iron Wave","floor":27},{"not_picked":["Sever Soul","Second Wind+1"],"picked":"Replay:Undeath\u0027s Touch","floor":31},{"not_picked":["Reaper","Offering+1"],"picked":"Impervious+1","floor":33},{"not_picked":["Run Through","Wild Strike"],"picked":"Fire Breathing","floor":35},{"not_picked":["hubris:ReadiedAction+1","Havoc+1"],"picked":"hubris:StunningStrike","floor":38},{"not_picked":["ReplayTheSpireMod:Stacked+1","Wild Strike"],"picked":"Anger+1","floor":39},{"not_picked":["Discovery+1","Flash of Steel"],"picked":"PanicButton+1","floor":44},{"not_picked":["Run Through","Warcry+1"],"picked":"Twin Strike","floor":49},{"not_picked":["Pummel","Perfected Strike"],"picked":"Armaments+1","floor":50}],"player_experience":970911,"relics_obtained":[{"floor":7,"key":"Onion Ring"},{"floor":9,"key":"hubris:DeckOfHolding"},{"floor":10,"key":"Strawberry"},{"floor":24,"key":"infinitespire:Beetle Shell"},{"floor":26,"key":"infinitespire:Satchel"},{"floor":45,"key":"Unceasing Top"},{"floor":49,"key":"aspiration:HiddenCompartment"}],"event_choices":[{"damage_healed":0,"gold_gain":0,"player_choice":"Ignored","damage_taken":0,"max_hp_gain":0,"max_hp_loss":0,"event_name":"Transmorgrifier","floor":4,"gold_loss":0},{"damage_healed":0,"gold_gain":0,"player_choice":"Ignored","damage_taken":0,"max_hp_gain":0,"max_hp_loss":0,"event_name":"Tomb of Lord Red Mask","floor":36,"gold_loss":0},{"damage_healed":0,"gold_gain":0,"player_choice":"Memory 1","damage_taken":0,"max_hp_gain":0,"max_hp_loss":0,"event_name":"SensoryStone","floor":44,"gold_loss":0},{"damage_healed":0,"gold_gain":0,"player_choice":"Got Potions","damage_taken":0,"max_hp_gain":0,"max_hp_loss":0,"event_name":"Lab","floor":47,"gold_loss":0}],"is_beta":false,"boss_relics":[{"not_picked":["Replay:Drink Me","hubris:CrackedHourglass"],"picked":"Cursed Key"},{"not_picked":["Black Star","Runic Cube"],"picked":"SacredBark"}],"items_purged_floors":[37],"is_endless":false,"potions_floor_spawned":[1,10,11,14,16,18,19,21,24,27,38,49],"killed_by":"Awakened One","ascension_level":15}}