{"host":"yqw1zpryoutrnocq","time":1612053090,"event":{"mods":["2.2 Compatiblity","AchievementEnabler","BaseMod","Colored Map","Custom Start","DeckTracker","Minty Spire (QoL Compilation)","StSLib","SuperFastMode"],"gold_per_floor":[213,225,240,260,9,39,39,2,56,56,82,82,98,48,48,143,143,170,188,188,207,207,207],"floor_reached":22,"language":"KOR","playtime":505,"items_purged":["Strike_G"],"score":243,"play_id":"7add55cb-30bd-4c02-ba33-923716f0285c","local_time":"20210130183130","is_ascension_mode":true,"campfire_choices":[{"data":"Bouncing Flask","floor":10,"key":"SMITH"},{"data":"Backflip","floor":15,"key":"SMITH"}],"circlet_count":0,"master_deck":["Strike_G","Strike_G","Defend_G","Defend_G","Defend_G","Defend_G","Defend_G","Survivor","Neutralize","Poisoned Stab","Infinite Blades","Bouncing Flask+1","Escape Plan","Caltrops","Blade Dance","Deadly Poison","Blur","Bouncing Flask","Backflip+1","Noxious Fumes","Acrobatics","Glass Knife","CurseOfTheBell","Sucker Punch+1","Phantasmal Killer","Choke","Dash"],"relics":["Bottled Lightning","Bag of Preparation","Akabeko","Anchor","Calling Bell","CeramicFish","Mummified Hand","Pocketwatch","Nloth\u0027s Gift"],"acts_visited":["Exordium","TheCity"],"potions_floor_usage":[18],"damage_taken":[{"damage":0.0,"enemies":"Cultist","floor":1.0,"turns":3.0},{"damage":0.0,"enemies":"Small Slimes","floor":2.0,"turns":2.0},{"damage":0.0,"enemies":"Jaw Worm","floor":3.0,"turns":4.0},{"damage":10.0,"enemies":"2 Fungi Beasts","floor":4.0,"turns":4.0},{"damage":26.0,"enemies":"Lagavulin","floor":6.0,"turns":5.0},{"damage":14,"enemies":"Gremlin Nob","floor":11,"turns":3},{"damage":1,"enemies":"Red Slaver","floor":13,"turns":3},{"damage":10,"enemies":"Hexaghost","floor":16,"turns":7},{"damage":12,"enemies":"2 Thieves","floor":18,"turns":4},{"damage":7,"enemies":"Shell Parasite","floor":21,"turns":4},{"damage":31,"enemies":"Chosen and Byrds","floor":22,"turns":6}],"seed_played":"-8541276119390574924","potions_obtained":[{"floor":4.0,"key":"EssenceOfSteel"},{"floor":6,"key":"AttackPotion"},{"floor":16,"key":"Poison Potion"},{"floor":18,"key":"SpeedPotion"}],"is_trial":false,"path_per_floor":["M","M","M","M","$","E","?","$","T","R","E","$","M","$","R","B",null,"M","?","?","M","M"],"character_chosen":"THE_SILENT","items_purchased":["Caltrops","Blade Dance","Deadly Poison","Bouncing Flask","Acrobatics"],"campfire_rested":0,"item_purchase_floors":[5,5,5,8,14],"current_hp_per_floor":[70,70,70,60,60,34,34,34,34,34,20,20,19,19,19,9,55,43,43,43,36,5,5],"gold":207,"neow_bonus":"HUNDRED_GOLD","is_daily":false,"chose_seed":false,"campfire_upgraded":2,"win_rate":0.0,"timestamp":1612053090,"path_taken":["M","M","?","M","$","E","?","?","T","R","E","$","M","$","R","BOSS","M","?","?","?","M"],"items_purchased_type":["Card","Card","Card","Card","Card"],"build_version":"2020-12-22","purchased_purges":1,"victory":false,"max_hp_per_floor":[70,70,70,70,70,70,70,70,70,70,70,70,70,70,70,70,70,70,70,70,70,70,70],"card_choices":[{"not_picked":["Outmaneuver","Cloak And Dagger"],"picked":"Poisoned Stab","floor":1.0},{"not_picked":["Dash","Expertise"],"picked":"Infinite Blades","floor":2.0},{"not_picked":["Prepared","Dodge and Roll"],"picked":"Bouncing Flask","floor":3.0},{"not_picked":["Deadly Poison","Finisher"],"picked":"Escape Plan","floor":4.0},{"not_picked":["Deflect","Underhanded Strike"],"picked":"Blur","floor":6},{"not_picked":["Slice","Cloak And Dagger"],"picked":"Backflip","floor":11},{"not_picked":["Dagger Throw","Skewer"],"picked":"Noxious Fumes","floor":13},{"not_picked":["Tools of the Trade","Envenom"],"picked":"Glass Knife","floor":16},{"not_picked":["Eviscerate+1","Outmaneuver"],"picked":"Sucker Punch+1","floor":18},{"not_picked":["Flying Knee","Bane+1"],"picked":"Dash","floor":21}],"player_experience":240256,"relics_obtained":[{"floor":6,"key":"Bottled Lightning"},{"floor":9,"key":"Akabeko"},{"floor":11,"key":"Anchor"},{"floor":17,"key":"CeramicFish"},{"floor":17,"key":"Mummified Hand"},{"floor":17,"key":"Pocketwatch"}],"event_choices":[{"damage_healed":0,"gold_gain":0,"player_choice":"Gave Potion","damage_taken":0,"relics_obtained":["Bag of Preparation"],"max_hp_gain":0,"max_hp_loss":0,"event_name":"WeMeetAgain","floor":7,"gold_loss":0},{"damage_healed":0,"gold_gain":0,"cards_transformed":["Strike_G","Strike_G"],"player_choice":"Became Test Subject","damage_taken":0,"max_hp_gain":0,"max_hp_loss":0,"event_name":"Drug Dealer","floor":19,"gold_loss":0,"cards_obtained":["Phantasmal Killer","Choke"]},{"damage_healed":0,"gold_gain":0,"player_choice":"Traded Relic","damage_taken":0,"relics_obtained":["Nloth\u0027s Gift"],"max_hp_gain":0,"max_hp_loss":0,"event_name":"N\u0027loth","floor":20,"relics_lost":["Ring of the Snake"],"gold_loss":0}],"is_beta":false,"boss_relics":[{"not_picked":["Snecko Eye","Coffee Dripper"],"picked":"Calling Bell"}],"items_purged_floors":[5],"is_endless":false,"potions_floor_spawned":[4,6,16,18],"killed_by":"Chosen and Byrds","ascension_level":5}}