{"host":"2x189hkb4impm2gi","time":1612132697,"event":{"mods":["BaseMod","Colored Map","Colored Powertips","Minty Spire (QoL Compilation)"],"gold_per_floor":[166,166,176,27,4,31,31,44,44,44,57,75,108,126,126,231,231,245,245,194,209,227,227,227,261,284,284,284],"floor_reached":27,"language":"ENG","playtime":1809,"items_purged":[],"score":268,"play_id":"d7962f90-c761-4f46-9163-432f99cd3cf7","local_time":"20210131173817","is_ascension_mode":false,"campfire_choices":[{"data":"Rage","floor":7,"key":"SMITH"},{"data":"Bash","floor":10,"key":"SMITH"},{"data":"Body Slam","floor":15,"key":"SMITH"},{"data":"Impervious","floor":23,"key":"SMITH"}],"circlet_count":0,"master_deck":["Defend_R+1","Defend_R+1","Defend_R","Defend_R","Bash+1","Sword Boomerang","Cleave","Thunderclap","Rage+1","Impervious+1","Body Slam+1","Ghostly Armor","Burning Pact","Headbutt","Reaper","Pommel Strike","Bite","Bite","Bite","Bite","Bite","Shrug It Off","Thunderclap","Flex+1"],"relics":["Tiny House","War Paint","Bottled Flame","Shuriken","Philosopher\u0027s Stone","Nloth\u0027s Gift","Anchor","Boot"],"acts_visited":["Exordium","TheCity"],"potions_floor_usage":[6,13,16,16,27],"damage_taken":[{"damage":1,"enemies":"Jaw Worm","floor":1,"turns":3},{"damage":0,"enemies":"Cultist","floor":3,"turns":2},{"damage":18,"enemies":"3 Sentries","floor":6,"turns":6},{"damage":0,"enemies":"Small Slimes","floor":8,"turns":2},{"damage":5,"enemies":"Red Slaver","floor":11,"turns":4},{"damage":10,"enemies":"Exordium Thugs","floor":12,"turns":5},{"damage":3,"enemies":"Lagavulin","floor":13,"turns":8},{"damage":0,"enemies":"Large Slime","floor":14,"turns":4},{"damage":16,"enemies":"Hexaghost","floor":16,"turns":12},{"damage":20,"enemies":"2 Thieves","floor":18,"turns":4},{"damage":2,"enemies":"3 Byrds","floor":21,"turns":5},{"damage":21,"enemies":"3 Cultists","floor":22,"turns":6},{"damage":56,"enemies":"Slavers","floor":25,"turns":6},{"damage":24,"enemies":"Shelled Parasite and Fungi","floor":27,"turns":2}],"seed_played":"8979157940365039828","potions_obtained":[{"floor":0,"key":"HeartOfIron"},{"floor":1,"key":"Block Potion"},{"floor":11,"key":"Fire Potion"},{"floor":13,"key":"EssenceOfSteel"},{"floor":25,"key":"Explosive Potion"}],"is_trial":false,"path_per_floor":["M","?","M","$","$","E","R","M","T","R","M","M","E","M","R","B",null,"M","?","$","M","M","R","?","E","T","M"],"character_chosen":"IRONCLAD","items_purchased":["Strawberry","Thunderclap","Shrug It Off"],"campfire_rested":0,"item_purchase_floors":[4,5,20],"current_hp_per_floor":[84,85,85,92,92,74,74,74,74,74,69,59,56,56,56,40,92,79,64,64,64,53,53,53,16,16,0,0],"gold":284,"neow_bonus":"BOSS_RELIC","is_daily":false,"chose_seed":false,"campfire_upgraded":4,"win_rate":0.0,"timestamp":1612132697,"path_taken":["M","?","M","?","$","E","R","?","T","R","M","?","E","M","R","BOSS","M","?","$","M","M","R","?","E","T","?"],"items_purchased_type":["Relic","Card","Card"],"build_version":"2020-12-22","purchased_purges":0,"victory":false,"max_hp_per_floor":[85,85,85,92,92,92,92,92,92,92,92,92,92,92,92,92,92,92,64,64,64,64,64,64,64,64,64,64],"card_choices":[{"not_picked":["Shockwave","Hemokinesis"],"picked":"Sword Boomerang","floor":0},{"not_picked":["True Grit","Uppercut"],"picked":"Second Wind","floor":1},{"not_picked":["Body Slam","Dropkick"],"picked":"Cleave","floor":3},{"not_picked":["Iron Wave","Headbutt"],"picked":"Rage","floor":6},{"not_picked":["Clash","Burning Pact"],"picked":"Impervious","floor":8},{"not_picked":["Searing Blow","Twin Strike"],"picked":"Body Slam","floor":11},{"not_picked":["Sword Boomerang","Clothesline"],"picked":"Ghostly Armor","floor":12},{"not_picked":["Heavy Blade","Corruption"],"picked":"Burning Pact","floor":13},{"not_picked":["Clothesline","Flex"],"picked":"Headbutt","floor":14},{"not_picked":["Corruption","Fiend Fire"],"picked":"Reaper","floor":16},{"not_picked":["Anger","Searing Blow"],"picked":"Pommel Strike","floor":18},{"not_picked":["Flex","Twin Strike"],"picked":"Thunderclap","floor":21},{"not_picked":["Perfected Strike","Rupture","Fire Breathing"],"picked":"SKIP","floor":22},{"not_picked":["Fiend Fire","Second Wind"],"picked":"Flex+1","floor":25}],"player_experience":17257,"relics_obtained":[{"floor":6,"key":"War Paint"},{"floor":9,"key":"Bottled Flame"},{"floor":13,"key":"Shuriken"},{"floor":25,"key":"Anchor"},{"floor":26,"key":"Boot"}],"event_choices":[{"cards_removed":["Second Wind"],"damage_healed":1,"gold_gain":0,"player_choice":"Offered Uncommon","damage_taken":0,"max_hp_gain":0,"max_hp_loss":0,"event_name":"Bonfire Elementals","floor":2,"gold_loss":0},{"damage_healed":0,"gold_gain":0,"player_choice":"Became a vampire","damage_taken":0,"max_hp_gain":0,"max_hp_loss":28,"event_name":"Vampires","floor":19,"gold_loss":0,"cards_obtained":["Bite","Bite","Bite","Bite","Bite"]},{"damage_healed":0,"gold_gain":0,"player_choice":"Traded Relic","damage_taken":0,"relics_obtained":["Nloth\u0027s Gift"],"max_hp_gain":0,"max_hp_loss":0,"event_name":"N\u0027loth","floor":24,"relics_lost":["Strawberry"],"gold_loss":0}],"is_beta":false,"boss_relics":[{"not_picked":["Fusion Hammer","Astrolabe"],"picked":"Philosopher\u0027s Stone"}],"items_purged_floors":[],"is_endless":false,"potions_floor_spawned":[1,11,13,25],"killed_by":"Shelled Parasite and Fungi","ascension_level":0}}