{"host":"nsxzlb359hv0da5z","time":1612067843,"event":{"mods":["BaseMod","Bestiary","Colored Map","Minty Spire (QoL Compilation)","Permanent Neow","Relic Stats","Slay the Relics Exporter","ojb\u0027s Info Mod"],"gold_per_floor":[215,490,25,35,45,45,72,72,72,7,40,51,63,63,63,140,140,154,204,219,34,47,77,77,110,133,180,192,204,250,262,274,359,371,400,412,195,205,220,256,273,310,310,348,358,377,416,445,445,445,445,445,445,26,68,68],"floor_reached":57,"language":"ENG","playtime":7625,"items_purged":["Regret","Strike_R+1","Strike_R+1"],"score":3020,"play_id":"d8b1c852-278f-4429-8228-60aa5f88570a","local_time":"20210130203723","is_ascension_mode":true,"campfire_choices":[{"data":"Bash","floor":6.0,"key":"SMITH"},{"data":"Carnage","floor":8.0,"key":"SMITH"},{"data":"Wild Strike","floor":15.0,"key":"SMITH"},{"floor":24.0,"key":"RECALL"},{"floor":28.0,"key":"REST"},{"floor":32.0,"key":"REST"},{"floor":49,"key":"REST"},{"floor":53,"key":"REST"}],"circlet_count":0,"master_deck":["AscendersBane","Strike_R+1","Strike_R+1","Strike_R+1","Defend_R+1","Defend_R+1","Defend_R+1","Defend_R+1","Bash+1","Wild Strike+1","Anger+1","Battle Trance+1","Carnage+1","Shrug It Off","Shrug It Off","Feed","Apotheosis","Immolate+1","Inflame","True Grit","Necronomicurse","Exhume","Reaper","Intimidate","Flame Barrier+1","Dark Embrace","Shockwave","Fiend Fire","Offering","Shrug It Off","Shrug It Off","Warcry+1"],"relics":["Burning Blood","Membership Card","Incense Burner","Gremlin Horn","Torii","HornCleat","CaptainsWheel","Fusion Hammer","Whetstone","Singing Bowl","MawBank","StrikeDummy","Necronomicon","Magic Flower","Runic Dome","Mummified Hand","CeramicFish","Potion Belt","White Beast Statue","Anchor","War Paint","Bird Faced Urn","Vajra"],"acts_visited":["Exordium","TheCity","TheBeyond","TheEnding"],"potions_floor_usage":[40,45,51,51,56,56,56],"damage_taken":[{"damage":2.0,"enemies":"Cultist","floor":1.0,"turns":4.0},{"damage":7.0,"enemies":"Small Slimes","floor":4.0,"turns":3.0},{"damage":10.0,"enemies":"Jaw Worm","floor":5.0,"turns":2.0},{"damage":31.0,"enemies":"Lagavulin","floor":7.0,"turns":8.0},{"damage":4.0,"enemies":"3 Sentries","floor":11.0,"turns":4.0},{"damage":0.0,"enemies":"3 Louse","floor":12.0,"turns":5.0},{"damage":1.0,"enemies":"Blue Slaver","floor":13.0,"turns":6.0},{"damage":23.0,"enemies":"The Guardian","floor":16.0,"turns":12.0},{"damage":0.0,"enemies":"Chosen","floor":18.0,"turns":3.0},{"damage":0.0,"enemies":"Shell Parasite","floor":20.0,"turns":3.0},{"damage":1.0,"enemies":"Centurion and Healer","floor":22.0,"turns":6.0},{"damage":10.0,"enemies":"Slavers","floor":23.0,"turns":7.0},{"damage":36.0,"enemies":"Book of Stabbing","floor":25.0,"turns":6.0},{"damage":3.0,"enemies":"Slavers","floor":27.0,"turns":3.0},{"damage":13.0,"enemies":"Book of Stabbing","floor":30.0,"turns":5.0},{"damage":33.0,"enemies":"Champ","floor":33.0,"turns":13.0},{"damage":0.0,"enemies":"3 Darklings","floor":35.0,"turns":3.0},{"damage":19,"enemies":"3 Shapes","floor":38,"turns":10},{"damage":1,"enemies":"3 Darklings","floor":39,"turns":1},{"damage":0,"enemies":"Reptomancer","floor":40,"turns":4},{"damage":16,"enemies":"4 Shapes","floor":41,"turns":9},{"damage":92,"enemies":"Giant Head","floor":42,"turns":7},{"damage":23,"enemies":"Reptomancer","floor":44,"turns":5},{"damage":1,"enemies":"Maw","floor":45,"turns":6},{"damage":0,"enemies":"Sphere and 2 Shapes","floor":46,"turns":4},{"damage":0,"enemies":"Giant Head","floor":47,"turns":4},{"damage":12,"enemies":"4 Shapes","floor":48,"turns":7},{"damage":87,"enemies":"Awakened One","floor":50,"turns":15},{"damage":150,"enemies":"Time Eater","floor":51,"turns":16},{"damage":44,"enemies":"Shield and Spear","floor":55,"turns":12},{"damage":82,"enemies":"The Heart","floor":56,"turns":10}],"seed_played":"-7234013822437455709","potions_obtained":[{"floor":1.0,"key":"SkillPotion"},{"floor":7.0,"key":"DuplicationPotion"},{"floor":12.0,"key":"Swift Potion"},{"floor":20.0,"key":"FearPotion"},{"floor":25.0,"key":"BloodPotion"},{"floor":27.0,"key":"BlessingOfTheForge"},{"floor":39,"key":"SneckoOil"},{"floor":42,"key":"ElixirPotion"},{"floor":44,"key":"Ancient Potion"},{"floor":45,"key":"Ancient Potion"},{"floor":46,"key":"BloodPotion"},{"floor":47,"key":"Regen Potion"},{"floor":48,"key":"BloodPotion"}],"is_trial":false,"path_per_floor":["M","?","$","M","M","R","E","R","T","$","E","M","M","?","R","B",null,"M","?","M","$","M","E","R","E","T","E","R","?","E","?","R","B",null,"M","?","$","M","M","E","M","E","T","E","M","M","E","M","R","B","B",null,"R","$","E","B",null],"character_chosen":"IRONCLAD","items_purchased":["Membership Card","Incense Burner","Gremlin Horn","PowerPotion","Apotheosis","Immolate","Flame Barrier","Mummified Hand","Strength Potion","HeartOfIron","Shrug It Off","War Paint","Bird Faced Urn"],"campfire_rested":4,"item_purchase_floors":[3,3,3,10,21,21,37,37,54,54,54,54,54],"current_hp_per_floor":[72,72,72,71,67,67,42,42,42,42,44,50,55,51,51,34,65,74,74,81,81,85,85,85,55,55,64,92,71,68,68,97,73,93,99,94,94,92,102,111,121,85,85,122,131,136,136,144,144,114,61,123,144,144,140,144],"gold":68,"neow_bonus":"HUNDRED_GOLD","is_daily":false,"chose_seed":false,"campfire_upgraded":3,"win_rate":0.0,"timestamp":1612067843,"path_taken":["M","?","$","M","?","R","E","R","T","$","E","M","M","?","R","BOSS","M","?","M","$","M","E","R","E","T","E","R","?","E","?","R","BOSS","M","?","$","M","M","E","M","E","T","E","M","?","E","?","R","BOSS","BOSS","R","$","E","BOSS"],"items_purchased_type":["Relic","Relic","Relic","Potion","Card","Card","Card","Relic","Potion","Potion","Card","Relic","Relic"],"build_version":"2020-12-22","purchased_purges":3,"victory":true,"max_hp_per_floor":[75,75,75,75,75,75,75,75,75,75,75,75,75,75,75,75,75,78,78,81,81,85,89,89,89,89,95,95,95,99,99,99,99,99,99,99,99,105,107,111,121,125,125,125,131,136,136,144,144,144,144,144,144,144,144,144],"relic_stats":{"Gremlin Horn":[31,38],"Torii":143,"Singing Bowl":12,"counters":[31,203],"CeramicFish":63,"Magic Flower":[151],"Whetstone":["Immolate","Anger"],"War Paint":["Flame Barrier","Battle Trance"],"MawBank":132,"Burning Blood":175,"Mummified Hand":[29],"Bird Faced Urn":[9],"Necronomicon":[64],"obtain_stats":[{"Potion Belt":42,"Gremlin Horn":3,"Torii":7,"Singing Bowl":25,"CeramicFish":40,"Magic Flower":30,"Vajra":55,"Incense Burner":3,"Whetstone":23,"War Paint":54,"MawBank":26,"Burning Blood":0,"White Beast Statue":44,"Runic Dome":34,"CaptainsWheel":11,"Anchor":47,"HornCleat":9,"Mummified Hand":37,"Bird Faced Urn":54,"Fusion Hammer":17,"Necronomicon":29,"Membership Card":3,"StrikeDummy":27},{"Potion Belt":22,"Gremlin Horn":1,"Torii":4,"Singing Bowl":13,"CeramicFish":20,"Magic Flower":15,"Vajra":30,"Incense Burner":1,"Whetstone":12,"War Paint":29,"MawBank":13,"Burning Blood":0,"White Beast Statue":23,"Runic Dome":16,"CaptainsWheel":5,"Anchor":26,"HornCleat":4,"Mummified Hand":17,"Bird Faced Urn":29,"Fusion Hammer":8,"Necronomicon":14,"Membership Card":1,"StrikeDummy":14},{"Potion Belt":124,"Gremlin Horn":4,"Torii":17,"Singing Bowl":69,"CeramicFish":108,"Magic Flower":77,"Vajra":193,"Incense Burner":4,"Whetstone":63,"War Paint":181,"MawBank":69,"Burning Blood":0,"White Beast Statue":129,"Runic Dome":90,"CaptainsWheel":21,"Anchor":143,"HornCleat":17,"Mummified Hand":93,"Bird Faced Urn":181,"Fusion Hammer":44,"Necronomicon":72,"Membership Card":4,"StrikeDummy":72}]},"card_choices":[{"not_picked":["Evolve","Body Slam"],"picked":"Wild Strike","floor":1.0},{"not_picked":["Headbutt","Wild Strike"],"picked":"Anger","floor":4.0},{"not_picked":["Wild Strike","Perfected Strike"],"picked":"Battle Trance","floor":5.0},{"not_picked":["Flame Barrier","Warcry"],"picked":"Carnage","floor":7.0},{"not_picked":["Limit Break","Iron Wave","Pommel Strike"],"picked":"SKIP","floor":11.0},{"not_picked":["Warcry","Iron Wave"],"picked":"Shrug It Off","floor":12.0},{"not_picked":["Warcry","Heavy Blade"],"picked":"Shrug It Off","floor":13.0},{"not_picked":["Exhume","Limit Break"],"picked":"Feed","floor":16.0},{"not_picked":["True Grit","Bloodletting","Warcry"],"picked":"SKIP","floor":18.0},{"not_picked":["Dropkick","Pommel Strike","Whirlwind"],"picked":"SKIP","floor":20.0},{"not_picked":["Blood for Blood","Havoc"],"picked":"Inflame","floor":22.0},{"not_picked":["Heavy Blade","Dark Embrace","Thunderclap"],"picked":"SKIP","floor":23.0},{"not_picked":["Havoc","Headbutt"],"picked":"True Grit","floor":25.0},{"not_picked":["Hemokinesis","Warcry","Searing Blow+1"],"picked":"Singing Bowl","floor":27.0},{"not_picked":["Pummel","Rage"],"picked":"Exhume","floor":30.0},{"not_picked":["Bludgeon","Corruption"],"picked":"Reaper","floor":33.0},{"not_picked":["Perfected Strike","Armaments"],"picked":"Intimidate","floor":35.0},{"not_picked":["Battle Trance","Warcry","Iron Wave+1"],"picked":"Singing Bowl","floor":38},{"not_picked":["Clash+1","Heavy Blade","Power Through"],"picked":"Singing Bowl","floor":39},{"not_picked":["Cleave","Fire Breathing"],"picked":"Dark Embrace","floor":40},{"not_picked":["Clothesline","Thunderclap","Heavy Blade"],"picked":"Singing Bowl","floor":41},{"not_picked":["Clothesline","Cleave"],"picked":"Shockwave","floor":42},{"not_picked":["Clash","Battle Trance"],"picked":"Fiend Fire","floor":44},{"not_picked":["Headbutt","Armaments+1","Iron Wave"],"picked":"Singing Bowl","floor":45},{"not_picked":["Fire Breathing","Wild Strike+1","Thunderclap"],"picked":"Singing Bowl","floor":46},{"not_picked":["Sentinel+1","Iron Wave"],"picked":"Offering","floor":47},{"not_picked":["Cleave+1","Wild Strike"],"picked":"Shrug It Off","floor":48},{"not_picked":["Whirlwind","Headbutt"],"picked":"Warcry+1","floor":55}],"player_experience":2031641,"relics_obtained":[{"floor":7.0,"key":"Torii"},{"floor":9.0,"key":"HornCleat"},{"floor":11.0,"key":"CaptainsWheel"},{"floor":23.0,"key":"Whetstone"},{"floor":25.0,"key":"Singing Bowl"},{"floor":26.0,"key":"MawBank"},{"floor":27.0,"key":"StrikeDummy"},{"floor":29.0,"key":"Necronomicon"},{"floor":30.0,"key":"Magic Flower"},{"floor":40,"key":"CeramicFish"},{"floor":42,"key":"Potion Belt"},{"floor":44,"key":"White Beast Statue"},{"floor":47,"key":"Anchor"},{"floor":55,"key":"Vajra"}],"event_choices":[{"damage_healed":0.0,"max_hp_gain":0.0,"max_hp_loss":0.0,"gold_gain":275.0,"event_name":"Golden Shrine","player_choice":"Desecrate","floor":2.0,"gold_loss":0.0,"damage_taken":0.0,"cards_obtained":["Regret"]},{"damage_healed":0.0,"max_hp_gain":0.0,"max_hp_loss":0.0,"gold_gain":0.0,"event_name":"The Woman in Blue","player_choice":"Bought 0 Potions","floor":14.0,"gold_loss":0.0,"damage_taken":0.0},{"damage_healed":0.0,"max_hp_gain":0.0,"max_hp_loss":0.0,"gold_gain":50.0,"event_name":"Nest","player_choice":"Stole From Cult","floor":19.0,"gold_loss":0.0,"damage_taken":0.0},{"damage_healed":0.0,"max_hp_gain":0.0,"max_hp_loss":0.0,"gold_gain":0.0,"event_name":"Cursed Tome","player_choice":"Obtained Book","floor":29.0,"gold_loss":0.0,"damage_taken":21.0},{"damage_healed":0.0,"max_hp_gain":0.0,"max_hp_loss":0.0,"gold_gain":0.0,"event_name":"Back to Basics","player_choice":"Simplicity","floor":31.0,"gold_loss":0.0,"damage_taken":0.0,"cards_upgraded":["Strike_R","Strike_R","Strike_R","Strike_R","Strike_R","Defend_R","Defend_R","Defend_R","Defend_R"]},{"damage_healed":0.0,"max_hp_gain":0.0,"max_hp_loss":0.0,"gold_gain":0.0,"event_name":"Designer","player_choice":"Punched","floor":36.0,"gold_loss":0.0,"damage_taken":5.0}],"is_beta":false,"boss_relics":[{"not_picked":["Cursed Key","SlaversCollar"],"picked":"Fusion Hammer"},{"not_picked":["Pandora\u0027s Box","Coffee Dripper"],"picked":"Runic Dome"}],"items_purged_floors":[10,37,54],"is_endless":false,"potions_floor_spawned":[1,7,12,13,16,20,25,27,39,42,44,45,46,47,48,55],"ascension_level":20}}