{"host":"uv5ws9rdk87e8i5k","time":1612076386,"event":{"mods":["AchievementEnabler","BaseMod","Colored Map","Minty Spire (QoL Compilation)","Permanent Neow","Quick Restart","StSLib","SuperFastMode","The Necromancer"],"gold_per_floor":[19,31,46,63,63,63,88,53,77,106,126,161,161,176,176,251,251,262,262,262,282,58,85,104,133,160,193,193,193,213,228,228,306,306,316,316,341,341,355,355,374,404,416,428,453,495,507,100,100,100],"floor_reached":51,"language":"ENG","playtime":1423,"items_purged":["Strike_W","Strike_W+1"],"score":1361,"play_id":"45c3902a-b444-4b6e-b677-3186114e3970","local_time":"20210131005946","is_ascension_mode":true,"campfire_choices":[{"data":"Cloudkill","floor":6.0,"key":"SMITH"},{"floor":15.0,"key":"REST"},{"data":"Summon_Vampire_Lady","floor":28.0,"key":"SMITH"},{"floor":32.0,"key":"REST"},{"data":"Summon_Vampire_Lady","floor":40.0,"key":"SMITH"},{"data":"Summon_Death_Knight","floor":44.0,"key":"SMITH"},{"floor":49.0,"key":"REST"}],"circlet_count":0,"master_deck":["AscendersBane","Defend_W","Defend_W+1","Defend_W","Defend_W","Negative_Energy_Arrows","Bone_Wall","Cloudkill+1","Negative_Energy_Mist","Summon_Lich","Summon_Undead","Hellfire","Summon_Undead_Army","Summon_Lich","Spectral_Armor","Summon_Vampire_Lady+1","Summon_Lich","Life_Drain","Summon_Lich","Summon_Undead","Shade_Step","Stop_Heart","Summon_Death_Knight+1","Violent_Necrosis","Summon_Vampire_Lady+1","Shade_Step","Summon_Undead","Bone_Prison"],"relics":["Vampire_Amulet","Anchor","Vajra","Orichalcum","Ornamental Fan","SlaversCollar","Meat on the Bone","Smiling Mask","Blood Vial","Gremlin Horn","MutagenicStrength","Sozu","Incense Burner","Prayer Wheel","MawBank","StoneCalendar","Du-Vu Doll","Orrery","Pen Nib"],"acts_visited":["Exordium","TheCity","TheBeyond"],"potions_floor_usage":[50],"damage_taken":[{"damage":1.0,"enemies":"Jaw Worm","floor":1.0,"turns":4.0},{"damage":0.0,"enemies":"2 Louse","floor":2.0,"turns":2.0},{"damage":10.0,"enemies":"Small Slimes","floor":3.0,"turns":3.0},{"damage":5.0,"enemies":"Exordium Thugs","floor":4.0,"turns":5.0},{"damage":27.0,"enemies":"3 Sentries","floor":7.0,"turns":5.0},{"damage":30.0,"enemies":"Gremlin Nob","floor":10.0,"turns":4.0},{"damage":0.0,"enemies":"Exordium Wildlife","floor":11.0,"turns":3.0},{"damage":7.0,"enemies":"3 Sentries","floor":12.0,"turns":8.0},{"damage":1.0,"enemies":"Looter","floor":14.0,"turns":2.0},{"damage":7.0,"enemies":"Hexaghost","floor":16.0,"turns":8.0},{"damage":9.0,"enemies":"2 Thieves","floor":18.0,"turns":5.0},{"damage":11.0,"enemies":"Chosen","floor":21.0,"turns":5.0},{"damage":29.0,"enemies":"Book of Stabbing","floor":23.0,"turns":5.0},{"damage":27.0,"enemies":"Snake Plant","floor":24.0,"turns":5.0},{"damage":29.0,"enemies":"Slavers","floor":25.0,"turns":4.0},{"damage":39.0,"enemies":"Book of Stabbing","floor":27.0,"turns":6.0},{"damage":27.0,"enemies":"3 Cultists","floor":30.0,"turns":4.0},{"damage":39.0,"enemies":"Sentry and Sphere","floor":31.0,"turns":7.0},{"damage":30.0,"enemies":"Champ","floor":33.0,"turns":10.0},{"damage":26.0,"enemies":"3 Shapes","floor":35.0,"turns":5.0},{"damage":25.0,"enemies":"Mind Bloom Boss Battle","floor":37.0,"turns":6.0},{"damage":26.0,"enemies":"3 Darklings","floor":39.0,"turns":5.0},{"damage":12.0,"enemies":"Maw","floor":41.0,"turns":7.0},{"damage":35.0,"enemies":"Reptomancer","floor":42.0,"turns":5.0},{"damage":13.0,"enemies":"Spire Growth","floor":45.0,"turns":5.0},{"damage":63.0,"enemies":"Giant Head","floor":46.0,"turns":7.0},{"damage":77,"enemies":"Donu and Deca","floor":50,"turns":8}],"seed_played":"-3655622791026750679","potions_obtained":[{"floor":2.0,"key":"AttackPotion"},{"floor":3.0,"key":"Weak Potion"},{"floor":7.0,"key":"Ancient Potion"},{"floor":14.0,"key":"SpeedPotion"},{"floor":23.0,"key":"PowerPotion"},{"floor":24.0,"key":"Fire Potion"},{"floor":31.0,"key":"Fire Potion"},{"floor":33.0,"key":"Regen Potion"}],"is_trial":false,"path_per_floor":["M","M","M","M","?","R","E","?","T","E","M","E","?","M","R","B",null,"M","?","?","M","$","E","M","E","T","E","R","?","M","M","R","B",null,"M","?","?","T","M","R","M","E","T","R","M","E","?","$","R","B",null],"character_chosen":"NECROMANCER","items_purchased":["Life_Drain","Summon_Lich","Summon_Undead","Orrery","Pen Nib"],"campfire_rested":3,"item_purchase_floors":[22,22,48,48,48],"current_hp_per_floor":[65,69,63,62,41,41,23,40,40,12,16,15,15,16,37,56,67,68,68,68,65,65,56,43,32,32,27,27,27,29,36,57,64,69,52,52,65,65,52,52,67,60,60,60,71,47,47,47,68,58],"gold":100,"neow_bonus":"THREE_RARE_CARDS","is_daily":false,"chose_seed":false,"campfire_upgraded":4,"win_rate":0.0,"timestamp":1612076386,"path_taken":["M","M","M","M","?","R","E","?","T","E","M","E","?","?","R","BOSS","M","?","?","M","$","E","M","E","T","E","R","?","M","?","R","BOSS","M","?","?","?","M","R","M","E","T","R","M","E","?","$","R","BOSS"],"items_purchased_type":["Card","Card","Card","Relic","Relic"],"build_version":"2020-12-22","purchased_purges":2,"victory":true,"max_hp_per_floor":[71,71,71,71,71,71,71,71,71,71,71,71,71,71,71,71,71,71,71,71,71,71,71,71,71,71,71,71,71,71,71,71,71,71,71,71,71,71,71,71,71,71,71,71,71,71,71,71,71,71],"card_choices":[{"not_picked":["Blood_Magic","Detonate_Bones"],"picked":"Cloudkill","floor":0.0},{"not_picked":["Chill_Blood","Deaths_Shadow"],"picked":"Negative_Energy_Mist","floor":1.0},{"not_picked":["Blood_Is_Power","Life_Tap","Chill_Blood"],"picked":"SKIP","floor":2.0},{"not_picked":["Whirlwind_of_Bones","Consume_Illness"],"picked":"Summon_Lich","floor":3.0},{"not_picked":["Bone_Armor","Negative_Energy_Mist"],"picked":"Summon_Undead","floor":4.0},{"not_picked":["Negative_Energy_Sphere","Shackles_Of_Pain"],"picked":"Hellfire","floor":7.0},{"not_picked":["Negative_Energy_Javelin","Death_March_Dance"],"picked":"Summon_Undead_Army","floor":10.0},{"not_picked":["Bone_Spikes","Blood_Curse","Scare"],"picked":"SKIP","floor":11.0},{"not_picked":["Blood_Curse","Consume_Illness"],"picked":"Summon_Lich","floor":12.0},{"not_picked":["Detonate_Bones","Toxic_Smoke_Screen"],"picked":"Spectral_Armor","floor":14.0},{"not_picked":["Skeleton_Dragon","Negative_Energy_Bomb"],"picked":"Summon_Vampire_Lady","floor":16.0},{"not_picked":["Negative_Energy_Sphere","Negative_Energy_Shield","Finger_Of_Death"],"picked":"SKIP","floor":18.0},{"not_picked":["Bone_Bullets","Deaths_Shadow","Necromantic_Selection"],"picked":"SKIP","floor":21.0},{"not_picked":["Bone_Shift","Chill_Blood","Reap_The_Weak"],"picked":"SKIP","floor":23.0},{"not_picked":["Negative_Energy_Javelin","Violent_Necrosis"],"picked":"Summon_Undead","floor":24.0},{"not_picked":["Negative_Energy_Mist","Bone_Bullets","Deaths_Shadow"],"picked":"SKIP","floor":25.0},{"not_picked":["Negative_Energy_Sphere","Vampiric_Strike","Chill_Blood"],"picked":"SKIP","floor":27.0},{"not_picked":["Bone_Shift","Negative_Energy_Shield+1"],"picked":"Shade_Step","floor":30.0},{"not_picked":["Negative_Energy_Mist","Death_March_Dance"],"picked":"Stop_Heart","floor":31.0},{"not_picked":["Detonate_Bones","Hellfire"],"picked":"Summon_Death_Knight","floor":33.0},{"not_picked":["Shackles_Of_Pain","Blood_Curse","Blood_Whip"],"picked":"SKIP","floor":35.0},{"not_picked":["Blood_Whip","Chill_Blood"],"picked":"Violent_Necrosis","floor":37.0},{"not_picked":["Finger_Of_Death","Death_March_Dance"],"picked":"Summon_Vampire_Lady","floor":39.0},{"not_picked":["Finger_Of_Death+1","Scare+1","Negative_Energy_Sphere"],"picked":"SKIP","floor":39.0},{"not_picked":["Thousand_Bone_Knives","Bone_Armory+1"],"picked":"Shade_Step","floor":41.0},{"not_picked":["Blood_Curse","Negative_Energy_Shield","Scare+1"],"picked":"SKIP","floor":41.0},{"not_picked":["Bone_Spikes","Blood_Magic","Bone_Shift+1"],"picked":"SKIP","floor":42.0},{"not_picked":["Stop_Heart+1","Negative_Energy_Javelin","Chill_Blood"],"picked":"SKIP","floor":45.0},{"not_picked":["Thousand_Bone_Knives","Blood_Curse","Death_March_Dance+1"],"picked":"SKIP","floor":45.0},{"not_picked":["Blood_Whip","Negative_Energy_Burst","Necromantic_Selection"],"picked":"SKIP","floor":46.0},{"not_picked":["Whirlwind_of_Bones+1","Summon_Undead_Army+1"],"picked":"Bone_Prison","floor":48.0}],"player_experience":319817,"relics_obtained":[{"floor":7.0,"key":"Anchor"},{"floor":9.0,"key":"Vajra"},{"floor":10.0,"key":"Orichalcum"},{"floor":12.0,"key":"Ornamental Fan"},{"floor":23.0,"key":"Meat on the Bone"},{"floor":25.0,"key":"Smiling Mask"},{"floor":26.0,"key":"Blood Vial"},{"floor":27.0,"key":"Gremlin Horn"},{"floor":37.0,"key":"Incense Burner"},{"floor":38.0,"key":"Prayer Wheel"},{"floor":42.0,"key":"MawBank"},{"floor":43.0,"key":"StoneCalendar"},{"floor":46.0,"key":"Du-Vu Doll"}],"event_choices":[{"damage_healed":0.0,"max_hp_gain":0.0,"max_hp_loss":0.0,"gold_gain":0.0,"event_name":"Shining Light","player_choice":"Entered Light","floor":5.0,"gold_loss":0.0,"damage_taken":21.0,"cards_upgraded":["Defend_W","Strike_W"]},{"damage_healed":17.0,"max_hp_gain":0.0,"max_hp_loss":0.0,"gold_gain":0.0,"event_name":"The Cleric","player_choice":"Healed","floor":8.0,"gold_loss":35.0,"damage_taken":0.0},{"cards_removed":["Strike_W"],"damage_healed":0.0,"max_hp_gain":0.0,"max_hp_loss":0.0,"gold_gain":0.0,"event_name":"Purifier","player_choice":"Purged","floor":13.0,"gold_loss":0.0,"damage_taken":0.0},{"cards_removed":["Strike_W"],"damage_healed":0.0,"max_hp_gain":0.0,"max_hp_loss":0.0,"gold_gain":0.0,"event_name":"Back to Basics","player_choice":"Elegance","floor":19.0,"gold_loss":0.0,"damage_taken":0.0},{"damage_healed":0.0,"max_hp_gain":0.0,"max_hp_loss":0.0,"gold_gain":0.0,"event_name":"The Library","player_choice":"Read","floor":20.0,"gold_loss":0.0,"damage_taken":0.0,"cards_obtained":["Summon_Lich"]},{"damage_healed":0.0,"max_hp_gain":0.0,"max_hp_loss":0.0,"gold_gain":0.0,"event_name":"Drug Dealer","player_choice":"Inject Mutagens","floor":29.0,"gold_loss":0.0,"damage_taken":0.0,"relics_obtained":["MutagenicStrength"]},{"damage_healed":0.0,"max_hp_gain":0.0,"max_hp_loss":0.0,"gold_gain":0.0,"event_name":"Tomb of Lord Red Mask","player_choice":"Ignored","floor":36.0,"gold_loss":0.0,"damage_taken":0.0},{"damage_healed":0.0,"max_hp_gain":0.0,"max_hp_loss":0.0,"gold_gain":0.0,"event_name":"MindBloom","player_choice":"Fight","floor":37.0,"gold_loss":0.0,"damage_taken":0.0},{"damage_healed":0.0,"max_hp_gain":0.0,"max_hp_loss":0.0,"gold_gain":0.0,"event_name":"SensoryStone","player_choice":"Memory 1","floor":47.0,"gold_loss":0.0,"damage_taken":0.0}],"is_beta":false,"boss_relics":[{"not_picked":["Calling Bell","Coffee Dripper"],"picked":"SlaversCollar"},{"not_picked":["Empty Cage","Fusion Hammer"],"picked":"Sozu"}],"items_purged_floors":[22,48],"is_endless":false,"potions_floor_spawned":[2,3,7,14,23,24,25,31,33,35,42,45,46],"ascension_level":15}}