{"host":"b2j09bgckbzjrujr","time":1640949591,"event":{"mods":["AchievementEnabler","Aspiration","BaseMod","BetterRewards","Colored Map","Colored Powertips","Conspire","Friendly Minions","Infinite Spire","Marisa£®ÏF”Í°°ƒß¿Ì…≥£©","Minty Spire (QoL Compilation)","Quick Restart","Rare Cards Sparkle","Reimu£®≤©¿ˆ¡È√Œ£©","Remilia£®¿Ÿ√◊¿Ú—«£©","Replay The Spire","Shop Mod","StSLib","SuperFastMode","TestMod","The Cursed","The Jungle","The Servant 0.9.4","Waifu the Spire","Youmu£®ªÍ∆«—˝√Œ£©","Yuyuko"],"gold_per_floor":[116,41,52,52,52,52,86,99,99,99,99,109,140,158,158,259,259,273,21,34,58,58,58,58,58,111,111,127,158,191,232,244,387,399,472,517,529,541,613,725,815,925,983,1097,1109,1121,1243,823,823,857,857,857,66,122,153],"floor_reached":56,"language":"ZHS","playtime":3188,"items_purged":["Strike_R","Strike_R","Envy_TH","Defend_R+1","Normality","Defend_R+1"],"score":2193,"play_id":"66762a28-859e-4056-ab44-d59a6894b0d5","local_time":"20211231191951","is_ascension_mode":true,"campfire_choices":[{"floor":6,"key":"RECALL"},{"data":"Bash","floor":11,"key":"SMITH"},{"data":"Strike_R","floor":15,"key":"SMITH"},{"floor":23,"key":"REST"},{"data":"1","floor":32,"key":"LIFT"},{"data":"2","floor":45,"key":"LIFT"},{"data":"3","floor":49,"key":"LIFT"},{"floor":52,"key":"REST"}],"circlet_count":0,"master_deck":["Strike_R+1","Defend_R+1","Bash+1","christmas-Death+1","conspire:HitWhereItHurts+1","Flex+1","Feed+1","Seeing Red+1","Inflame","ReplayTheSpireMod:Strike From Hell+1"],"relics":["Burning Blood","testmod-TestBox","testmod-GiftOfSatan","NeowsBlessing","Molten Egg 2","Onion Ring","Replay:Accelerometer","War Paint","testmod-DeterminationOfClimber","MerchantsRug","Enchiridion","Girya","aspiration:FrozenJewel","Replay:Bandana","infinitespire:EvilPickle","Sizzling Blood","Potion Belt","Blood Vial","Ring of Misfortune","ReplayTheSpireMod:Ring of Collecting","Iron Hammer","Strawberry","OrangePellets","Lantern","TentaclePot:ReiMu","InkBottle","ReplayFunnel"],"acts_visited":["Exordium","TheCity","TheBeyond","TheEnding"],"potions_floor_usage":[16,16,16,16,30,40,50,50],"damage_taken":[{"damage":0,"enemies":"Small Slimes","floor":1,"turns":1},{"damage":0,"enemies":"2 Louse","floor":3,"turns":1},{"damage":0,"enemies":"Lagavulin","floor":7,"turns":1},{"damage":12,"enemies":"Jaw Worm","floor":8,"turns":2},{"damage":0,"enemies":"3 Louse","floor":12,"turns":3},{"damage":10,"enemies":"3 Sentries","floor":13,"turns":2},{"damage":6,"enemies":"Red Slaver","floor":14,"turns":2},{"damage":24,"enemies":"Fading Forest","floor":16,"turns":11},{"damage":14,"enemies":"Shell Parasite","floor":18,"turns":2},{"damage":15,"enemies":"3 Byrds","floor":20,"turns":3},{"damage":18,"enemies":"Snecko","floor":21,"turns":3},{"damage":0,"enemies":"Snake Plant","floor":28,"turns":2},{"damage":0,"enemies":"Replay:Snechameleon","floor":29,"turns":1},{"damage":0,"enemies":"Sentry and Sphere","floor":30,"turns":1},{"damage":0,"enemies":"Gremlin Leader","floor":31,"turns":1},{"damage":25,"enemies":"Pondfish","floor":33,"turns":6},{"damage":0,"enemies":"3 Darklings","floor":35,"turns":1},{"damage":0,"enemies":"Orb Walker","floor":39,"turns":1},{"damage":6,"enemies":"R_Hoarder","floor":40,"turns":3},{"damage":8,"enemies":"4 Shapes","floor":41,"turns":1},{"damage":0,"enemies":"Maw","floor":42,"turns":2},{"damage":0,"enemies":"Jaw Worm Horde","floor":44,"turns":1},{"damage":12,"enemies":"4 Shapes","floor":47,"turns":2},{"damage":72,"enemies":"infinitespire:MassOfShapes","floor":50,"turns":4},{"damage":0,"enemies":"Shield and Spear","floor":54,"turns":1},{"damage":154,"enemies":"The Heart","floor":55,"turns":6}],"seed_played":"8694921372130938729","potions_obtained":[{"floor":1,"key":"ColorlessPotion"},{"floor":7,"key":"EntropicBrew"},{"floor":16,"key":"Milkshake"},{"floor":18,"key":"SpeedPotion"},{"floor":30,"key":"Flashbang"},{"floor":31,"key":"FairyPotion"},{"floor":39,"key":"Block Potion"},{"floor":44,"key":"EssenceOfSteel"}],"is_trial":false,"path_per_floor":["M","$","M","$","?","R","E","M","T","?","R","M","E","M","R","B",null,"M","$","M","M","?","R","?","AVR","T","?","M","E","M","E","R","B",null,"M","$","AVR","?","M","E","M","M","T","M","R","?","M","$","R","B",null,"R","$","E","B",null],"character_chosen":"IRONCLAD","items_purchased":["MerchantsRug","Iron Hammer","Strawberry","OrangePellets","Lantern","TentaclePot:ReiMu","InkBottle","Inflame"],"campfire_rested":2,"item_purchase_floors":[19,48,48,48,53,53,53,53],"current_hp_per_floor":[83,83,85,85,85,85,85,85,85,68,68,85,81,88,88,90,90,83,83,79,90,90,90,74,74,74,74,82,95,95,95,95,95,95,95,95,99,99,99,99,99,103,103,103,103,103,106,113,113,91,108,114,114,118,118],"gold":153,"neow_bonus":"THREE_ENEMY_KILL","is_daily":false,"chose_seed":false,"campfire_upgraded":2,"win_rate":0.0,"timestamp":1640949591,"path_taken":["M","$","M","$","?","R","E","M","T","?","R","M","E","M","R","BOSS","M","$","M","M","?","R","?","AVR","T","?","?","E","M","E","R","BOSS","M","?","AVR","?","M","E","?","M","T","M","R","?","M","$","R","BOSS","R","$","E","BOSS"],"items_purchased_type":["Relic","Relic","Relic","Relic","Relic","Relic","Relic","Card"],"build_version":"2020-12-22","purchased_purges":6,"victory":true,"max_hp_per_floor":[85,85,85,85,85,85,85,85,85,85,85,90,90,90,90,90,90,90,90,90,90,90,90,90,90,90,90,90,95,95,95,95,95,95,95,95,99,99,99,99,99,103,103,103,103,103,107,114,114,114,114,114,114,118,118],"card_choices":[{"not_picked":["Headbutt","Cleave","Seeing Red"],"picked":"SKIP","floor":1},{"not_picked":["Power Through","Flame Barrier","Armaments"],"picked":"SKIP","floor":3},{"not_picked":["Evolve","Massacre+1","Fire Breathing"],"picked":"SKIP","floor":7},{"not_picked":["Rampage+1","Wild Strike+1","Pommel Strike+1"],"picked":"SKIP","floor":8},{"not_picked":["christmas-Plague","christmas-Famine+1"],"picked":"christmas-Death+1","floor":12},{"not_picked":["Thunderclap+1","Body Slam+1","ReplayReversal"],"picked":"SKIP","floor":12},{"not_picked":["Dark Embrace","Abandon","Sword Boomerang+1"],"picked":"SKIP","floor":13},{"not_picked":["Clash+1","Sentinel","ReplayTheSpireMod:Limb From Limb+1"],"picked":"SKIP","floor":14},{"not_picked":["Replay:Many Hands","Demonic Infusion"],"picked":"conspire:HitWhereItHurts+1","floor":16},{"not_picked":["Dropkick+1","ReplayTheSpireMod:Muscle Training+1","Iron Wave+1"],"picked":"SKIP","floor":18},{"not_picked":["Heavy Blade+1","Second Wind+1"],"picked":"Flex+1","floor":20},{"not_picked":["Hemokinesis+1","Anger+1","Flex"],"picked":"SKIP","floor":21},{"not_picked":["Wild Strike+1","Infernal Blade+1","Perfected Strike+1"],"picked":"SKIP","floor":28},{"not_picked":["Massacre+1","Armaments+1","Metallicize"],"picked":"SKIP","floor":29},{"not_picked":["Iron Wave+1","Shrug It Off","True Grit"],"picked":"SKIP","floor":30},{"not_picked":["True Grit","Flex"],"picked":"Feed+1","floor":31},{"not_picked":["Warcry","Run Through+1","Replay:Undeath\u0027s Touch+1"],"picked":"SKIP","floor":35},{"not_picked":["Clash+1","Pommel Strike+1","Replay:Undeath\u0027s Touch+1"],"picked":"SKIP","floor":39},{"not_picked":["Disarm","Dual Wield","Searing Blow+1"],"picked":"SKIP","floor":40},{"not_picked":["Cleave+1","Clothesline+1","ReplayTheSpireMod:Stacked+1"],"picked":"SKIP","floor":41},{"not_picked":["Cleave+1","Havoc+1","Wild Strike+1"],"picked":"SKIP","floor":42},{"not_picked":["ReplayTheSpireMod:Limb From Limb+1","Sword Boomerang+1"],"picked":"Seeing Red+1","floor":44},{"not_picked":["Seeing Red+1","Uppercut+1","Inflame"],"picked":"SKIP","floor":47},{"not_picked":["Heavy Blade+1","Headbutt+1"],"picked":"ReplayTheSpireMod:Strike From Hell+1","floor":54}],"player_experience":59469,"relics_obtained":[{"floor":7,"key":"Onion Ring"},{"floor":9,"key":"Replay:Accelerometer"},{"floor":13,"key":"War Paint"},{"floor":24,"key":"Enchiridion"},{"floor":27,"key":"aspiration:FrozenJewel"},{"floor":29,"key":"Replay:Bandana"},{"floor":31,"key":"MawBank"},{"floor":40,"key":"Potion Belt"},{"floor":43,"key":"Blood Vial"},{"floor":46,"key":"Ring of Misfortune"},{"floor":46,"key":"ReplayTheSpireMod:Ring of Collecting"},{"floor":54,"key":"ReplayFunnel"}],"event_choices":[{"damage_healed":0,"gold_gain":0,"player_choice":"Entered Light","damage_taken":17,"max_hp_gain":0,"max_hp_loss":0,"event_name":"Shining Light","floor":10,"gold_loss":0,"cards_upgraded":["Defend_R","Defend_R"]},{"damage_healed":0,"gold_gain":0,"player_choice":"Obtained Book","damage_taken":16,"max_hp_gain":0,"max_hp_loss":0,"event_name":"Cursed Tome","floor":24,"gold_loss":0},{"damage_healed":0,"gold_gain":0,"player_choice":"Relic","damage_taken":0,"max_hp_gain":0,"max_hp_loss":0,"event_name":"Wheel of Change","floor":27,"gold_loss":0},{"damage_healed":0,"gold_gain":0,"player_choice":"Bought 0 Potions","damage_taken":0,"max_hp_gain":0,"max_hp_loss":0,"event_name":"The Woman in Blue","floor":38,"gold_loss":0}],"is_beta":false,"boss_relics":[{"not_picked":["Fusion Hammer","Electric Blood"],"picked":"testmod-DeterminationOfClimber"},{"not_picked":["Replay:Wanted Poster","conspire:SeveredTorchhead"],"picked":"Empty Cage"}],"items_purged_floors":[2,19,25,37,48,53],"is_endless":false,"potions_floor_spawned":[1,7,16,18,30,31,33,35,39,44,47],"ascension_level":6}}