{"host":"4rvakrj1idbgia3f","time":1612122908,"event":{"mods":["BaseMod","Colored Map","Colored Powertips","DeckTracker","Highlight Path","Minty Spire (QoL Compilation)","Random Character Button","StSLib"],"gold_per_floor":[118,137,154,174,191,191,225,225,225,255,268,278,278,305,305,305,305],"floor_reached":16,"language":"JPN","playtime":547,"items_purged":[],"score":248,"play_id":"722269bc-f753-407c-913b-8399f05b3d4b","local_time":"20210201045508","is_ascension_mode":true,"campfire_choices":[{"data":"Dagger Spray","floor":6,"key":"SMITH"},{"data":"Die Die Die","floor":8,"key":"SMITH"},{"data":"Well Laid Plans","floor":13,"key":"SMITH"},{"data":"Finisher","floor":15,"key":"SMITH"}],"circlet_count":0,"master_deck":["AscendersBane","Strike_G","Strike_G","Strike_G","Strike_G","Strike_G","Defend_G","Defend_G","Defend_G","Defend_G","Defend_G","Survivor","Neutralize","Blade Dance","Finisher+1","Poisoned Stab","Dagger Spray+1","Die Die Die+1","Well Laid Plans+1","Leg Sweep"],"relics":["Ring of the Snake","NeowsBlessing","Snake Skull","Sundial","Bottled Flame","Mummified Hand"],"acts_visited":["Exordium"],"potions_floor_usage":[7,10],"damage_taken":[{"damage":0,"enemies":"2 Louse","floor":1,"turns":1},{"damage":0,"enemies":"Cultist","floor":2,"turns":1},{"damage":0,"enemies":"Jaw Worm","floor":3,"turns":1},{"damage":4,"enemies":"Blue Slaver","floor":4,"turns":4},{"damage":4,"enemies":"Lots of Slimes","floor":5,"turns":5},{"damage":12,"enemies":"Lagavulin","floor":7,"turns":5},{"damage":2,"enemies":"3 Sentries","floor":10,"turns":4},{"damage":0,"enemies":"Exordium Thugs","floor":11,"turns":3},{"damage":0,"enemies":"Looter","floor":12,"turns":2},{"damage":19,"enemies":"Lagavulin","floor":14,"turns":7},{"damage":18,"enemies":"Slime Boss","floor":16,"turns":6}],"seed_played":"5656436869286442965","potions_obtained":[{"floor":1,"key":"Fire Potion"},{"floor":2,"key":"Fire Potion"},{"floor":7,"key":"Dexterity Potion"}],"is_trial":false,"path_per_floor":["M","M","M","M","M","R","E","R","T","E","M","M","R","E","R","B"],"character_chosen":"THE_SILENT","items_purchased":[],"campfire_rested":0,"item_purchase_floors":[],"current_hp_per_floor":[59,59,59,55,51,51,39,39,39,37,37,37,37,18,18,0,0],"gold":305,"neow_bonus":"THREE_ENEMY_KILL","is_daily":false,"chose_seed":false,"campfire_upgraded":4,"win_rate":0.0,"timestamp":1612122908,"path_taken":["M","M","M","M","M","R","E","R","T","E","M","M","R","E","R","BOSS"],"items_purchased_type":[],"build_version":"2020-12-22","purchased_purges":0,"victory":false,"max_hp_per_floor":[66,66,66,66,66,66,66,66,66,66,66,66,66,66,66,66,66],"card_choices":[{"not_picked":["All Out Attack","Dagger Spray"],"picked":"Blade Dance","floor":1},{"not_picked":["Flying Knee","Choke"],"picked":"Finisher","floor":2},{"not_picked":["Acrobatics","Catalyst"],"picked":"Poisoned Stab","floor":3},{"not_picked":["Distraction","Poisoned Stab","Sucker Punch"],"picked":"SKIP","floor":4},{"not_picked":["Skewer","Setup"],"picked":"Dagger Spray","floor":5},{"not_picked":["Dagger Spray","Skewer"],"picked":"Die Die Die","floor":7},{"not_picked":["Backstab","Concentrate"],"picked":"Well Laid Plans","floor":10},{"not_picked":["Backflip","Concentrate"],"picked":"Leg Sweep","floor":11},{"not_picked":["Masterful Stab","Quick Slash","Outmaneuver"],"picked":"SKIP","floor":12},{"not_picked":["Flying Knee","Dagger Throw","Slice"],"picked":"SKIP","floor":14}],"player_experience":2150529,"relics_obtained":[{"floor":7,"key":"Snake Skull"},{"floor":9,"key":"Sundial"},{"floor":10,"key":"Bottled Flame"},{"floor":14,"key":"Mummified Hand"}],"event_choices":[],"is_beta":false,"boss_relics":[],"items_purged_floors":[],"is_endless":false,"potions_floor_spawned":[1,2,5,7],"killed_by":"Slime Boss","ascension_level":20}}