{"host":"ecaj4hn004xnnrw9","time":1612028350,"event":{"mods":["AchievementEnabler","BaseMod","Better Third Choice","Hermit","Hubris","Infinite Spire","Jorbs\u0027s Wanderer Trilogy","Minty Spire (QoL Compilation)","Quick Restart","Relic Stats","Replay The Spire","Shop Mod","StSLib","The Construct","The Jungle","The Runesmith"],"gold_per_floor":[118,88,107,117,130,130,162,178,178,26,43,43,43],"floor_reached":12,"language":"ENG","playtime":362,"items_purged":[],"score":127,"play_id":"a67cde57-9daf-4310-b7db-32c573fe6ceb","local_time":"20210130173910","is_ascension_mode":true,"campfire_choices":[{"data":"Eruption","floor":6,"key":"SMITH"}],"circlet_count":0,"master_deck":["AscendersBane","Strike_P","Strike_P","Strike_P","Strike_P","Defend_P","Defend_P","Defend_P","Defend_P","Eruption+1","Vigilance","CutThroughFate","Weave","Consecrate","DevaForm","TalkToTheHand","Replay:DivineShield"],"relics":["PureWater","NeowsBlessing","Bag of Preparation","Blue Doll","Gremlin Food"],"acts_visited":["Exordium"],"potions_floor_usage":[2,7],"damage_taken":[{"damage":0,"enemies":"Cultist","floor":1,"turns":1},{"damage":0,"enemies":"Jaw Worm","floor":3,"turns":1},{"damage":0,"enemies":"2 Louse","floor":4,"turns":1},{"damage":13,"enemies":"2 Fungi Beasts","floor":5,"turns":3},{"damage":24,"enemies":"3 Sentries","floor":7,"turns":6},{"damage":17,"enemies":"Large Slime","floor":8,"turns":6},{"damage":0,"enemies":"Looter","floor":11,"turns":1},{"damage":29,"enemies":"Gremlin Nob","floor":12,"turns":3}],"seed_played":"-3530436633942629071","potions_obtained":[{"floor":1,"key":"ColorlessPotion"},{"floor":2,"key":"Fruit Juice"},{"floor":2,"key":"CultistPotion"}],"is_trial":false,"path_per_floor":["M","?","M","M","M","R","E","M","T","$","M","E"],"character_chosen":"WATCHER","items_purchased":["Gremlin Food"],"campfire_rested":0,"item_purchase_floors":[10],"current_hp_per_floor":[65,70,70,70,57,57,33,16,16,16,16,0,0],"gold":43,"neow_bonus":"THREE_ENEMY_KILL","is_daily":false,"chose_seed":false,"campfire_upgraded":1,"win_rate":0.0,"timestamp":1612028350,"path_taken":["M","?","M","?","M","R","E","M","T","$","M","E"],"items_purchased_type":["Relic"],"build_version":"2020-12-22","purchased_purges":0,"victory":false,"max_hp_per_floor":[72,77,77,77,77,77,77,77,77,77,77,77,77],"relic_stats":{"counters":[8,22],"Bag of Preparation":[6],"obtain_stats":[{"Gremlin Food":10,"NeowsBlessing":0,"Blue Doll":9,"Bag of Preparation":7,"PureWater":0},{"Gremlin Food":6,"NeowsBlessing":0,"Blue Doll":6,"Bag of Preparation":5,"PureWater":0},{"Gremlin Food":18,"NeowsBlessing":0,"Blue Doll":18,"Bag of Preparation":12,"PureWater":0}]},"card_choices":[{"not_picked":["Replay:ManipulateFuture","FlyingSleeves"],"picked":"CutThroughFate","floor":1},{"not_picked":["Replay:Anticipation","EmptyFist"],"picked":"Weave","floor":3},{"not_picked":["Protect","Replay:ManipulateFuture"],"picked":"Consecrate","floor":4},{"not_picked":["Perseverance","SashWhip"],"picked":"DevaForm","floor":5},{"not_picked":["Establishment","BowlingBash"],"picked":"TalkToTheHand","floor":7},{"not_picked":["Halt","Replay:ManipulateFuture"],"picked":"Replay:DivineShield","floor":8},{"not_picked":["Replay:Battleflow","Crescendo","Nirvana"],"picked":"SKIP","floor":11}],"player_experience":428107,"relics_obtained":[{"floor":7,"key":"Bag of Preparation"},{"floor":9,"key":"Blue Doll"}],"event_choices":[{"damage_healed":0,"gold_gain":0,"player_choice":"Bought 2 Potions","damage_taken":0,"max_hp_gain":0,"max_hp_loss":0,"event_name":"The Woman in Blue","floor":2,"gold_loss":0}],"is_beta":false,"boss_relics":[],"items_purged_floors":[],"is_endless":false,"potions_floor_spawned":[1],"killed_by":"Gremlin Nob","ascension_level":11}}