{"host":"axuns55dzq466eei","time":1612085956,"event":{"mods":["BaseMod","Colored Map","Keyboard Shortcuts","Minty Spire (QoL Compilation)","StSLib","SuperFastMode"],"gold_per_floor":[118,3,14,14,14,14,45,59,84,111,143,187,258,287,299,311,311],"floor_reached":16,"language":"KOR","playtime":289,"items_purged":["Regret"],"score":224,"play_id":"6dd275b3-8aab-4ea1-985f-fa76f817a755","local_time":"20210131183916","is_ascension_mode":true,"campfire_choices":[{"data":"Pommel Strike","floor":6,"key":"SMITH"},{"data":"Bash","floor":15,"key":"SMITH"}],"circlet_count":0,"master_deck":["AscendersBane","Strike_R","Strike_R","Strike_R","Defend_R","Defend_R","Defend_R","Bash+1","Bloodletting","Bloodletting","Pommel Strike","Hemokinesis+1","Pommel Strike+1","Rage"],"relics":["Burning Blood","Strawberry","MawBank","Toy Ornithopter","Meat on the Bone"],"acts_visited":["Exordium"],"potions_floor_usage":[13,16,16],"damage_taken":[{"damage":15,"enemies":"Jaw Worm","floor":1,"turns":4},{"damage":2,"enemies":"2 Louse","floor":3,"turns":2},{"damage":16,"enemies":"Gremlin Nob","floor":7,"turns":3},{"damage":5,"enemies":"Cultist","floor":8,"turns":2},{"damage":5,"enemies":"Blue Slaver","floor":10,"turns":1},{"damage":8,"enemies":"Looter","floor":11,"turns":2},{"damage":42,"enemies":"3 Sentries","floor":12,"turns":7},{"damage":8,"enemies":"Gremlin Nob","floor":13,"turns":3},{"damage":8,"enemies":"Lots of Slimes","floor":14,"turns":4},{"damage":41,"enemies":"The Guardian","floor":16,"turns":6}],"seed_played":"-8328819909608767082","potions_obtained":[{"floor":3,"key":"Dexterity Potion"},{"floor":7,"key":"EssenceOfSteel"},{"floor":13,"key":"Weak Potion"}],"is_trial":false,"path_per_floor":["M","$","M","?","?","R","E","M","T","M","M","E","?","M","R","B"],"character_chosen":"IRONCLAD","items_purchased":["Hemokinesis"],"campfire_rested":0,"item_purchase_floors":[2],"current_hp_per_floor":[59,59,63,56,56,56,53,54,54,55,53,17,20,30,30,0,0],"gold":311,"neow_bonus":"TRANSFORM_TWO_CARDS","is_daily":false,"chose_seed":false,"campfire_upgraded":2,"win_rate":0.0,"timestamp":1612085956,"path_taken":["M","$","M","?","?","R","E","M","T","M","?","E","?","M","R","BOSS"],"items_purchased_type":["Card"],"build_version":"2020-12-22","purchased_purges":1,"victory":false,"max_hp_per_floor":[75,75,75,75,75,75,82,82,82,82,82,82,82,82,82,82,82],"card_choices":[{"not_picked":["Clash","Searing Blow"],"picked":"Pommel Strike","floor":1},{"not_picked":["Spot Weakness","Sentinel"],"picked":"Pommel Strike","floor":3},{"not_picked":["Intimidate","Corruption","Anger"],"picked":"SKIP","floor":7},{"not_picked":["Iron Wave","Dual Wield","Perfected Strike"],"picked":"SKIP","floor":8},{"not_picked":["Dual Wield","Warcry","Reckless Charge"],"picked":"SKIP","floor":10},{"not_picked":["Infernal Blade","Sword Boomerang","Dual Wield"],"picked":"SKIP","floor":11},{"not_picked":["Twin Strike","Hemokinesis","Exhume"],"picked":"SKIP","floor":12},{"not_picked":["Fire Breathing","Twin Strike"],"picked":"Rage","floor":13},{"not_picked":["Metallicize","Warcry","Sword Boomerang"],"picked":"SKIP","floor":14}],"player_experience":1100582,"relics_obtained":[{"floor":7,"key":"Strawberry"},{"floor":9,"key":"MawBank"},{"floor":12,"key":"Toy Ornithopter"},{"floor":13,"key":"Meat on the Bone"}],"event_choices":[{"cards_removed":["Strike_R"],"damage_healed":0,"gold_gain":0,"player_choice":"Card Removal","damage_taken":7,"max_hp_gain":0,"max_hp_loss":0,"event_name":"Golden Wing","floor":4,"gold_loss":0},{"damage_healed":0,"gold_gain":0,"player_choice":"Upgraded","damage_taken":0,"max_hp_gain":0,"max_hp_loss":0,"event_name":"Upgrade Shrine","floor":5,"gold_loss":0,"cards_upgraded":["Hemokinesis"]},{"damage_healed":0,"gold_gain":0,"player_choice":"Searched \u00271\u0027 times","damage_taken":0,"max_hp_gain":0,"max_hp_loss":0,"event_name":"Dead Adventurer","floor":13,"gold_loss":0}],"is_beta":false,"boss_relics":[],"items_purged_floors":[2],"is_endless":false,"potions_floor_spawned":[3,7,10,12,13],"killed_by":"The Guardian","ascension_level":20}}