{"host":"hqxy2g3i5ker09hc","time":1612055222,"event":{"mods":["2.2 Compatiblity","AlwaysNeverKeys","Aspiration","BaseMod","Beaked The Cultist","Better Match","Better Note","Better Sensory Stone","Better Silent Start","Better Third Choice","Better-Laid Plans","CCEM2","CatGirl Mod","Chen","Conspire","Downfall","Fireblade Mod","GifTheSpireLib","Gold Saver","Hubris","Ironclad Rager","Jorbs\u0027s Wanderer Trilogy","Magitek Elite","Minty Spire (QoL Compilation)","MostiFishMod","Permanent Neow","Prisma Mod","Quarter Circle Forward PUNCH!","Quick Restart","Replay The Spire","Shop Mod","Small Relic Pack","Spikes Relics","StSLib","Stuff the Spire","The Animator","The Bug Knight","The Forsaken","The Wild Card"],"gold_per_floor":[506,506,5,21,21,34,34,64,133,153,27,27,41,76,76,172,172,97,97,107,121,132,162,162,176,230,255,119,119,146,45,45,140,140,154,167,24,44,44,78,78,275,275,392,392,411,371,96,96,96,96],"floor_reached":50,"language":"ENG","playtime":5219,"items_purged":["Regret","theextravagant:Fence","theextravagant:Fence"],"score":813,"play_id":"fe70adaa-6b1f-4d97-8a0f-e45d5edc1218","local_time":"20210131020702","is_ascension_mode":false,"campfire_choices":[{"data":"theextravagant:Twitch","floor":7.0,"key":"SMITH"},{"data":"theextravagant:Twitch","floor":15.0,"key":"SMITH"},{"data":"theWildCard:Scathach","floor":24.0,"key":"SMITH"},{"floor":29.0,"key":"REST"},{"floor":32.0,"key":"REST"},{"data":"theextravagant:Ambush","floor":41.0,"key":"SMITH"},{"data":"theextravagant:GlyphOfTime","floor":49,"key":"SMITH"}],"circlet_count":0,"master_deck":["theextravagant:SlyStrike","theextravagant:SlyStrike","theextravagant:SlyStrike","theextravagant:SlyStrike","theextravagant:Fence+1","theextravagant:QuickAttack","theextravagant:Triumph","theextravagant:RustyBuckler","theextravagant:PuffUp","theWildCard:Scathach+1","theextravagant:SpiritBolt+1","theextravagant:Twitch+1","theextravagant:ShieldCharm","theextravagant:Twitch+1","theextravagant:Ambush+1","theextravagant:GlyphOfTime","theextravagant:GlyphOfTime+1","theextravagant:Cutthroat","theextravagant:Outrun","theextravagant:Urgency","theextravagant:Pushthrough","theextravagant:Nihil","theextravagant:DAMNATION+1","theextravagant:Pushthrough+1","Bandage Up","theextravagant:Swirl","theextravagant:Stella","theextravagant:Twitch+1","theextravagant:Twitch+1","theextravagant:ShieldCharm","theextravagant:GlyphOfSight"],"relics":["theextravagant:TranslucentFeather","DaveBox","SynthV:TestCard","SynthV","theForsaken:Kindling","StuffTheSpire:RedRose","StuffTheSpire:Gunfinga","HornCleat","CCEMRelics:DissonantTune","SacredBark","aspiration:EmptySkull","Blue Doll","qcfpunch:Red_Headband","aspiration:DSix","Gem_Box","Omamori","hubris:Icosahedron","FossilizedHelix","Guard_Bracelet","StuffTheSpire:BottledEssence"],"acts_visited":["Exordium","TheCity","TheBeyond"],"potions_floor_usage":[50],"damage_taken":[{"damage":0.0,"enemies":"conspire:RoseBush","floor":1.0,"turns":3.0},{"damage":0.0,"enemies":"Small Slimes","floor":4.0,"turns":3.0},{"damage":0.0,"enemies":"2 Louse","floor":6.0,"turns":2.0},{"damage":9.0,"enemies":"Gremlin Nob","floor":8.0,"turns":4.0},{"damage":1.0,"enemies":"Blue Slaver","floor":10.0,"turns":5.0},{"damage":0.0,"enemies":"Lots of Slimes","floor":13.0,"turns":5.0},{"damage":0.0,"enemies":"Lagavulin","floor":14.0,"turns":6.0},{"damage":0.0,"enemies":"Fading Forest","floor":16.0,"turns":11.0},{"damage":13.0,"enemies":"2 Thieves","floor":18.0,"turns":5.0},{"damage":0.0,"enemies":"Chosen","floor":20.0,"turns":7.0},{"damage":0.0,"enemies":"conspire:HollyBat","floor":21.0,"turns":7.0},{"damage":17.0,"enemies":"Snake Plant","floor":22.0,"turns":2.0},{"damage":0.0,"enemies":"conspire:Head Lice","floor":23.0,"turns":6.0},{"damage":6.0,"enemies":"Shelled Parasite and Fungi","floor":25.0,"turns":7.0},{"damage":33.0,"enemies":"Slavers","floor":27.0,"turns":6.0},{"damage":0.0,"enemies":"HollowMod:Nosk","floor":30.0,"turns":8.0},{"damage":0.0,"enemies":"conspire:MysteriousRune","floor":33.0,"turns":10.0},{"damage":9.0,"enemies":"Orb Walker","floor":35.0,"turns":4.0},{"damage":5.0,"enemies":"3 Darklings","floor":36.0,"turns":9.0},{"damage":26.0,"enemies":"Spire Growth","floor":38.0,"turns":6.0},{"damage":2.0,"enemies":"HollowMod:StalkingDevout","floor":40.0,"turns":6.0},{"damage":0,"enemies":"4 Shapes","floor":44,"turns":8},{"damage":0,"enemies":"Maw","floor":46,"turns":10},{"damage":136,"enemies":"hubris:GrandSnecko","floor":50,"turns":12}],"seed_played":"-1873304549309199197","potions_obtained":[{"floor":1.0,"key":"Dexterity Potion"},{"floor":13.0,"key":"SmokeBomb"},{"floor":19.0,"key":"Fruit Juice"},{"floor":19.0,"key":"SmokeBomb"},{"floor":20.0,"key":"champ:CounterPotion"},{"floor":22.0,"key":"Adrenaline Potion"},{"floor":27.0,"key":"Elixir"},{"floor":30.0,"key":"Fire Potion"},{"floor":35.0,"key":"Reflective Coating"},{"floor":46,"key":"DuplicationPotion"}],"is_trial":false,"path_per_floor":["M","?","$","M","?","M","R","E","T","M","$","?","M","E","R","B",null,"M","?","M","M","M","E","R","M","T","E","$","R","E","$","R","B",null,"M","M","$","M","?","E","R","?","T","M","?","M","?","$","R","B"],"character_chosen":"THE_EXTRAVAGANT","items_purchased":["SynthV","theForsaken:Kindling","theextravagant:SpiritBolt+1","theextravagant:GlyphOfTime","Bandage Up","Fruit Juice","Omamori","StuffTheSpire:BottledEssence"],"campfire_rested":2,"item_purchase_floors":[3,3,3,11,28,31,37,48],"current_hp_per_floor":[75,75,75,75,75,75,75,66,66,65,65,58,58,58,58,68,75,62,72,72,72,55,55,55,49,49,16,16,46,52,62,97,97,105,96,99,99,81,81,79,79,79,79,87,87,95,95,95,95,0,0],"gold":96,"neow_bonus":"RANDOM_EVENT","is_daily":false,"chose_seed":false,"campfire_upgraded":5,"win_rate":0.0,"timestamp":1612055222,"path_taken":["M","?","$","M","?","M","R","E","T","M","$","?","M","E","R","BOSS","M","?","M","?","?","E","R","M","T","E","$","R","E","$","R","BOSS","M","M","$","M","?","E","R","?","T","M","?","?","?","$","R","BOSS"],"items_purchased_type":["Relic","Relic","Card","Card","Card","Potion","Relic","Relic"],"build_version":"2020-12-22","purchased_purges":3,"victory":false,"max_hp_per_floor":[75,75,75,75,75,75,75,75,75,75,75,75,75,75,75,75,75,75,85,85,85,85,85,85,85,85,85,85,90,90,100,105,105,105,105,105,105,105,105,105,105,105,105,105,105,105,105,105,105,105,105],"card_choices":[{"not_picked":["theextravagant:GarbageCannon","theextravagant:Defy"],"picked":"theextravagant:PuffUp","floor":1.0},{"not_picked":["theextravagant:HeavyBlows","theextravagant:Drift","theextravagant:Thrill","theextravagant:Flashback"],"picked":"theextravagant:Twitch","floor":4.0},{"not_picked":["theextravagant:SharpTalons","theextravagant:PerfectTheBasics","theextravagant:Comeback","theextravagant:Radiance"],"picked":"theextravagant:ShieldCharm","floor":6.0},{"not_picked":["theextravagant:Clairvoyance","theextravagant:PerfectTheBasics","theextravagant:TreasureHunt","theextravagant:Drift"],"picked":"theextravagant:Twitch","floor":8.0},{"not_picked":["theextravagant:Comeback","theextravagant:Shatter","theextravagant:Riot","theextravagant:Ravage"],"picked":"theextravagant:Ambush","floor":10.0},{"not_picked":["theextravagant:Drift","theextravagant:PerfectTheBasics","theextravagant:Tension","theextravagant:Twitch","theextravagant:Flashback"],"picked":"SKIP","floor":13.0},{"not_picked":["theextravagant:GarbageCannon","theextravagant:Ravage","theextravagant:Razor","theextravagant:Meditation"],"picked":"theextravagant:Cutthroat","floor":14.0},{"not_picked":["theextravagant:Erase","theextravagant:DAMNATION","theextravagant:ManifestIllusion","theextravagant:Overpower"],"picked":"theextravagant:Outrun","floor":16.0},{"not_picked":["theextravagant:Precaution","theextravagant:Comeback","theextravagant:Aggression+1","theextravagant:ArtisticDisplay"],"picked":"theextravagant:Urgency","floor":18.0},{"not_picked":["theextravagant:Tension","theextravagant:Flashback","theextravagant:ShootingStar+1","theextravagant:StepBack"],"picked":"theextravagant:Pushthrough","floor":20.0},{"not_picked":["theextravagant:Defy+1","theextravagant:SpontaneousStrike+1","theextravagant:PerfectTheBasics","theextravagant:Clairvoyance"],"picked":"theextravagant:Nihil","floor":21.0},{"not_picked":["theextravagant:Tension","theextravagant:ShootingStar+1","theextravagant:ZeroHero+1","theextravagant:Supersonic","theextravagant:SharpTalons"],"picked":"SKIP","floor":22.0},{"not_picked":["theextravagant:IronPlumes","theextravagant:SpontaneousStrike","theextravagant:TreasureHunt","theextravagant:Defy"],"picked":"theextravagant:DAMNATION","floor":23.0},{"not_picked":["theextravagant:Twitch","theextravagant:GlyphOfTime+1","theextravagant:Riot","theextravagant:SharpTalons"],"picked":"theextravagant:Pushthrough+1","floor":25.0},{"not_picked":["theextravagant:Firework","theextravagant:Riot","theextravagant:CutTheDeck+1","theextravagant:WhiffOfMagic","theextravagant:SpontaneousStrike"],"picked":"SKIP","floor":27.0},{"not_picked":["theextravagant:HeavyBlows+1","theextravagant:IronPlumes","theextravagant:GarbageCannon+1","theextravagant:ShootingStar"],"picked":"theextravagant:Swirl","floor":30.0},{"not_picked":["theextravagant:Antiquity","theextravagant:Pluck","theextravagant:Redemption","theextravagant:ManifestIllusion"],"picked":"theextravagant:Stella","floor":33.0},{"not_picked":["theextravagant:Precaution","theextravagant:Shove","theextravagant:Comeback","theextravagant:PerfectTheBasics"],"picked":"theextravagant:Twitch+1","floor":35.0},{"not_picked":["theextravagant:ShootingStar+1","theextravagant:RisingPhoenix","theextravagant:CuttingEdge+1","theextravagant:PuffUp+1","theextravagant:Cutthroat+1"],"picked":"SKIP","floor":36.0},{"not_picked":["theextravagant:Drift","theextravagant:GlyphOfTime+1","theextravagant:Clairvoyance+1","theextravagant:PerfectTheBasics+1"],"picked":"theextravagant:Twitch+1","floor":38.0},{"not_picked":["theextravagant:Courage","theextravagant:Flashback+1","theextravagant:Riot+1","theextravagant:GustOfWind"],"picked":"theextravagant:ShieldCharm","floor":40.0},{"not_picked":["theextravagant:Ravage","theextravagant:Courage","theextravagant:Defy+1","theextravagant:SpontaneousStrike","theextravagant:CuttingEdge+1"],"picked":"SKIP","floor":44},{"not_picked":["theextravagant:Glamour","theextravagant:Riot+1","theextravagant:SpontaneousStrike","theextravagant:SharpTalons"],"picked":"theextravagant:GlyphOfSight","floor":46}],"player_experience":741545,"relics_obtained":[{"floor":1.0,"key":"SynthV:TestCard"},{"floor":8.0,"key":"StuffTheSpire:Gunfinga"},{"floor":9.0,"key":"HornCleat"},{"floor":14.0,"key":"CCEMRelics:DissonantTune"},{"floor":23.0,"key":"aspiration:EmptySkull"},{"floor":26.0,"key":"Blue Doll"},{"floor":27.0,"key":"qcfpunch:Red_Headband"},{"floor":30.0,"key":"aspiration:DSix"},{"floor":40.0,"key":"FossilizedHelix"},{"floor":43.0,"key":"Guard_Bracelet"}],"event_choices":[{"cards_removed":["theextravagant:Fence"],"damage_healed":0.0,"max_hp_gain":0.0,"max_hp_loss":0.0,"gold_gain":0.0,"event_name":"Golden Wing","player_choice":"Card Removal","floor":12.0,"gold_loss":0.0,"damage_taken":7.0},{"damage_healed":0.0,"max_hp_gain":0.0,"max_hp_loss":0.0,"gold_gain":0.0,"event_name":"Lab","player_choice":"Got Potions","floor":19.0,"gold_loss":0.0,"damage_taken":0.0},{"damage_healed":0,"gold_gain":0,"player_choice":"Bought 0 Potions","damage_taken":0,"max_hp_gain":0,"max_hp_loss":0,"event_name":"The Woman in Blue","floor":45,"gold_loss":0},{"damage_healed":0,"gold_gain":0,"player_choice":"Upgraded Two","damage_taken":0,"max_hp_gain":0,"max_hp_loss":0,"event_name":"Designer","floor":47,"gold_loss":40,"cards_upgraded":["theextravagant:DAMNATION","theextravagant:Fence"]}],"is_beta":false,"boss_relics":[{"not_picked":["StuffTheSpire:RunicHypercube","aspiration:RunicSpoon"],"picked":"SacredBark"},{"not_picked":["Sandwich","hubris:CrackedHourglass"],"picked":"Gem_Box"}],"items_purged_floors":[11,28,48],"is_endless":false,"potions_floor_spawned":[1,13,16,20,22,25,27,30,35,46],"killed_by":"hubris:GrandSnecko","ascension_level":0}}