{"host":"mb4cisebr17g8vuz","time":1612130818,"event":{"mods":["AchievementEnabler","BaseMod","Colored Map","Colored Powertips","Minty Spire (QoL Compilation)","SuperFastMode","everything is the same but u backflip on backflip"],"gold_per_floor":[13,25,39,56,71,71,88,48,48,48,48,60,60,70,70,144,144,158,177,102,0,14,14,14,14,14,14,28,28,47,61,61,136,136,146,171,187,187,87,87,141,141,141],"floor_reached":42,"language":"KOR","playtime":1777,"items_purged":["Strike_R","Writhe"],"score":792,"play_id":"2205f67a-61fa-48d6-b895-dfec420046c2","local_time":"20210131170658","is_ascension_mode":true,"campfire_choices":[{"data":"Body Slam","floor":6.0,"key":"SMITH"},{"data":"Entrench","floor":10.0,"key":"SMITH"},{"floor":13.0,"key":"REST"},{"data":"True Grit","floor":15.0,"key":"SMITH"},{"data":"Body Slam","floor":25.0,"key":"SMITH"},{"floor":27.0,"key":"DIG"},{"floor":29.0,"key":"DIG"},{"data":"True Grit","floor":32.0,"key":"SMITH"},{"floor":40.0,"key":"DIG"}],"circlet_count":0,"master_deck":["AscendersBane","Defend_R","Defend_R","Defend_R","Bash","Cleave","Shrug It Off","Body Slam+1","Entrench+1","True Grit+1","Shrug It Off","Battle Trance","Impervious","Carnage","Body Slam+1","Second Wind+1","True Grit+1","Impervious","Warcry+1"],"relics":["Burning Blood","Pantograph","Sozu","Lantern","Shovel","Sundial","Shuriken","SlaversCollar","Ginger","MealTicket","Gambling Chip"],"acts_visited":["Exordium","TheCity","TheBeyond"],"potions_floor_usage":[],"damage_taken":[{"damage":7.0,"enemies":"Cultist","floor":1.0,"turns":4.0},{"damage":14.0,"enemies":"Jaw Worm","floor":2.0,"turns":4.0},{"damage":3.0,"enemies":"Small Slimes","floor":3.0,"turns":5.0},{"damage":15.0,"enemies":"Looter","floor":4.0,"turns":4.0},{"damage":36.0,"enemies":"Exordium Thugs","floor":5.0,"turns":10.0},{"damage":3.0,"enemies":"Blue Slaver","floor":7.0,"turns":5.0},{"damage":0.0,"enemies":"Looter","floor":8.0,"turns":4.0},{"damage":23.0,"enemies":"Exordium Thugs","floor":12.0,"turns":10.0},{"damage":2.0,"enemies":"Large Slime","floor":14.0,"turns":6.0},{"damage":22.0,"enemies":"Slime Boss","floor":16.0,"turns":8.0},{"damage":32.0,"enemies":"Spheric Guardian","floor":18.0,"turns":6.0},{"damage":8.0,"enemies":"Chosen","floor":19.0,"turns":7.0},{"damage":2.0,"enemies":"Centurion and Healer","floor":22.0,"turns":7.0},{"damage":0.0,"enemies":"Snecko","floor":28.0,"turns":3.0},{"damage":4.0,"enemies":"Snake Plant","floor":30.0,"turns":4.0},{"damage":0.0,"enemies":"Sentry and Sphere","floor":31.0,"turns":4.0},{"damage":28.0,"enemies":"Automaton","floor":33.0,"turns":9.0},{"damage":11.0,"enemies":"Orb Walker","floor":35.0,"turns":4.0},{"damage":3.0,"enemies":"Mind Bloom Boss Battle","floor":36.0,"turns":5.0},{"damage":38.0,"enemies":"3 Darklings","floor":37.0,"turns":10.0},{"damage":39.0,"enemies":"2 Orb Walkers","floor":41.0,"turns":7.0},{"damage":19,"enemies":"Giant Head","floor":42,"turns":4}],"seed_played":"316436359161493586","potions_obtained":[{"floor":2.0,"key":"DuplicationPotion"},{"floor":5.0,"key":"PowerPotion"},{"floor":12.0,"key":"PowerPotion"},{"floor":16.0,"key":"Dexterity Potion"}],"is_trial":false,"path_per_floor":["M","M","M","M","M","R","M","M","T","R","?","M","R","M","R","B",null,"M","M","$","?","M","?","?","R","T","R","M","R","M","M","R","B",null,"M","?","M","?","$","R","?","E"],"character_chosen":"IRONCLAD","items_purchased":[],"campfire_rested":1,"item_purchase_floors":[],"current_hp_per_floor":[67,59,62,53,23,23,26,32,32,32,25,8,30,34,34,43,67,41,39,39,39,43,43,43,43,43,43,49,49,51,57,57,53,70,65,75,43,43,43,43,10,0,0],"gold":141,"neow_bonus":"REMOVE_TWO","is_daily":false,"chose_seed":false,"campfire_upgraded":5,"win_rate":0.0,"timestamp":1612130818,"path_taken":["M","M","M","M","M","R","M","M","T","R","?","M","R","M","R","BOSS","M","M","$","?","M","?","?","R","T","R","?","R","M","M","R","BOSS","M","?","M","?","$","R","?","E"],"items_purchased_type":[],"build_version":"2020-12-22","purchased_purges":2,"victory":false,"max_hp_per_floor":[75,75,75,75,75,75,75,75,75,75,75,75,75,75,75,75,75,75,75,75,75,75,75,75,75,75,75,75,75,75,75,75,75,75,75,75,75,71,71,71,71,71,71],"card_choices":[{"not_picked":["Twin Strike","Anger"],"picked":"Cleave","floor":1.0},{"not_picked":["Havoc","Perfected Strike"],"picked":"Shrug It Off","floor":2.0},{"not_picked":["Flex","True Grit"],"picked":"Body Slam","floor":3.0},{"not_picked":["Searing Blow","Bloodletting"],"picked":"Entrench","floor":4.0},{"not_picked":["Inflame","Blood for Blood"],"picked":"True Grit","floor":5.0},{"not_picked":["True Grit","Heavy Blade"],"picked":"Shrug It Off","floor":7.0},{"not_picked":["Searing Blow","Disarm","Shrug It Off"],"picked":"SKIP","floor":8.0},{"not_picked":["Double Tap","Wild Strike","Bloodletting"],"picked":"SKIP","floor":12.0},{"not_picked":["True Grit","Shrug It Off"],"picked":"Battle Trance","floor":14.0},{"not_picked":["Exhume","Fiend Fire"],"picked":"Impervious","floor":16.0},{"not_picked":["Sword Boomerang+1","Pummel","True Grit"],"picked":"SKIP","floor":18.0},{"not_picked":["Warcry","Shrug It Off","Havoc"],"picked":"SKIP","floor":19.0},{"not_picked":["Shrug It Off","Flame Barrier","Twin Strike"],"picked":"SKIP","floor":22.0},{"not_picked":["Limit Break","Flex"],"picked":"Second Wind+1","floor":28.0},{"not_picked":["Flex+1","Sword Boomerang"],"picked":"True Grit","floor":30.0},{"not_picked":["Thunderclap","Iron Wave","Perfected Strike"],"picked":"SKIP","floor":31.0},{"not_picked":["Juggernaut","Feed"],"picked":"Impervious","floor":33.0},{"not_picked":["Battle Trance","Anger+1","Perfected Strike"],"picked":"SKIP","floor":35.0},{"not_picked":["Havoc+1","Rage","Thunderclap"],"picked":"SKIP","floor":37.0},{"not_picked":["Whirlwind","Rupture"],"picked":"Warcry+1","floor":41.0}],"player_experience":245753,"relics_obtained":[{"floor":9.0,"key":"Pantograph"},{"floor":26.0,"key":"Shovel"},{"floor":27.0,"key":"Sundial"},{"floor":29.0,"key":"Shuriken"},{"floor":36.0,"key":"Ginger"},{"floor":40.0,"key":"MealTicket"},{"floor":41.0,"key":"Gambling Chip"}],"event_choices":[{"cards_removed":["Strike_R"],"damage_healed":0.0,"max_hp_gain":0.0,"max_hp_loss":0.0,"gold_gain":0.0,"event_name":"Golden Wing","player_choice":"Card Removal","floor":11.0,"gold_loss":0.0,"damage_taken":7.0},{"damage_healed":0.0,"max_hp_gain":0.0,"max_hp_loss":0.0,"gold_gain":0.0,"event_name":"Masked Bandits","player_choice":"Paid Fearfully","floor":21.0,"gold_loss":102.0,"damage_taken":0.0},{"damage_healed":0.0,"max_hp_gain":0.0,"max_hp_loss":0.0,"gold_gain":0.0,"event_name":"The Mausoleum","player_choice":"Opened","floor":23.0,"gold_loss":0.0,"damage_taken":0.0,"relics_obtained":["Lantern"],"cards_obtained":["Writhe"]},{"damage_healed":0.0,"max_hp_gain":0.0,"max_hp_loss":0.0,"gold_gain":0.0,"cards_transformed":["Strike_R","Strike_R"],"event_name":"Drug Dealer","player_choice":"Became Test Subject","floor":24.0,"gold_loss":0.0,"damage_taken":0.0,"cards_obtained":["Carnage","Body Slam"]},{"damage_healed":0.0,"max_hp_gain":0.0,"max_hp_loss":0.0,"gold_gain":0.0,"event_name":"MindBloom","player_choice":"Fight","floor":36.0,"gold_loss":0.0,"damage_taken":0.0},{"damage_healed":0.0,"max_hp_gain":0.0,"max_hp_loss":4.0,"gold_gain":0.0,"event_name":"Winding Halls","player_choice":"Max HP","floor":38.0,"gold_loss":0.0,"damage_taken":0.0},{"damage_healed":0.0,"max_hp_gain":0.0,"max_hp_loss":0.0,"gold_gain":0.0,"event_name":"Mysterious Sphere","player_choice":"Fight","floor":41.0,"gold_loss":0.0,"damage_taken":0.0}],"is_beta":false,"boss_relics":[{"not_picked":["Black Blood","Pandora\u0027s Box"],"picked":"Sozu"},{"not_picked":["Runic Cube","SacredBark"],"picked":"SlaversCollar"}],"items_purged_floors":[20,39],"is_endless":false,"potions_floor_spawned":[2,5,12,16,18,22,31,33,36],"killed_by":"Giant Head","ascension_level":18}}