{"host":"mku5fdaoqz3qihec","time":1612104352,"event":{"mods":["2.2 Compatiblity","Abigail Mod","AchievementEnabler","Arknights","BaseMod","Colored Map","Colored Powertips","Hermit","Koishi","Minty Spire (QoL Compilation)","Rare Cards Sparkle","StSLib","SuperFastMode","The Animator","The Cursed","The Dragon Tamer","The Gatherer","The Mystic","The Servant 0.9.3"],"gold_per_floor":[114,114,39,39,39,66,66,66,114,125,160,171,187,214,214,315,315,329,339,339,264,264,264,282,282,282,79,107,122,122,159,159,272,272,284,59,59,59,78,128,128,0,23,23,23,41,86,86,86,86],"floor_reached":51,"language":"KOR","playtime":1159,"items_purged":["AbbyMod:Ab_Strike","AbbyMod:Ab_Strike+1"],"score":870,"play_id":"e7781262-0951-4dd0-aeca-32229ad41e32","local_time":"20210131234552","is_ascension_mode":false,"campfire_choices":[{"data":"AbbyMod:VoidWhispers","floor":8,"key":"SMITH"},{"floor":15,"key":"REST"},{"floor":23,"key":"REST"},{"data":"AbbyMod:Ab_SwirlOfMadness","floor":25,"key":"SMITH"},{"data":"AbbyMod:Dabigail","floor":30,"key":"SMITH"},{"data":"AbbyMod:MysteryKey","floor":32,"key":"SMITH"},{"data":"AbbyMod:DemonPancake","floor":41,"key":"SMITH"},{"data":"AbbyMod:CosmicSpark","floor":44,"key":"SMITH"},{"data":"Madness","floor":49,"key":"SMITH"}],"circlet_count":0,"master_deck":["AbbyMod:Ab_Strike+1","AbbyMod:Ab_Defend+1","AbbyMod:Ab_Defend+1","AbbyMod:FleetingSanity+1","AbbyMod:ForeheadBeam","AbbyMod:PowerGamer","AbbyMod:MeltBrain","AbbyMod:VoidWhispers+1","AbbyMod:PapaProtection","AbbyMod:Dabigail+1","AbbyMod:Ab_SwirlOfMadness+1","AbbyMod:DemonPancake+1","Necronomicurse","AbbyMod:MysteryKey+1","AbbyMod:CosmicSpark+1","Madness+1","Madness"],"relics":["AbbyMod:Salem_Diary","NeowsBlessing","InkBottle","Gremlin Horn","Anchor","Pear","Boot","Philosopher\u0027s Stone","Necronomicon","Meat on the Bone","Membership Card","CeramicFish","Juzu Bracelet","Runic Dome","Pen Nib","AbbyMod:CosmoBattery","WingedGreaves","Red Mask","Omamori","Torii","Bronze Scales"],"acts_visited":["Exordium","TheCity","TheBeyond"],"potions_floor_usage":[14,16,28,28,35,50],"damage_taken":[{"damage":0,"enemies":"Small Slimes","floor":1,"turns":1},{"damage":0,"enemies":"Gremlin Nob","floor":6,"turns":1},{"damage":0,"enemies":"Jaw Worm","floor":10,"turns":1},{"damage":14,"enemies":"3 Sentries","floor":11,"turns":5},{"damage":0,"enemies":"Cultist","floor":12,"turns":3},{"damage":14,"enemies":"Exordium Wildlife","floor":13,"turns":4},{"damage":17,"enemies":"Gremlin Nob","floor":14,"turns":5},{"damage":19,"enemies":"Slime Boss","floor":16,"turns":6},{"damage":21,"enemies":"2 Thieves","floor":18,"turns":4},{"damage":21,"enemies":"Spheric Guardian","floor":19,"turns":5},{"damage":0,"enemies":"Shelled Parasite and Fungi","floor":24,"turns":5},{"damage":0,"enemies":"Gremlin Leader","floor":28,"turns":2},{"damage":0,"enemies":"Centurion and Healer","floor":29,"turns":3},{"damage":19,"enemies":"Book of Stabbing","floor":31,"turns":5},{"damage":0,"enemies":"Collector","floor":33,"turns":3},{"damage":34,"enemies":"3 Shapes","floor":35,"turns":2},{"damage":7,"enemies":"3 Darklings","floor":39,"turns":3},{"damage":0,"enemies":"Mind Bloom Boss Battle","floor":40,"turns":3},{"damage":0,"enemies":"2 Orb Walkers","floor":47,"turns":3},{"damage":30,"enemies":"Donu and Deca","floor":50,"turns":5}],"seed_played":"-6537049977020041382","potions_obtained":[{"floor":6,"key":"Weak Potion"},{"floor":11,"key":"BlessingOfTheForge"},{"floor":16,"key":"BlessingOfTheForge"},{"floor":18,"key":"Swift Potion"},{"floor":24,"key":"Energy Potion"},{"floor":31,"key":"BlessingOfTheForge"},{"floor":33,"key":"Fruit Juice"},{"floor":39,"key":"LiquidMemories"}],"is_trial":false,"path_per_floor":["M","?","$","?","$","E","?","R","T","M","E","M","M","E","R","B",null,"M","M","?","?","?","R","M","R","T","$","E","M","R","E","R","B",null,"M","$","?","?","M","?","R","?","T","R","$","?","?","T","R","B",null],"character_chosen":"Ab_Foreigner","items_purchased":["Membership Card","Pen Nib","AbbyMod:CosmoBattery"],"campfire_rested":2,"item_purchase_floors":[27,36,36],"current_hp_per_floor":[60,57,57,45,45,45,45,45,45,45,41,41,27,10,31,12,70,49,28,28,28,12,33,33,33,33,33,45,45,45,38,38,38,70,41,41,41,75,68,68,68,68,68,68,68,59,59,59,59,41],"gold":86,"neow_bonus":"THREE_ENEMY_KILL","is_daily":false,"chose_seed":false,"campfire_upgraded":7,"win_rate":0.0,"timestamp":1612104352,"path_taken":["M","?","$","?","$","E","?","R","T","?","E","M","M","E","R","BOSS","M","M","?","?","?","R","?","R","T","$","E","M","R","E","R","BOSS","M","$","?","?","M","?","R","?","T","R","?","?","?","?","R","BOSS"],"items_purchased_type":["Relic","Relic","Relic"],"build_version":"2020-12-22","purchased_purges":2,"victory":true,"max_hp_per_floor":[60,60,60,60,60,60,60,60,60,60,70,70,70,70,70,70,70,70,70,70,70,70,70,70,70,70,70,70,70,70,70,70,70,70,75,75,75,75,75,75,75,75,75,75,75,75,75,75,75,75],"card_choices":[{"not_picked":["AbbyMod:SanityCheck","AbbyMod:AceInTheHole"],"picked":"AbbyMod:PowerGamer","floor":1},{"not_picked":["AbbyMod:Memocide","AbbyMod:Ab_OldOneTrigger"],"picked":"AbbyMod:MeltBrain","floor":6},{"not_picked":["AbbyMod:WorldStrongest","AbbyMod:SavingThrow"],"picked":"AbbyMod:PapaProtection","floor":10},{"not_picked":["AbbyMod:CloneArmy","AbbyMod:Ab_SwirlOfMadness"],"picked":"AbbyMod:Dabigail","floor":11},{"not_picked":["AbbyMod:SanityCheck","AbbyMod:TeddyBear"],"picked":"AbbyMod:Ab_SwirlOfMadness","floor":12},{"not_picked":["AbbyMod:Memocide","AbbyMod:ChocoKey"],"picked":"AbbyMod:PapaProtection","floor":13},{"not_picked":["AbbyMod:Dabigail","AbbyMod:HeroCreationA"],"picked":"AbbyMod:DemonPancake","floor":14},{"not_picked":["AbbyMod:WitchTrial","AbbyMod:EyesOfMadness","AbbyMod:Meteo+1"],"picked":"SKIP","floor":18},{"not_picked":["AbbyMod:AttoSecond","AbbyMod:ConsumeFlesh","AbbyMod:TeddyBear"],"picked":"SKIP","floor":19},{"not_picked":["AbbyMod:CloneArmy","AbbyMod:FamiliarShield","AbbyMod:ExposedCore"],"picked":"SKIP","floor":24},{"not_picked":["AbbyMod:SuperMuscular","AbbyMod:WorldStrongest+1","AbbyMod:Thflth"],"picked":"SKIP","floor":28},{"not_picked":["AbbyMod:PapaProtection+1","AbbyMod:PowerGamer","AbbyMod:FamiliarShield"],"picked":"SKIP","floor":29},{"not_picked":["AbbyMod:StarRadiance","AbbyMod:Keyblade"],"picked":"AbbyMod:MysteryKey","floor":31},{"not_picked":["AbbyMod:BadGirl","AbbyMod:Ab_OldOneTrigger"],"picked":"AbbyMod:CosmicSpark","floor":33},{"not_picked":["AbbyMod:ChocoKey+1","AbbyMod:FamiliarShield","AbbyMod:LiftSkirt"],"picked":"SKIP","floor":35},{"not_picked":["AbbyMod:FamiliarShield+1","AbbyMod:SavingThrow+1"],"picked":"AbbyMod:CommandSpell+1","floor":39}],"player_experience":329735,"relics_obtained":[{"floor":6,"key":"Gremlin Horn"},{"floor":9,"key":"Anchor"},{"floor":11,"key":"Pear"},{"floor":14,"key":"Boot"},{"floor":22,"key":"Necronomicon"},{"floor":26,"key":"Meat on the Bone"},{"floor":28,"key":"CeramicFish"},{"floor":31,"key":"Juzu Bracelet"},{"floor":40,"key":"WingedGreaves"},{"floor":43,"key":"Omamori"},{"floor":47,"key":"Torii"},{"floor":48,"key":"Bronze Scales"}],"event_choices":[{"damage_healed":0,"gold_gain":0,"player_choice":"Success","damage_taken":3,"relics_obtained":["InkBottle"],"max_hp_gain":0,"max_hp_loss":0,"event_name":"Scrap Ooze","floor":2,"gold_loss":0},{"damage_healed":0,"gold_gain":0,"player_choice":"Entered Light","damage_taken":12,"max_hp_gain":0,"max_hp_loss":0,"event_name":"Shining Light","floor":4,"gold_loss":0,"cards_upgraded":["AbbyMod:Ab_Strike","AbbyMod:FleetingSanity"]},{"damage_healed":0,"gold_gain":0,"cards_transformed":["AbbyMod:Ab_Defend"],"player_choice":"Transformed","damage_taken":0,"max_hp_gain":0,"max_hp_loss":0,"event_name":"Transmorgrifier","floor":7,"gold_loss":0,"cards_obtained":["AbbyMod:VoidWhispers"]},{"damage_healed":0,"gold_gain":0,"player_choice":"Simplicity","damage_taken":0,"max_hp_gain":0,"max_hp_loss":0,"event_name":"Back to Basics","floor":20,"gold_loss":0,"cards_upgraded":["AbbyMod:Ab_Strike","AbbyMod:Ab_Strike","AbbyMod:Ab_Defend","AbbyMod:Ab_Defend"]},{"cards_removed":["AbbyMod:Ab_Strike"],"damage_healed":0,"gold_gain":0,"player_choice":"Gave Gold","damage_taken":0,"max_hp_gain":0,"max_hp_loss":0,"event_name":"Beggar","floor":21,"gold_loss":75},{"damage_healed":0,"gold_gain":0,"player_choice":"Obtained Book","damage_taken":16,"max_hp_gain":0,"max_hp_loss":0,"event_name":"Cursed Tome","floor":22,"gold_loss":0},{"cards_removed":["AbbyMod:PapaProtection"],"damage_healed":0,"gold_gain":0,"player_choice":"Removed Skill","damage_taken":0,"max_hp_gain":0,"max_hp_loss":0,"event_name":"Falling","floor":37,"gold_loss":0},{"damage_healed":34,"gold_gain":0,"player_choice":"Full Heal","damage_taken":0,"max_hp_gain":0,"max_hp_loss":0,"event_name":"Wheel of Change","floor":38,"gold_loss":0},{"damage_healed":0,"gold_gain":0,"player_choice":"Fight","damage_taken":0,"max_hp_gain":0,"max_hp_loss":0,"event_name":"MindBloom","floor":40,"gold_loss":0},{"damage_healed":0,"gold_gain":0,"player_choice":"Paid","damage_taken":0,"relics_obtained":["Red Mask"],"max_hp_gain":0,"max_hp_loss":0,"event_name":"Tomb of Lord Red Mask","floor":42,"gold_loss":128},{"damage_healed":0,"gold_gain":0,"player_choice":"Embrace Madness","damage_taken":9,"max_hp_gain":0,"max_hp_loss":0,"event_name":"Winding Halls","floor":46,"gold_loss":0,"cards_obtained":["Madness","Madness"]},{"damage_healed":0,"gold_gain":0,"player_choice":"Fight","damage_taken":0,"max_hp_gain":0,"max_hp_loss":0,"event_name":"Mysterious Sphere","floor":47,"gold_loss":0}],"is_beta":false,"boss_relics":[{"not_picked":["Black Star","Fusion Hammer"],"picked":"Philosopher\u0027s Stone"},{"not_picked":["Velvet Choker","Runic Pyramid"],"picked":"Runic Dome"}],"items_purged_floors":[3,27],"is_endless":false,"potions_floor_spawned":[6,11,16,18,24,31,33,39],"ascension_level":0}}