{"host":"h3ybbam5olp21xet","time":1612117489,"event":{"mods":["BaseMod","BetterRewards","Downfall","Hermit","Hubris","Infinite Spire","Minty Spire (QoL Compilation)","Replay The Spire","StSLib","The Bug Knight","The Cursed"],"gold_per_floor":[119,39,50,61,61,61,76,76,76,100,100,100,123,143,143,249,249,269,290,318,318,327,327,356,356,356,356,431,355,383,35,35,35,35],"floor_reached":33,"language":"ENG","playtime":1374,"items_purged":[],"score":341,"play_id":"27dbc203-5e6e-4c0b-ad7d-0322ef9995c9","local_time":"20210131122449","is_ascension_mode":false,"campfire_choices":[{"data":"hermit:Showdown","floor":6,"key":"SMITH"},{"data":"hermit:Covet","floor":6,"key":"SMITH"},{"data":"hermit:ItchyTrigger","floor":8,"key":"SMITH"},{"data":"hermit:Enervate","floor":8,"key":"SMITH"},{"floor":12,"key":"REST"},{"floor":23,"key":"REST"},{"floor":25,"key":"REST"},{"floor":27,"key":"REST"},{"floor":32,"key":"REST"}],"circlet_count":0,"master_deck":["hermit:Strike_Hermit","hermit:Strike_Hermit","hermit:Strike_Hermit","hermit:Strike_Hermit","hermit:Defend_Hermit","hermit:Defend_Hermit","hermit:Defend_Hermit","hermit:Snapshot","hermit:Covet+1","ReplayTheSpireMod:IOU","hermit:Enervate+1","ReplayTheSpireMod:IOU","ReplayTheSpireMod:IOU","hermit:BigShot","hermit:Enervate","hermit:Showdown+1","hermit:ItchyTrigger+1","hermit:Desperado","hermit:Malice","hermit:CalledShot+1","hermit:Roughhouse","hermit:Headshot+1","hermit:Maintenance","hermit:Glare+1","infinitespire:FinalStrike","hermit:Ricochet","hermit:Ricochet","hermit:Quickdraw","hermit:Deadeye"],"relics":["hermit:Momento","Replay:Wax Seal","Replay:Arrowhead","StoneCalendar","CeramicFish","hubris:Backtick","Simple Rune","ClockworkSouvenir","ReplayFunnel","Torii"],"acts_visited":["Exordium","TheCity"],"potions_floor_usage":[16,16,30,33],"damage_taken":[{"damage":7,"enemies":"2 Louse","floor":1,"turns":3},{"damage":1,"enemies":"Cultist","floor":3,"turns":3},{"damage":7,"enemies":"Small Slimes","floor":4,"turns":3},{"damage":10,"enemies":"Looter","floor":7,"turns":3},{"damage":12,"enemies":"Gremlin Gang","floor":10,"turns":3},{"damage":7,"enemies":"Exordium Thugs","floor":13,"turns":3},{"damage":4,"enemies":"2 Fungi Beasts","floor":14,"turns":3},{"damage":19,"enemies":"Slime Boss","floor":16,"turns":6},{"damage":27,"enemies":"Spheric Guardian","floor":18,"turns":4},{"damage":20,"enemies":"2 Thieves","floor":19,"turns":3},{"damage":17,"enemies":"Sentry and Sphere","floor":20,"turns":4},{"damage":10,"enemies":"Cultist and Chosen","floor":24,"turns":3},{"damage":18,"enemies":"Centurion and Healer","floor":29,"turns":4},{"damage":10,"enemies":"Snake Plant","floor":30,"turns":3},{"damage":55,"enemies":"Automaton","floor":33,"turns":4}],"seed_played":"-4776461010324803843","potions_obtained":[{"floor":1,"key":"Death Potion"},{"floor":3,"key":"infinitespire:BlackPotion"},{"floor":13,"key":"PowerPotion"},{"floor":20,"key":"PowerPotion"},{"floor":30,"key":"SpeedPotion"}],"is_trial":false,"path_per_floor":["M","$","M","M","?","R","M","R","T","M","$","R","M","M","R","B",null,"M","M","M","?","AVR","R","M","R","T","R","?","M","M","$","R","B"],"character_chosen":"HERMIT","items_purchased":["Replay:Wax Seal","hermit:Enervate","Replay:Arrowhead","hermit:BigShot","Torii","hermit:Deadeye"],"campfire_rested":5,"item_purchase_floors":[0,0,0,2,31,31],"current_hp_per_floor":[61,61,60,53,53,53,43,43,43,31,31,53,46,42,42,23,75,48,28,11,11,11,33,23,45,45,67,60,42,32,32,54,0,0],"gold":35,"neow_bonus":"","is_daily":false,"chose_seed":false,"campfire_upgraded":4,"win_rate":0.0,"timestamp":1612117489,"path_taken":["M","$","M","M","?","R","M","R","T","M","?","R","?","M","R","BOSS","M","?","M","?","AVR","R","M","R","T","R","?","M","M","$","R","BOSS"],"items_purchased_type":["Relic","Card","Relic","Card","Relic","Card"],"build_version":"2020-12-22","purchased_purges":0,"victory":false,"max_hp_per_floor":[75,75,75,75,75,75,75,75,75,75,75,75,75,75,75,75,75,75,75,75,75,75,75,75,75,75,75,75,75,75,75,75,75,75],"card_choices":[{"not_picked":["hermit:Manifest","hermit:TakeCover","hermit:Determination"],"picked":"SKIP","floor":1},{"not_picked":["hermit:Headshot","hermit:Dive"],"picked":"hermit:Enervate","floor":3},{"not_picked":["hermit:Spite","hermit:SprayPray","hermit:Scavenge"],"picked":"SKIP","floor":4},{"not_picked":["hermit:Showdown","hermit:CursedWeapon"],"picked":"hermit:ItchyTrigger","floor":7},{"not_picked":["hermit:FatalDesire","hermit:Coalescence"],"picked":"hermit:Desperado","floor":10},{"not_picked":["hermit:WideOpen","hermit:Misfire"],"picked":"hermit:Malice","floor":13},{"not_picked":["hermit:BodyArmor","hermit:Roulette"],"picked":"hermit:CalledShot","floor":14},{"not_picked":["hermit:Purgatory","hermit:RoundhouseKick"],"picked":"hermit:Roughhouse","floor":16},{"not_picked":["hermit:SprayPray","hermit:Gestalt+1"],"picked":"hermit:Headshot+1","floor":18},{"not_picked":["hermit:LowProfile","hermit:Misfire+1"],"picked":"hermit:Maintenance","floor":19},{"not_picked":["hermit:Coalescence","hermit:FlashPowder"],"picked":"hermit:Glare+1","floor":20},{"not_picked":["hermit:PistolWhip","hermit:BlackWind"],"picked":"hermit:Ricochet","floor":24},{"not_picked":["hermit:Shortfuse","hermit:SprayPray"],"picked":"hermit:Ricochet","floor":29},{"not_picked":["hermit:TakeAim","hermit:Desperado"],"picked":"hermit:Quickdraw","floor":30}],"player_experience":633788,"relics_obtained":[{"floor":9,"key":"CeramicFish"},{"floor":26,"key":"ReplayFunnel"}],"event_choices":[{"damage_healed":0,"gold_gain":0,"cards_transformed":["hermit:Defend_Hermit"],"player_choice":"Transformed","damage_taken":0,"max_hp_gain":0,"max_hp_loss":0,"event_name":"Transmorgrifier","floor":5,"gold_loss":0,"cards_obtained":["hermit:Showdown"]},{"damage_healed":0,"gold_gain":0,"player_choice":"Grow","damage_taken":0,"max_hp_gain":0,"max_hp_loss":0,"event_name":"Living Wall","floor":15,"gold_loss":0,"cards_upgraded":["hermit:CalledShot"]},{"damage_healed":0,"gold_gain":0,"player_choice":"Simplicity","damage_taken":0,"max_hp_gain":0,"max_hp_loss":0,"event_name":"Back to Basics","floor":21,"gold_loss":0,"cards_upgraded":["hermit:Strike_Hermit","hermit:Strike_Hermit","hermit:Strike_Hermit","hermit:Strike_Hermit","hermit:Defend_Hermit","hermit:Defend_Hermit","hermit:Defend_Hermit"]},{"damage_healed":0,"gold_gain":75,"player_choice":"Touch","damage_taken":7,"max_hp_gain":0,"max_hp_loss":0,"event_name":"FaceTrader","floor":28,"gold_loss":0}],"is_beta":false,"boss_relics":[{"not_picked":["Black Star","bronze:MakeshiftBattery"],"picked":"hubris:Backtick"}],"items_purged_floors":[],"is_endless":false,"potions_floor_spawned":[1,3,13,14,20,30],"killed_by":"Automaton","ascension_level":0}}