{"host":"w69dv90hcab2as96","time":1612101323,"event":{"mods":["BaseMod","Downfall","Minty Spire (QoL Compilation)","StSLib"],"gold_per_floor":[99,144,189,189,289,379,454,544,589,589,634,679,679,259,304,604,604,504,549,307,307,307,352,352,442,442,375,375,375,275,320,365,665,665,665,710,395,395,440,140,140,197,197,287,287,35,80,125,170,170],"floor_reached":51,"language":"ENG","playtime":3846,"items_purged":["Slimebound:Strike_Slimebound","Slimebound:Strike_Slimebound","Slimebound:Strike_Slimebound","Slimebound:Defend_Slimebound","Slimebound:CorrosiveSpit"],"score":1005,"play_id":"036d9684-94c2-47cb-8784-bfc7d739fb83","local_time":"20210131145523","daily_mods":["Cursed Run","Blue Cards","Midas"],"is_ascension_mode":false,"campfire_choices":[{"floor":1,"key":"RECALL"},{"floor":13,"key":"REST"},{"floor":18,"key":"REST"},{"floor":30,"key":"REST"},{"floor":35,"key":"REST"}],"circlet_count":0,"master_deck":["Slimebound:Tackle+1","Slimebound:Defend_Slimebound","Slimebound:Defend_Slimebound","Slimebound:Defend_Slimebound","Slimebound:Split+1","Beam Cell+1","Pain","Slimebound:SlimeSpikes","downfall:Aged","Darkness","Pain","FTL+1","Slimebound:Prepare","Compile Driver","Conserve Battery","Writhe","Slimebound:CheckThePlaybook","Self Repair","Leap","Skim","Conserve Battery","Slimebound:CheckThePlaybook","downfall:Icky","Decay","Conserve Battery","Slimebound:Prepare+1","Writhe","Madness+1","Slimebound:Split+1","Capacitor","Slimebound:SplitMire+1","Static Discharge+1","Injury","Slimebound:GoopSpray+1","Slimebound:SplitAcid+1","Slimebound:Schlurp+1","Slimebound:Darklings+1","Parasite","Slimebound:SplitAcid+1","Parasite","Rip and Tear+1","White Noise+1","downfall:Aged"],"relics":["Cursed Key","Darkstone Periapt","Du-Vu Doll","TungstenRod","bronze:DecasWashers","WarpedTongs","Membership Card","Bottled Tornado","sneckomod:SneckoTalon","downfall:HeartBlessingRed","Blue Candle","hexamod:BolsterEngine","Nunchaku","HornCleat","Toxic Egg 2","Bag of Preparation","downfall:HeartBlessingGreen","Snecko Eye","White Beast Statue","Whetstone","Thread and Needle","Bag of Marbles","Lee\u0027s Waffle","Pocketwatch","Red Mask","downfall:RedIOUUpgrade","Vajra","Slimebound:AggressiveSlimeRelic","champ:Barbells"],"acts_visited":["Exordium","TheCity","TheBeyond"],"potions_floor_usage":[15,25,25,27,47,50,50,50],"damage_taken":[{"damage":0,"enemies":"Small Slimes","floor":2,"turns":3},{"damage":6,"enemies":"Jaw Worm","floor":3,"turns":3},{"damage":27,"enemies":"Lagavulin","floor":6,"turns":5},{"damage":15,"enemies":"3 Sentries","floor":8,"turns":7},{"damage":2,"enemies":"Cultist","floor":9,"turns":3},{"damage":0,"enemies":"Lots of Slimes","floor":11,"turns":5},{"damage":1,"enemies":"3 Louse","floor":12,"turns":3},{"damage":1,"enemies":"downfall:FleeingMerchant","floor":14,"turns":4},{"damage":0,"enemies":"Large Slime","floor":15,"turns":4},{"damage":36,"enemies":"IC_STATUS_ARCHETYPE","floor":16,"turns":11},{"damage":4,"enemies":"Shell Parasite","floor":19,"turns":4},{"damage":10,"enemies":"downfall:FleeingMerchant","floor":20,"turns":4},{"damage":6,"enemies":"Shelled Parasite and Fungi","floor":23,"turns":2},{"damage":7,"enemies":"Gremlin Leader","floor":25,"turns":5},{"damage":5,"enemies":"downfall:FleeingMerchant","floor":27,"turns":3},{"damage":0,"enemies":"Snecko","floor":31,"turns":4},{"damage":0,"enemies":"Centurion and Healer","floor":32,"turns":3},{"damage":10,"enemies":"WA_ARCHETYPE_CALM","floor":33,"turns":8},{"damage":0,"enemies":"3 Darklings","floor":36,"turns":4},{"damage":0,"enemies":"3 Shapes","floor":39,"turns":3},{"damage":2,"enemies":"2 Orb Walkers","floor":42,"turns":1},{"damage":6,"enemies":"Giant Head","floor":44,"turns":4},{"damage":12,"enemies":"Jaw Worm Horde","floor":47,"turns":1},{"damage":6,"enemies":"Writhing Mass","floor":48,"turns":3},{"damage":0,"enemies":"Sphere and 2 Shapes","floor":49,"turns":2},{"damage":21,"enemies":"SI_POISON_ARCHETYPE","floor":50,"turns":3}],"seed_played":"7510361231737359051","potions_obtained":[{"floor":3,"key":"Block Potion"},{"floor":9,"key":"sneckomod:MuddlingPotion"},{"floor":11,"key":"EssenceOfSteel"},{"floor":15,"key":"Weak Potion"},{"floor":25,"key":"SneckoOil"},{"floor":33,"key":"AttackPotion"},{"floor":47,"key":"SteroidPotion"},{"floor":48,"key":"Ancient Potion"}],"is_trial":false,"path_per_floor":["R","M","M","?","?","E","T","E","M","?","M","M","R","$","M","B",null,"R","M","$","?","?","M","T","E","?","$","?","?","R","M","M","B",null,"R","M","$","?","M","$","T","?","?","E","?","$","M","M","M","B",null],"character_chosen":"SLIMEBOUND","items_purchased":["Membership Card","expansioncontent:StudyTheSpire","Bottled Tornado","Blue Candle","Skim","Conserve Battery","HornCleat","Toxic Egg 2","Doom and Gloom","Slimebound:Prepare+1","GamblersBrew","Slimebound:SplitAcid+1","White Beast Statue","Whetstone","Slimebound:Schlurp+1","Thread and Needle","Bag of Marbles","Lee\u0027s Waffle","Slimebound:AggressiveSlimeRelic","Slimebound:SplitAcid+1","champ:Barbells"],"campfire_rested":4,"item_purchase_floors":[14,14,14,20,20,20,27,27,27,27,27,37,37,37,37,40,40,40,46,46,46],"current_hp_per_floor":[65,65,59,65,65,38,44,29,27,33,33,32,56,55,55,25,89,89,85,82,66,72,66,72,75,75,77,83,83,112,112,112,115,118,118,118,118,118,118,125,131,129,129,123,123,123,111,111,118,103],"gold":170,"neow_bonus":"","is_daily":true,"chose_seed":false,"campfire_upgraded":0,"win_rate":0.0,"timestamp":1612101323,"path_taken":["R","M","M","?","?","E","T","E","M","?","?","?","R","$","M","BOSS","R","M","$","?","?","M","T","E","?","$","?","?","R","?","M","BOSS","R","M","$","?","M","?","T","?","?","E","?","$","M","M","M","BOSS"],"items_purchased_type":["Relic","Card","Relic","Relic","Card","Card","Relic","Relic","Card","Card","Potion","Card","Relic","Relic","Card","Relic","Relic","Relic","Relic","Card","Relic"],"build_version":"2020-12-22","purchased_purges":5,"victory":true,"max_hp_per_floor":[65,65,65,71,71,71,77,77,77,83,83,83,83,83,83,89,89,89,89,89,94,100,100,106,106,106,106,112,112,112,112,112,118,118,118,118,118,118,118,125,131,131,131,131,131,131,131,137,137,143],"card_choices":[{"not_picked":["Beam Cell","Slimebound:HungryTackle","Turbo"],"picked":"SKIP","floor":2},{"not_picked":["Stack","Barrage"],"picked":"Beam Cell","floor":3},{"not_picked":["Slimebound:Recollect","Lockon"],"picked":"Slimebound:SlimeSpikes","floor":6},{"not_picked":["Slimebound:ItLooksTasty","Slimebound:SamplingLick"],"picked":"Darkness","floor":8},{"not_picked":["Loop","Slimebound:GoopTackle"],"picked":"Slimebound:AcidTongue","floor":9},{"not_picked":["Hologram","Slimebound:LeechEnergy"],"picked":"FTL","floor":11},{"not_picked":["Double Energy","Slimebound:Replication"],"picked":"Slimebound:Prepare","floor":12},{"not_picked":["Slimebound:OozeBath","Slimebound:BestDefense"],"picked":"Compile Driver","floor":14},{"not_picked":["Slimebound:PressTheAttack","Streamline"],"picked":"Conserve Battery","floor":15},{"not_picked":["All For One","Slimebound:LeechLife"],"picked":"Slimebound:CheckThePlaybook","floor":16},{"not_picked":["Rebound","Slimebound:ForwardTackle"],"picked":"Self Repair","floor":19},{"not_picked":["Compile Driver","Slimebound:Nibble+1"],"picked":"Leap","floor":20},{"not_picked":["Slimebound:TongueLash","Leap+1","Rebound"],"picked":"SKIP","floor":23},{"not_picked":["Lockon","Slimebound:Gluttony+1"],"picked":"Conserve Battery","floor":25},{"not_picked":["Go for the Eyes","Redo","Conserve Battery"],"picked":"SKIP","floor":27},{"not_picked":["Slimebound:FormOfPuddle+1","Steam+1"],"picked":"Slimebound:SplitMire+1","floor":31},{"not_picked":["Rebound","Slimebound:SlimeSpikes+1"],"picked":"Static Discharge+1","floor":32},{"not_picked":["Slimebound:Schlurp+1","Beam Cell+1"],"picked":"Slimebound:GoopSpray+1","floor":36},{"not_picked":["Loop","Static Discharge+1","Slimebound:Prepare+1"],"picked":"SKIP","floor":39},{"not_picked":["Hologram+1","Slimebound:Prepare+1","Stack+1"],"picked":"SKIP","floor":44},{"not_picked":["Sunder","Rebound+1","Slimebound:Schlurp+1"],"picked":"SKIP","floor":47},{"not_picked":["Slimebound:FirmFortitude+1","Beam Cell"],"picked":"Rip and Tear+1","floor":48},{"not_picked":["Slimebound:GrowthPunch","Ball Lightning"],"picked":"White Noise+1","floor":49}],"player_experience":502317,"relics_obtained":[{"floor":6,"key":"TungstenRod"},{"floor":7,"key":"bronze:DecasWashers"},{"floor":8,"key":"Happy Flower"},{"floor":24,"key":"hexamod:BolsterEngine"},{"floor":25,"key":"Nunchaku"},{"floor":42,"key":"Pocketwatch"},{"floor":44,"key":"Vajra"}],"event_choices":[{"damage_healed":0,"gold_gain":0,"player_choice":"Rummage","damage_taken":0,"relics_obtained":["WarpedTongs"],"max_hp_gain":0,"max_hp_loss":0,"event_name":"Accursed Blacksmith","floor":10,"gold_loss":0,"cards_obtained":["Pain"]},{"damage_healed":0,"gold_gain":0,"player_choice":"Fight","damage_taken":0,"max_hp_gain":0,"max_hp_loss":0,"event_name":"Mysterious Sphere","floor":42,"gold_loss":0},{"cards_removed":["Slimebound:AcidTongue"],"damage_healed":0,"gold_gain":0,"player_choice":"Removed Power","damage_taken":0,"max_hp_gain":0,"max_hp_loss":0,"event_name":"Falling","floor":45,"gold_loss":0}],"is_beta":false,"boss_relics":[{"not_picked":["Sozu","Coffee Dripper"],"picked":"sneckomod:SneckoTalon"},{"not_picked":["SlaversCollar","Astrolabe"],"picked":"Snecko Eye"}],"items_purged_floors":[14,20,27,37,46],"is_endless":false,"potions_floor_spawned":[3,9,11,15,16,25,33,39,42,44,47,48,49],"ascension_level":0}}