{"host":"i4d8tgqbnmcnjm0a","time":1612054496,"event":{"mods":["BaseMod","Keyboard Shortcuts","Minty Spire (QoL Compilation)"],"gold_per_floor":[211,228,228,9,21,21,38,64,64,64,87,115,115,131,131,227,227,246,260,185,3,3,32,32,47,47,47,72,85,85,96,96,197,197,215,215,226,245,10,10,44,56,118,146,188,55,92,92,92,92,92],"floor_reached":50,"language":"ENG","playtime":4952,"items_purged":["Regret","Strike_R"],"score":636,"play_id":"d5364ff0-71c8-4b53-93f6-ee64a97b8509","local_time":"20210130195456","is_ascension_mode":true,"campfire_choices":[{"data":"Armaments","floor":6,"key":"SMITH"},{"data":"Body Slam","floor":10,"key":"SMITH"},{"data":"Uppercut","floor":13,"key":"SMITH"},{"floor":15,"key":"RECALL"},{"data":"Dark Embrace","floor":24,"key":"SMITH"},{"data":"Shockwave","floor":30,"key":"SMITH"},{"data":"Body Slam","floor":32,"key":"SMITH"},{"data":"Burning Pact","floor":40,"key":"SMITH"},{"data":"Sentinel","floor":42,"key":"SMITH"},{"data":"Feel No Pain","floor":49,"key":"SMITH"}],"circlet_count":0,"master_deck":["Strike_R+1","Strike_R+1","Strike_R+1","Defend_R+1","Defend_R+1","Defend_R+1","Defend_R+1","Bash","Shrug It Off+1","Flame Barrier","Bandage Up","Armaments+1","Uppercut+1","Body Slam+1","Dark Embrace+1","Fiend Fire","Inflame+1","Body Slam+1","Feel No Pain+1","Pommel Strike+1","Sentinel+1","Pummel","Shockwave+1","Dropkick+1","Double Tap+1","Burning Pact+1","Flame Barrier+1","Burning Pact+1","Flame Barrier","Dropkick+1","Fiend Fire+1","Warcry+1"],"relics":["Burning Blood","Sling","Pocketwatch","Mercury Hourglass","Question Card","Coffee Dripper","PreservedInsect","StoneCalendar","Lantern","Black Star","OrangePellets","MawBank","Oddly Smooth Stone","Ancient Tea Set","Happy Flower","War Paint","DollysMirror","Lizard Tail","CeramicFish"],"acts_visited":["Exordium","TheCity","TheBeyond"],"potions_floor_usage":[8,23,33,41,44,47],"damage_taken":[{"damage":0,"enemies":"2 Louse","floor":1,"turns":3},{"damage":8,"enemies":"Cultist","floor":2,"turns":4},{"damage":7,"enemies":"Small Slimes","floor":5,"turns":4},{"damage":8,"enemies":"Blue Slaver","floor":7,"turns":8},{"damage":7,"enemies":"3 Sentries","floor":8,"turns":8},{"damage":2,"enemies":"Lagavulin","floor":12,"turns":4},{"damage":8,"enemies":"Looter","floor":14,"turns":2},{"damage":51,"enemies":"Slime Boss","floor":16,"turns":11},{"damage":0,"enemies":"Spheric Guardian","floor":18,"turns":3},{"damage":0,"enemies":"3 Byrds","floor":19,"turns":3},{"damage":13,"enemies":"Gremlin Leader","floor":23,"turns":6},{"damage":2,"enemies":"Snecko","floor":25,"turns":3},{"damage":6,"enemies":"Book of Stabbing","floor":28,"turns":4},{"damage":9,"enemies":"Centurion and Healer","floor":29,"turns":5},{"damage":10,"enemies":"Cultist and Chosen","floor":31,"turns":5},{"damage":25,"enemies":"Automaton","floor":33,"turns":8},{"damage":8,"enemies":"Orb Walker","floor":35,"turns":2},{"damage":10,"enemies":"3 Shapes","floor":37,"turns":5},{"damage":14,"enemies":"3 Darklings","floor":38,"turns":2},{"damage":47,"enemies":"Nemesis","floor":41,"turns":7},{"damage":1,"enemies":"Spire Growth","floor":44,"turns":3},{"damage":22,"enemies":"Reptomancer","floor":45,"turns":4},{"damage":2,"enemies":"Nemesis","floor":47,"turns":3},{"damage":78,"enemies":"Awakened One","floor":50,"turns":20}],"seed_played":"-7079172101426015569","potions_obtained":[{"floor":2,"key":"EssenceOfSteel"},{"floor":14,"key":"SmokeBomb"},{"floor":16,"key":"DistilledChaos"},{"floor":23,"key":"BloodPotion"},{"floor":25,"key":"Dexterity Potion"},{"floor":28,"key":"CultistPotion"},{"floor":37,"key":"BlessingOfTheForge"},{"floor":41,"key":"LiquidMemories"}],"is_trial":false,"path_per_floor":["M","M","?","$","M","R","M","E","T","R","T","E","R","M","R","B",null,"M","M","?","$","?","E","R","M","T","?","E","M","R","M","R","B",null,"M","?","M","M","$","R","E","R","T","M","E","$","E","?","R","B"],"character_chosen":"IRONCLAD","items_purchased":["Sling","Feel No Pain","OrangePellets","Burning Pact","DollysMirror"],"campfire_rested":0,"item_purchase_floors":[4,21,39,39,46],"current_hp_per_floor":[80,78,78,78,80,80,80,80,80,80,80,80,80,78,78,37,80,80,80,80,80,80,77,77,80,80,80,80,80,80,76,76,61,80,78,78,78,70,70,70,49,49,49,54,42,42,50,50,50,18,18],"gold":92,"neow_bonus":"HUNDRED_GOLD","is_daily":false,"chose_seed":false,"campfire_upgraded":9,"win_rate":0.0,"timestamp":1612054496,"path_taken":["M","M","?","$","?","R","M","E","T","R","?","E","R","M","R","BOSS","M","M","?","$","?","E","R","M","T","?","E","M","R","M","R","BOSS","M","?","M","?","$","R","E","R","T","M","E","$","E","?","R","BOSS"],"items_purchased_type":["Relic","Card","Relic","Card","Relic"],"build_version":"2020-12-22","purchased_purges":2,"victory":false,"max_hp_per_floor":[80,80,80,80,80,80,80,80,80,80,80,80,80,80,80,80,80,80,80,80,80,80,80,80,80,80,80,80,80,80,80,80,80,80,80,80,80,80,80,80,80,80,80,80,80,80,80,80,80,80,80],"card_choices":[{"not_picked":["Havoc","Rampage"],"picked":"Shrug It Off","floor":1},{"not_picked":["Thunderclap","Flex"],"picked":"Flame Barrier","floor":2},{"not_picked":["Battle Trance","Bloodletting"],"picked":"Armaments","floor":5},{"not_picked":["Offering","Iron Wave"],"picked":"Uppercut","floor":7},{"not_picked":["Clash","Battle Trance"],"picked":"Body Slam","floor":8},{"not_picked":["Metallicize","Cleave","Second Wind"],"picked":"SKIP","floor":12},{"not_picked":["Intimidate","Reckless Charge","Sword Boomerang"],"picked":"Dark Embrace","floor":14},{"not_picked":["Bludgeon","Brutality","Immolate"],"picked":"Fiend Fire","floor":16},{"not_picked":["Iron Wave","Thunderclap","Disarm"],"picked":"Inflame+1","floor":18},{"not_picked":["Rage+1","Headbutt","Armaments"],"picked":"Body Slam","floor":19},{"not_picked":["Iron Wave+1","Second Wind+1","Dropkick"],"picked":"Pommel Strike+1","floor":23},{"not_picked":["Hemokinesis+1","Reaper","True Grit"],"picked":"Sentinel","floor":25},{"not_picked":["Perfected Strike","Iron Wave","Sword Boomerang+1","Blood for Blood"],"picked":"SKIP","floor":28},{"not_picked":["Shrug It Off","Rampage","Clash+1"],"picked":"Shockwave","floor":29},{"not_picked":["Heavy Blade","Anger","Armaments"],"picked":"Dropkick+1","floor":31},{"not_picked":["Brutality","Corruption","Berserk"],"picked":"Double Tap","floor":33},{"not_picked":["Searing Blow","Twin Strike","Sever Soul+1","Sword Boomerang"],"picked":"SKIP","floor":35},{"not_picked":["Clothesline+1","Rage","Pommel Strike+1"],"picked":"Burning Pact","floor":37},{"not_picked":["Anger+1","Wild Strike","Warcry"],"picked":"Flame Barrier+1","floor":38},{"not_picked":["Body Slam","Iron Wave","Blood for Blood"],"picked":"Flame Barrier","floor":41},{"not_picked":["Armaments","Searing Blow","Cleave+1"],"picked":"Dropkick+1","floor":44},{"not_picked":["Feel No Pain","Thunderclap+1","Disarm","Wild Strike"],"picked":"SKIP","floor":45},{"not_picked":["Brutality","Headbutt","Clash+1"],"picked":"Warcry+1","floor":47}],"player_experience":259084,"relics_obtained":[{"floor":8,"key":"Pocketwatch"},{"floor":9,"key":"Mercury Hourglass"},{"floor":12,"key":"Question Card"},{"floor":23,"key":"PreservedInsect"},{"floor":26,"key":"StoneCalendar"},{"floor":28,"key":"Lantern"},{"floor":41,"key":"MawBank"},{"floor":41,"key":"Oddly Smooth Stone"},{"floor":43,"key":"Ancient Tea Set"},{"floor":45,"key":"Happy Flower"},{"floor":45,"key":"War Paint"},{"floor":47,"key":"Lizard Tail"},{"floor":47,"key":"CeramicFish"}],"event_choices":[{"damage_healed":0,"gold_gain":0,"player_choice":"2 cards matched","damage_taken":0,"max_hp_gain":0,"max_hp_loss":0,"event_name":"Match and Keep!","floor":3,"gold_loss":0,"cards_obtained":["Bandage Up","Regret"]},{"cards_removed":["Strike_R"],"damage_healed":0,"gold_gain":0,"player_choice":"Gave Gold","damage_taken":0,"max_hp_gain":0,"max_hp_loss":0,"event_name":"Beggar","floor":20,"gold_loss":75},{"damage_healed":0,"gold_gain":0,"player_choice":"Simplicity","damage_taken":0,"max_hp_gain":0,"max_hp_loss":0,"event_name":"Back to Basics","floor":22,"gold_loss":0,"cards_upgraded":["Strike_R","Strike_R","Strike_R","Defend_R","Defend_R","Defend_R","Defend_R"]},{"damage_healed":0,"gold_gain":0,"player_choice":"Read","damage_taken":0,"max_hp_gain":0,"max_hp_loss":0,"event_name":"The Library","floor":27,"gold_loss":0,"cards_obtained":["Pummel"]},{"damage_healed":0,"gold_gain":0,"player_choice":"Upgraded","damage_taken":0,"max_hp_gain":0,"max_hp_loss":0,"event_name":"Upgrade Shrine","floor":36,"gold_loss":0,"cards_upgraded":["Double Tap"]},{"damage_healed":0,"gold_gain":0,"player_choice":"Forge","damage_taken":0,"max_hp_gain":0,"max_hp_loss":0,"event_name":"Accursed Blacksmith","floor":48,"gold_loss":0,"cards_upgraded":["Fiend Fire"]}],"is_beta":false,"boss_relics":[{"not_picked":["Philosopher\u0027s Stone","Sozu"],"picked":"Coffee Dripper"},{"not_picked":["Cursed Key","Snecko Eye"],"picked":"Black Star"}],"items_purged_floors":[4,21],"is_endless":false,"potions_floor_spawned":[2,14,16,23,25,28,37,41],"killed_by":"Awakened One","ascension_level":2}}