{"host":"g7mkzn6qfoxkk5sz","time":1612072956,"event":{"mods":["BaseMod","Colored Map","Colored Powertips","Downfall","Hermit","Marisa????????","Minty Spire (QoL Compilation)","StSLib","The Animator","The Bug Knight","The Servant 0.9.4"],"gold_per_floor":[131,131,141,173,153,193,193,205,205,8,23,34,34,91,91,188,263,286,302,577,577,577],"floor_reached":21,"language":"ENG","playtime":1399,"items_purged":[],"score":191,"play_id":"0d4fc4d9-3ad6-42b6-9b2c-cedd9ff3629b","local_time":"20210131080236","is_ascension_mode":false,"campfire_choices":[{"data":"animator:CrowleyEusford","floor":7,"key":"SMITH"},{"data":"animator:Mitsuba","floor":13,"key":"SMITH"},{"floor":15,"key":"REST"}],"circlet_count":0,"master_deck":["animator:Strike_OwariNoSeraph","animator:Defend_OwariNoSeraph","animator:Strike","animator:Strike","animator:Strike","animator:Defend","animator:Defend+1","animator:Defend","animator:Shinoa+1","animator:Mikaela","animator:CrowleyEusford+1","animator:Gillette","animator:Archer+1","animator:Emonzaemon","animator:Mitsuba","animator:Gilgamesh+2","animator:Mitsuba+1","animator:YaoHaDucy","animator:Mitsuba","animator:ChaikaTrabant","animator:Berserker","animator:Shigure","animator:DolaSchwi","Regret"],"relics":["animator:LivingPicture","animator:TheMissingPiece","MealTicket","Mummified Hand","The Courier","Potion Belt","Tiny House"],"acts_visited":["Exordium","TheCity"],"potions_floor_usage":[6,6,10,16,16,19,19],"damage_taken":[{"damage":0,"enemies":"2 Louse","floor":1,"turns":3},{"damage":0,"enemies":"Cultist","floor":3,"turns":3},{"damage":0,"enemies":"Small Slimes","floor":4,"turns":3},{"damage":14,"enemies":"Gremlin Nob","floor":6,"turns":3},{"damage":6,"enemies":"Exordium Thugs","floor":8,"turns":3},{"damage":8,"enemies":"Large Slime","floor":11,"turns":5},{"damage":4,"enemies":"Lots of Slimes","floor":12,"turns":5},{"damage":14,"enemies":"3 Sentries","floor":14,"turns":6},{"damage":8,"enemies":"Hexaghost","floor":16,"turns":8},{"damage":16,"enemies":"Shell Parasite","floor":18,"turns":7},{"damage":27,"enemies":"3 Byrds","floor":19,"turns":6},{"damage":44,"enemies":"Centurion and Healer","floor":21,"turns":6}],"seed_played":"-4068016107077821367","potions_obtained":[{"floor":1,"key":"Fire Potion"},{"floor":4,"key":"Fire Potion"},{"floor":5,"key":"Block Potion"},{"floor":11,"key":"Ancient Potion"},{"floor":17,"key":"Swift Potion"},{"floor":18,"key":"BlessingOfTheForge"},{"floor":19,"key":"SkillPotion"}],"is_trial":false,"path_per_floor":["M","?","M","M","?","E","R","M","T","$","M","M","R","E","R","B",null,"M","M","?","M"],"character_chosen":"THE_ANIMATOR","items_purchased":["animator:Gilgamesh","Fruit Juice"],"campfire_rested":1,"item_purchase_floors":[10,10],"current_hp_per_floor":[66,53,53,53,53,39,39,34,34,54,46,42,42,28,49,41,78,62,35,35,0,0],"gold":577,"neow_bonus":"RANDOM_COMMON_RELIC","is_daily":false,"chose_seed":false,"campfire_upgraded":2,"win_rate":0.0,"timestamp":1612072956,"path_taken":["M","?","M","M","?","E","R","M","T","$","M","M","R","E","R","BOSS","M","?","?","M"],"items_purchased_type":["Card","Potion"],"build_version":"2020-12-22","purchased_purges":0,"victory":false,"max_hp_per_floor":[66,66,66,66,66,66,66,67,67,72,72,72,72,72,72,72,78,78,78,78,78,78],"card_choices":[{"not_picked":["animator:Tyuule","animator:ElricAlphonse"],"picked":"animator:CrowleyEusford","floor":1},{"not_picked":["animator:ElricAlphonse","animator:Gluttony"],"picked":"animator:Gillette","floor":3},{"not_picked":["animator:ZankiKiguchi","animator:Arpeggio"],"picked":"animator:Archer","floor":4},{"not_picked":["animator:UneriGinkaku","animator:Azekura"],"picked":"animator:Emonzaemon","floor":6},{"not_picked":["animator:Tyuule","animator:DolaRiku"],"picked":"animator:Mitsuba","floor":8},{"not_picked":["animator:PinaCoLada","animator:ElricAlphonse"],"picked":"animator:Mitsuba","floor":11},{"not_picked":["animator:ZankiKiguchi","animator:UneriGinkaku"],"picked":"animator:YaoHaDucy","floor":12},{"not_picked":["animator:Mikaela","animator:CrowleyEusford"],"picked":"animator:Mitsuba","floor":14},{"not_picked":["animator:Biyorigo","animator:Sora"],"picked":"animator:ChaikaTrabant","floor":16},{"not_picked":["animator:Mitsuba","animator:FielNirvalen"],"picked":"animator:Berserker","floor":17},{"not_picked":["animator:UneriGinkaku","animator:SakuraMatou"],"picked":"animator:Shigure","floor":18},{"not_picked":["animator:RinTohsaka","animator:ElricAlphonse"],"picked":"animator:DolaSchwi","floor":19}],"player_experience":438248,"relics_obtained":[{"floor":6,"key":"Mummified Hand"},{"floor":9,"key":"The Courier"},{"floor":14,"key":"Potion Belt"}],"event_choices":[{"damage_healed":0,"gold_gain":0,"player_choice":"Entered Light","damage_taken":13,"max_hp_gain":0,"max_hp_loss":0,"event_name":"Shining Light","floor":2,"gold_loss":0,"cards_upgraded":["animator:Shinoa","animator:Defend"]},{"damage_healed":0,"gold_gain":0,"player_choice":"Bought 1 Potion","damage_taken":0,"max_hp_gain":0,"max_hp_loss":0,"event_name":"The Woman in Blue","floor":5,"gold_loss":0},{"damage_healed":0,"gold_gain":275,"player_choice":"Desecrate","damage_taken":0,"max_hp_gain":0,"max_hp_loss":0,"event_name":"Golden Shrine","floor":20,"gold_loss":0,"cards_obtained":["Regret"]}],"is_beta":false,"boss_relics":[{"not_picked":["Sozu","Empty Cage"],"picked":"Tiny House"}],"items_purged_floors":[],"is_endless":false,"potions_floor_spawned":[1,4,11,18,19],"killed_by":"Centurion and Healer","ascension_level":0}}