{"host":"qy6st0zp32tctd9l","time":1612096970,"event":{"mods":["BaseMod","Colored Map","Downfall","GifTheSpireLib","Hermit","Marisa£®ÏF”Í°°ƒß¿Ì…≥£©","Minty Spire (QoL Compilation)","Remilia£®¿Ÿ√◊¿Ú—«£©","StSLib","The Cursed","The Servant 0.9.4","UnlockEverythingMod"],"gold_per_floor":[218,104,114,132,32,66,46,79,151,161,236,236,30,62,62,160,160,176,136,148,168,21,56,56,56,56,56,67,92,109,109,109,209,209,227,242,242,242,262,291,60,72,72,101,119,167,167,179,179,179,179,179,99,133,133,133],"floor_reached":55,"language":"ZHS","playtime":2679,"items_purged":["Strike_S","Strike_S","Strike_S"],"score":1449,"play_id":"b2beed7e-a0a6-4468-82ee-11f491f6f687","local_time":"20210131204250","is_ascension_mode":true,"campfire_choices":[{"floor":12.0,"key":"RECALL"},{"data":"Initiator","floor":15.0,"key":"SMITH"},{"data":"SilverBlades","floor":24.0,"key":"SMITH"},{"data":"DualDimension","floor":27.0,"key":"SMITH"},{"data":"BestPractice","floor":32.0,"key":"SMITH"},{"data":"BottledTime","floor":49.0,"key":"SMITH"},{"data":"BottledTime","floor":52.0,"key":"SMITH"}],"circlet_count":0,"master_deck":["Strike_S","Defend_S","Defend_S","Defend_S","KidneyShot+1","Exchange","InstantArmor","SilverBlades+1","ShatteredReality","Moonlight","InstantArmor","BottledTime+1","Contraction+1","Initiator+1","DualDimension+1","TheWorld","TimeTheft+1","BottledTime","TheWorld","DualDimension+1","SpecialFormula","BestPractice+1","FlawlessForm","DancingSilver+1","SilverMatrix","GearUp","BottledTime+1","Alleviate+1","SilverBlades"],"relics":["Uniform","Incense Burner","Omamori","Mummified Hand","Kunai","Calling Bell","Lantern","Pantograph","FossilizedHelix","DollysMirror","Boot","Singing Bowl","SacredBark","Shuriken","Happy Flower","Gambling Chip","Darkstone Periapt","ScarletDevilRocket","Gremlin Horn"],"acts_visited":["Exordium","TheCity","TheBeyond","TheEnding"],"potions_floor_usage":[55,55,55],"damage_taken":[{"damage":0.0,"enemies":"Cultist","floor":1.0,"turns":4.0},{"damage":0.0,"enemies":"Jaw Worm","floor":3.0,"turns":4.0},{"damage":0.0,"enemies":"Small Slimes","floor":4.0,"turns":3.0},{"damage":0.0,"enemies":"Lagavulin","floor":6.0,"turns":4.0},{"damage":0.0,"enemies":"Gremlin Nob","floor":8.0,"turns":3.0},{"damage":2.0,"enemies":"Red Slaver","floor":10.0,"turns":2.0},{"damage":0.0,"enemies":"Lagavulin","floor":14.0,"turns":7.0},{"damage":0.0,"enemies":"Hexaghost","floor":16.0,"turns":9.0},{"damage":0.0,"enemies":"Shell Parasite","floor":18.0,"turns":3.0},{"damage":0.0,"enemies":"Spheric Guardian","floor":20.0,"turns":4.0},{"damage":0.0,"enemies":"Shelled Parasite and Fungi","floor":21.0,"turns":3.0},{"damage":0.0,"enemies":"Gremlin Leader","floor":23.0,"turns":2.0},{"damage":0.0,"enemies":"3 Cultists","floor":28.0,"turns":3.0},{"damage":0.0,"enemies":"Book of Stabbing","floor":29.0,"turns":4.0},{"damage":0.0,"enemies":"Snecko","floor":30.0,"turns":5.0},{"damage":24.0,"enemies":"Champ","floor":33.0,"turns":12.0},{"damage":0.0,"enemies":"Orb Walker","floor":35.0,"turns":3.0},{"damage":0.0,"enemies":"3 Darklings","floor":36.0,"turns":9.0},{"damage":0.0,"enemies":"Writhing Mass","floor":39.0,"turns":8.0},{"damage":0.0,"enemies":"Reptomancer","floor":40.0,"turns":9.0},{"damage":0.0,"enemies":"Sphere and 2 Shapes","floor":42.0,"turns":4.0},{"damage":0.0,"enemies":"Nemesis","floor":44.0,"turns":9.0},{"damage":0.0,"enemies":"3 Darklings","floor":45.0,"turns":4.0},{"damage":0.0,"enemies":"Maw","floor":48.0,"turns":6.0},{"damage":0.0,"enemies":"Donu and Deca","floor":50.0,"turns":10.0},{"damage":0.0,"enemies":"Shield and Spear","floor":54.0,"turns":6.0},{"damage":20,"enemies":"The Heart","floor":55,"turns":11}],"seed_played":"-8411161596609288197","potions_obtained":[{"floor":1.0,"key":"PowerPotion"},{"floor":4.0,"key":"DistilledChaos"},{"floor":7.0,"key":"bronze:BurnAndBuffPotion"},{"floor":8.0,"key":"LiquidBronze"},{"floor":10.0,"key":"GamblersBrew"},{"floor":16.0,"key":"EntropicBrew"},{"floor":21.0,"key":"SneckoOil"},{"floor":23.0,"key":"ColorlessPotion"},{"floor":39.0,"key":"Strength Potion"},{"floor":45.0,"key":"Swift Potion"},{"floor":48.0,"key":"Strength Potion"},{"floor":54.0,"key":"Guardian:BlockOnCardUsePotion"}],"is_trial":false,"path_per_floor":["M","$","M","M","$","E","?","E","T","M","?","R","$","E","R","B",null,"M","?","M","M","$","E","R","?","T","R","M","E","M","$","R","B",null,"M","M","?","?","M","E","$","M","T","E","M","T","?","M","R","B",null,"R","$","E","B"],"character_chosen":"THE_SERVANT","items_purchased":["SilverBlades","Initiator","DollysMirror","GearUp","Happy Flower","SilverBlades"],"campfire_rested":0,"item_purchase_floors":[2,13,22,41,41,53],"current_hp_per_floor":[59,59,59,59,59,59,59,59,59,57,51,51,51,51,51,51,62,62,62,62,62,62,62,62,62,62,62,62,62,65,65,65,41,59,64,67,67,67,69,69,69,69,69,71,73,73,66,71,71,73,73,73,73,75,57,57],"gold":133,"neow_bonus":"HUNDRED_GOLD","is_daily":false,"chose_seed":false,"campfire_upgraded":6,"win_rate":0.0,"timestamp":1612096970,"path_taken":["M","$","M","M","$","E","?","E","T","?","?","R","?","E","R","BOSS","M","?","?","M","$","E","R","?","T","R","M","E","M","?","R","BOSS","M","M","?","?","?","E","$","M","T","E","M","?","?","?","R","BOSS","R","$","E","BOSS"],"items_purchased_type":["Card","Card","Relic","Card","Relic","Card"],"build_version":"2020-12-22","purchased_purges":3,"victory":false,"max_hp_per_floor":[65,65,65,65,65,65,65,65,65,65,65,65,65,65,65,65,65,65,65,65,65,65,65,65,65,65,65,65,65,65,65,65,65,65,65,67,67,67,69,69,69,69,69,71,73,73,73,73,73,73,73,73,73,75,75,75],"card_choices":[{"not_picked":["TimeTheft","Contraction"],"picked":"InstantArmor","floor":1.0},{"not_picked":["Defy","Revamp"],"picked":"ShatteredReality","floor":3.0},{"not_picked":["Starlight","Reset"],"picked":"Moonlight","floor":4.0},{"not_picked":["Defy","GearUp"],"picked":"InstantArmor","floor":6.0},{"not_picked":["Moonlight","Starlight"],"picked":"BottledTime","floor":8.0},{"not_picked":["DualDimension","Rewind"],"picked":"Contraction","floor":10.0},{"not_picked":["DualDimension","ShatteredReality","Rewind"],"picked":"SKIP","floor":14.0},{"not_picked":["ShatteredReality","Rewind"],"picked":"DualDimension","floor":14.0},{"not_picked":["Embodiment","KillingDoll"],"picked":"TheWorld","floor":16.0},{"not_picked":["Replace","Spin","Starlight"],"picked":"SKIP","floor":18.0},{"not_picked":["Rearm","Unruled"],"picked":"TimeTheft+1","floor":20.0},{"not_picked":["Read","Unruled"],"picked":"BottledTime","floor":21.0},{"not_picked":["Starlight+1","Initiator","Desolation"],"picked":"SKIP","floor":23.0},{"not_picked":["SurpressingFire","Rearm"],"picked":"DualDimension+1","floor":28.0},{"not_picked":["Replace","Ricochet"],"picked":"SpecialFormula","floor":29.0},{"not_picked":["Replace","WasteNot"],"picked":"BestPractice","floor":30.0},{"not_picked":["Embodiment","Dilation"],"picked":"FlawlessForm","floor":33.0},{"not_picked":["Ricochet","Defy"],"picked":"DancingSilver+1","floor":35.0},{"not_picked":["Defy+1","Unruled+1","ShatteredReality+1"],"picked":"Singing Bowl","floor":36.0},{"not_picked":["ReturningBlade","Ricochet+1","Unruled"],"picked":"Singing Bowl","floor":39.0},{"not_picked":["Ricochet","Potential"],"picked":"SilverMatrix","floor":40.0},{"not_picked":["ReturningBlade+1","Starlight+1"],"picked":"BottledTime","floor":42.0},{"not_picked":["GearUp","Revamp","FanOfKnives"],"picked":"Singing Bowl","floor":44.0},{"not_picked":["ShatteredReality","Unruled+1","Starlight+1"],"picked":"Singing Bowl","floor":45.0},{"not_picked":["Starlight+1","Spin+1"],"picked":"Alleviate+1","floor":48.0},{"not_picked":["DoubleEdge+1","Contraction+1","Reset"],"picked":"Singing Bowl","floor":54.0}],"player_experience":192079,"relics_obtained":[{"floor":6.0,"key":"Incense Burner"},{"floor":8.0,"key":"Omamori"},{"floor":9.0,"key":"Mummified Hand"},{"floor":14.0,"key":"Kunai"},{"floor":17.0,"key":"Lantern"},{"floor":17.0,"key":"Pantograph"},{"floor":17.0,"key":"FossilizedHelix"},{"floor":23.0,"key":"Boot"},{"floor":29.0,"key":"Singing Bowl"},{"floor":40.0,"key":"Shuriken"},{"floor":43.0,"key":"Gambling Chip"},{"floor":44.0,"key":"Darkstone Periapt"},{"floor":46.0,"key":"ScarletDevilRocket"},{"floor":54.0,"key":"Gremlin Horn"}],"event_choices":[{"damage_healed":0.0,"max_hp_gain":0.0,"max_hp_loss":0.0,"gold_gain":0.0,"event_name":"The Woman in Blue","player_choice":"Bought 1 Potion","floor":7.0,"gold_loss":0.0,"damage_taken":0.0},{"damage_healed":0.0,"max_hp_gain":0.0,"max_hp_loss":0.0,"gold_gain":75.0,"event_name":"FaceTrader","player_choice":"Touch","floor":11.0,"gold_loss":0.0,"damage_taken":6.0},{"damage_healed":0.0,"max_hp_gain":0.0,"max_hp_loss":0.0,"gold_gain":0.0,"event_name":"Designer","player_choice":"Upgraded Two","floor":19.0,"gold_loss":40.0,"damage_taken":0.0,"cards_upgraded":["KidneyShot","Contraction"]},{"damage_healed":0.0,"max_hp_gain":0.0,"max_hp_loss":0.0,"gold_gain":0.0,"event_name":"Ghosts","player_choice":"Ignored","floor":25.0,"gold_loss":0.0,"damage_taken":0.0},{"cards_removed":["Defend_S"],"damage_healed":0.0,"max_hp_gain":0.0,"max_hp_loss":0.0,"gold_gain":0.0,"event_name":"Falling","player_choice":"Removed Skill","floor":37.0,"gold_loss":0.0,"damage_taken":0.0},{"damage_healed":0.0,"max_hp_gain":0.0,"max_hp_loss":0.0,"gold_gain":0.0,"event_name":"SecretPortal","player_choice":"Ignored","floor":38.0,"gold_loss":0.0,"damage_taken":0.0},{"damage_healed":0.0,"max_hp_gain":0.0,"max_hp_loss":0.0,"gold_gain":0.0,"event_name":"Wheel of Change","player_choice":"Damaged","floor":47.0,"gold_loss":0.0,"damage_taken":7.0}],"is_beta":false,"boss_relics":[{"not_picked":["Coffee Dripper","SlaversCollar"],"picked":"Calling Bell"},{"not_picked":["Velvet Choker","Pandora\u0027s Box"],"picked":"SacredBark"}],"items_purged_floors":[2,5,13],"is_endless":false,"potions_floor_spawned":[1,4,8,10,16,21,23,28,33,39,40,45,48,54],"killed_by":"The Heart","ascension_level":8}}