{"host":"zk71suw73lg2r165","time":1612111072,"event":{"mods":["BaseMod","Colored Map","Minty Spire (QoL Compilation)","Permanent Neow","Relic Stats","StSLib"],"gold_per_floor":[118,135,100,112,132,132,132],"floor_reached":6,"language":"ENG","playtime":172,"items_purged":[],"score":76,"play_id":"56468d0e-c2cf-47b0-a721-13d91ae2bafa","local_time":"20210131113752","is_ascension_mode":true,"campfire_choices":[],"circlet_count":0,"master_deck":["AscendersBane","Strike_B","Strike_B","Strike_B","Strike_B","Defend_B","Defend_B","Defend_B","Defend_B","Zap","Dualcast","CurseOfTheBell","Turbo","Coolheaded","Echo Form","Compile Driver"],"relics":["Calling Bell","Potion Belt","Pantograph","Ice Cream"],"acts_visited":["Exordium"],"potions_floor_usage":[2,5],"damage_taken":[{"damage":8,"enemies":"Small Slimes","floor":1,"turns":3},{"damage":19,"enemies":"Jaw Worm","floor":2,"turns":4},{"damage":6,"enemies":"Cultist","floor":4,"turns":4},{"damage":6,"enemies":"Looter","floor":5,"turns":5},{"damage":47,"enemies":"Gremlin Nob","floor":6,"turns":3}],"seed_played":"-320731592999326755","potions_obtained":[{"floor":1,"key":"LiquidMemories"},{"floor":2,"key":"AttackPotion"}],"is_trial":false,"path_per_floor":["M","M","?","M","M","E"],"character_chosen":"DEFECT","items_purchased":[],"campfire_rested":0,"item_purchase_floors":[],"current_hp_per_floor":[56,37,54,48,42,0,0],"gold":132,"neow_bonus":"BOSS_RELIC","is_daily":false,"chose_seed":false,"campfire_upgraded":0,"win_rate":0.0,"timestamp":1612111072,"path_taken":["M","M","?","M","M","E"],"items_purchased_type":[],"build_version":"2020-12-22","purchased_purges":0,"victory":false,"max_hp_per_floor":[71,71,71,71,71,71,71],"relic_stats":{"counters":[5,19],"Pantograph":0,"obtain_stats":[{"Calling Bell":0,"Potion Belt":0,"Ice Cream":0,"Pantograph":0,"Cracked Core":0},{"Calling Bell":0,"Potion Belt":0,"Ice Cream":0,"Pantograph":0,"Cracked Core":0},{"Calling Bell":0,"Potion Belt":0,"Ice Cream":0,"Pantograph":0,"Cracked Core":0}]},"card_choices":[{"not_picked":["Go for the Eyes","Heatsinks"],"picked":"Turbo","floor":1},{"not_picked":["Steam","Capacitor"],"picked":"Coolheaded","floor":2},{"not_picked":["Redo","Steam"],"picked":"Echo Form","floor":4},{"not_picked":["Turbo","Loop"],"picked":"Compile Driver","floor":5}],"player_experience":1430178,"relics_obtained":[{"floor":0,"key":"Potion Belt"},{"floor":0,"key":"Pantograph"},{"floor":0,"key":"Ice Cream"}],"event_choices":[{"damage_healed":17,"gold_gain":0,"player_choice":"Healed","damage_taken":0,"max_hp_gain":0,"max_hp_loss":0,"event_name":"The Cleric","floor":3,"gold_loss":35}],"is_beta":false,"boss_relics":[],"items_purged_floors":[],"is_endless":false,"potions_floor_spawned":[1,2],"killed_by":"Gremlin Nob","ascension_level":20}}