{"host":"lix655q3qm1o3wym","time":1612125295,"event":{"mods":["Act Like it!","BaseMod","Colored Powertips","Downfall","Minty Spire (QoL Compilation)","StSLib"],"gold_per_floor":[117,117,132,132,151,151,167,167,167,186,186,200,200,200,200],"floor_reached":14,"language":"ENG","playtime":540,"items_purged":[],"score":90,"play_id":"d8d0bf6c-02b5-4a43-abfa-72a86bc4f953","local_time":"20210131133455","is_ascension_mode":true,"campfire_choices":[{"data":"Eruption","floor":6,"key":"SMITH"},{"data":"Pray","floor":8,"key":"SMITH"},{"data":"Omniscience","floor":13,"key":"SMITH"}],"circlet_count":0,"master_deck":["Strike_P","Strike_P","Strike_P","Strike_P","Defend_P","Defend_P","Defend_P","Defend_P","Eruption+1","Vigilance","PathToVictory","SandsOfTime","Regret","EmptyFist","Pray+1","Omniscience+1"],"relics":["PureWater","NeowsBlessing","Ornamental Fan","Mummified Hand","MealTicket"],"acts_visited":["Exordium"],"potions_floor_usage":[14],"damage_taken":[{"damage":0,"enemies":"2 Louse","floor":1,"turns":1},{"damage":0,"enemies":"Cultist","floor":3,"turns":1},{"damage":0,"enemies":"Jaw Worm","floor":5,"turns":1},{"damage":3,"enemies":"Looter","floor":7,"turns":2},{"damage":5,"enemies":"3 Louse","floor":10,"turns":2},{"damage":18,"enemies":"Exordium Wildlife","floor":12,"turns":3},{"damage":50,"enemies":"3 Sentries","floor":14,"turns":8}],"seed_played":"3261683689905632852","potions_obtained":[{"floor":2,"key":"sneckomod:MuddlingPotion"},{"floor":2,"key":"LiquidBronze"},{"floor":2,"key":"StancePotion"},{"floor":7,"key":"Block Potion"},{"floor":10,"key":"CultistPotion"}],"is_trial":false,"path_per_floor":["M","?","M","?","M","R","M","R","T","M","?","M","R","E"],"character_chosen":"WATCHER","items_purchased":[],"campfire_rested":0,"item_purchase_floors":[],"current_hp_per_floor":[72,72,72,72,72,72,69,69,69,64,61,43,43,0,0],"gold":200,"neow_bonus":"THREE_ENEMY_KILL","is_daily":false,"chose_seed":false,"campfire_upgraded":3,"win_rate":0.0,"timestamp":1612125295,"path_taken":["M","?","?","?","M","R","M","R","T","M","?","M","R","E"],"items_purchased_type":[],"build_version":"2020-12-22","purchased_purges":0,"victory":false,"max_hp_per_floor":[72,72,72,72,72,72,72,72,72,72,72,72,72,72,72],"card_choices":[{"not_picked":["FlurryOfBlows","CrushJoints"],"picked":"PathToVictory","floor":1},{"not_picked":["SashWhip","Meditate"],"picked":"SandsOfTime","floor":3},{"not_picked":["Protect","SandsOfTime"],"picked":"EmptyFist","floor":5},{"not_picked":["Worship","SandsOfTime"],"picked":"Pray","floor":7},{"not_picked":["WindmillStrike","SandsOfTime","BowlingBash"],"picked":"SKIP","floor":10},{"not_picked":["Wallop","ThirdEye"],"picked":"Omniscience","floor":12}],"player_experience":590911,"relics_obtained":[{"floor":9,"key":"Mummified Hand"}],"event_choices":[{"damage_healed":0,"gold_gain":0,"player_choice":"Got Potions","damage_taken":0,"max_hp_gain":0,"max_hp_loss":0,"event_name":"Lab","floor":2,"gold_loss":0},{"damage_healed":0,"gold_gain":0,"player_choice":"Box","damage_taken":0,"relics_obtained":["Ornamental Fan"],"max_hp_gain":0,"max_hp_loss":0,"event_name":"Big Fish","floor":4,"gold_loss":0,"cards_obtained":["Regret"]},{"damage_healed":0,"gold_gain":0,"player_choice":"Success","damage_taken":3,"relics_obtained":["MealTicket"],"max_hp_gain":0,"max_hp_loss":0,"event_name":"Scrap Ooze","floor":11,"gold_loss":0}],"is_beta":false,"boss_relics":[],"items_purged_floors":[],"is_endless":false,"potions_floor_spawned":[5,7,10],"killed_by":"3 Sentries","ascension_level":2}}