{"host":"l3qq6dhgi17n1wbp","time":1612095554,"event":{"mods":["BaseMod","Colored Map","Minty Spire (QoL Compilation)","SuperFastMode"],"gold_per_floor":[119,69,69,79,99,124,1,30,30,30,61,61,75,94,94,191,191,203,128,28,46,56,56,56,56],"floor_reached":24,"language":"KOR","playtime":616,"items_purged":["Strike_G","Strike_G"],"score":270,"play_id":"2f13b573-17ee-4d57-af6d-2a8fca1730e4","local_time":"20210131211914","is_ascension_mode":true,"campfire_choices":[{"data":"Poisoned Stab","floor":10,"key":"SMITH"},{"floor":12,"key":"REST"},{"floor":15,"key":"REST"},{"floor":23,"key":"REST"}],"circlet_count":0,"master_deck":["Strike_G","Defend_G","Defend_G","Defend_G","Defend_G","Defend_G","Survivor","Neutralize","Poisoned Stab+1","After Image","Bane","Noxious Fumes","Bane","Backflip","PiercingWail","A Thousand Cuts","Cloak And Dagger","Prepared+1"],"relics":["Ring of the Snake","NeowsBlessing","Kunai","Pantograph","Pear","PreservedInsect","Philosopher\u0027s Stone"],"acts_visited":["Exordium","TheCity"],"potions_floor_usage":[8,16,16,21],"damage_taken":[{"damage":0,"enemies":"2 Louse","floor":1,"turns":1},{"damage":0,"enemies":"Cultist","floor":4,"turns":1},{"damage":0,"enemies":"Jaw Worm","floor":5,"turns":1},{"damage":23,"enemies":"Gremlin Nob","floor":6,"turns":5},{"damage":1,"enemies":"3 Sentries","floor":8,"turns":8},{"damage":26,"enemies":"Gremlin Nob","floor":11,"turns":4},{"damage":1,"enemies":"Blue Slaver","floor":13,"turns":5},{"damage":0,"enemies":"Looter","floor":14,"turns":4},{"damage":25,"enemies":"The Guardian","floor":16,"turns":8},{"damage":13,"enemies":"Shell Parasite","floor":18,"turns":7},{"damage":6,"enemies":"3 Byrds","floor":21,"turns":5},{"damage":45,"enemies":"Cultist and Chosen","floor":22,"turns":8},{"damage":36,"enemies":"Slavers","floor":24,"turns":3}],"seed_played":"9047517635870719969","potions_obtained":[{"floor":8,"key":"FearPotion"},{"floor":11,"key":"Strength Potion"},{"floor":14,"key":"Block Potion"},{"floor":21,"key":"SteroidPotion"}],"is_trial":false,"path_per_floor":["M","?","?","M","M","E","$","E","T","R","E","R","M","M","R","B",null,"M","?","$","M","M","R","E"],"character_chosen":"THE_SILENT","items_purchased":["BlessingOfTheForge"],"campfire_rested":3,"item_purchase_floors":[7],"current_hp_per_floor":[70,70,70,70,70,47,47,46,56,56,30,54,53,53,77,55,74,61,61,61,55,10,34,0,0],"gold":56,"neow_bonus":"THREE_ENEMY_KILL","is_daily":false,"chose_seed":false,"campfire_upgraded":1,"win_rate":0.0,"timestamp":1612095554,"path_taken":["M","?","?","?","M","E","?","E","T","R","E","R","M","M","R","BOSS","M","?","$","M","M","R","E"],"items_purchased_type":["Potion"],"build_version":"2020-12-22","purchased_purges":2,"victory":false,"max_hp_per_floor":[70,70,70,70,70,70,70,70,80,80,80,80,80,80,80,80,80,80,80,80,80,80,80,80,80],"card_choices":[{"not_picked":["Deadly Poison","Expertise"],"picked":"Poisoned Stab","floor":1},{"not_picked":["Deadly Poison","Outmaneuver"],"picked":"Bane","floor":4},{"not_picked":["Underhanded Strike","Prepared","Setup"],"picked":"SKIP","floor":5},{"not_picked":["Bane","Phantasmal Killer"],"picked":"Noxious Fumes","floor":6},{"not_picked":["Underhanded Strike","Finisher"],"picked":"Bane","floor":8},{"not_picked":["Dagger Spray","Dash"],"picked":"Backflip","floor":11},{"not_picked":["Skewer","Dagger Throw"],"picked":"PiercingWail","floor":13},{"not_picked":["Footwork","Reflex","Dagger Spray"],"picked":"SKIP","floor":14},{"not_picked":["Doppelganger","Malaise"],"picked":"A Thousand Cuts","floor":16},{"not_picked":["Predator+1","Sucker Punch"],"picked":"Cloak And Dagger","floor":18},{"not_picked":["Quick Slash","Flying Knee"],"picked":"Prepared+1","floor":21},{"not_picked":["Crippling Poison","Heel Hook","Acrobatics"],"picked":"SKIP","floor":22}],"player_experience":227827,"relics_obtained":[{"floor":6,"key":"Kunai"},{"floor":8,"key":"Pantograph"},{"floor":9,"key":"Pear"},{"floor":11,"key":"PreservedInsect"}],"event_choices":[{"cards_removed":["Strike_G"],"damage_healed":0,"gold_gain":0,"player_choice":"Card Removal","damage_taken":0,"max_hp_gain":0,"max_hp_loss":0,"event_name":"The Cleric","floor":2,"gold_loss":50},{"damage_healed":0,"gold_gain":0,"player_choice":"1 cards matched","damage_taken":0,"max_hp_gain":0,"max_hp_loss":0,"event_name":"Match and Keep!","floor":3,"gold_loss":0,"cards_obtained":["After Image"]},{"cards_removed":["Strike_G"],"damage_healed":0,"gold_gain":0,"player_choice":"Gave Gold","damage_taken":0,"max_hp_gain":0,"max_hp_loss":0,"event_name":"Beggar","floor":19,"gold_loss":75}],"is_beta":false,"boss_relics":[{"not_picked":["Velvet Choker","Ring of the Serpent"],"picked":"Philosopher\u0027s Stone"}],"items_purged_floors":[7,20],"is_endless":false,"potions_floor_spawned":[8,11,14,21],"killed_by":"Slavers","ascension_level":5}}