{"host":"815dqs41i1y8uxms","time":1612101414,"event":{"mods":["A Penny For Your Troubles","Act Like it!","BaseMod","Dark Map","Elementarium","Fox Events","Minty Spire (QoL Compilation)","Rare Cards Sparkle","Shop Mod","Spire Arcade","StSLib","The Marked"],"gold_per_floor":[365,365,419,429,439,439,464,539,539,539,504,504,504,32,32,135,135,154,25,29,43,43,43,55,55,78,78,93,93,93,119,119,215,215,228,228,238,238,238],"floor_reached":38,"language":"ENG","playtime":2237,"items_purged":[],"score":488,"play_id":"c52b1095-fa57-4b1f-8554-6ce032449e65","local_time":"20210131145654","is_ascension_mode":false,"campfire_choices":[{"data":"theMarked:SoldierOfQuellstein","floor":6,"key":"SMITH"},{"floor":10,"key":"RECALL"},{"data":"theMarked:MysticalArsenal","floor":13,"key":"SMITH"},{"data":"theMarked:Toughness","floor":15,"key":"SMITH"},{"data":"Bandage Up","floor":23,"key":"SMITH"},{"floor":25,"key":"REST"},{"data":"theMarked:TakeOffHeels","floor":27,"key":"SMITH"},{"floor":29,"key":"REST"},{"data":"Elementarium:WindblessedBlade","floor":32,"key":"SMITH"}],"circlet_count":0,"master_deck":["theMarked:Strike","theMarked:Strike","theMarked:Strike","theMarked:Strike","theMarked:Strike","theMarked:Defend","theMarked:Defend","theMarked:Defend","theMarked:Defend","theMarked:SoldierOfQuellstein+1","theMarked:Frustration","theMarked:BanishingStrike","theMarked:PowerFlow","theMarked:MysticalArsenal+1","theMarked:Toughness+1","theMarked:Memento","theMarked:ShockingTouch","theMarked:TakeOffHeels+1","theMarked:WardOff","theMarked:Frustration","theMarked:GodGivenPower","theMarked:WardOff","theMarked:Heritage","theMarked:Generate","Dark Shackles","Bandage Up+1","theMarked:RepellingDischarge+1","theMarked:MysticalArsenal","Elementarium:WindblessedBlade+1","theMarked:Polarize+1","theMarked:ThrowWeapon","theMarked:EmpowerWeapon+1","theMarked:Maelstrom+1"],"relics":["theMarked:ArtifactOfAir","Bronze Scales","StrikeDummy","Pantograph","MerchantsRug","theMarked:Eyepatch","Akabeko","Elementarium:ElementariumTrophy","SacredBark"],"acts_visited":["Exordium","Elementarium:Elementarium","TheBeyond"],"potions_floor_usage":[7,20,21,28,31,38,38],"damage_taken":[{"damage":2,"enemies":"2 Louse","floor":1,"turns":3},{"damage":3,"enemies":"Jaw Worm","floor":4,"turns":3},{"damage":0,"enemies":"Small Slimes","floor":5,"turns":2},{"damage":8,"enemies":"3 Sentries","floor":7,"turns":4},{"damage":0,"enemies":"Slime Boss","floor":16,"turns":5},{"damage":1,"enemies":"Elementarium:2_ELEMENTALS","floor":18,"turns":4},{"damage":16,"enemies":"Elementarium:MUD_AND_TAR_GOLEMS","floor":21,"turns":4},{"damage":20,"enemies":"Elementarium:VOID_CORRUPTION_AND_ORB_OF_FIRE","floor":24,"turns":4},{"damage":15,"enemies":"Elementarium:Hydrostalker","floor":28,"turns":7},{"damage":23,"enemies":"Elementarium:ElementalPortal","floor":31,"turns":6},{"damage":0,"enemies":"Elementarium:GolemEmperor","floor":33,"turns":11},{"damage":1,"enemies":"3 Shapes","floor":35,"turns":6},{"damage":0,"enemies":"Orb Walker","floor":37,"turns":4},{"damage":86,"enemies":"2 Orb Walkers","floor":38,"turns":5}],"seed_played":"1780444623159157105","potions_obtained":[{"floor":5,"key":"AttackPotion"},{"floor":16,"key":"Block Potion"},{"floor":18,"key":"EntropicBrew"},{"floor":21,"key":"Block Potion"},{"floor":33,"key":"EssenceOfSteel"},{"floor":37,"key":"PowerPotion"}],"is_trial":false,"path_per_floor":["M","?","T","M","M","R","E","?","T","R","?","?","R","$","R","B",null,"M","$","$","M","?","R","M","R","T","R","M","R","?","E","R","B",null,"M","?","M","?"],"character_chosen":"THE_DEFAULT","items_purchased":["MerchantsRug","theMarked:Toughness","theMarked:Memento","Regen Potion","theMarked:ShockingTouch","theMarked:Frustration","theMarked:GodGivenPower","theMarked:WardOff","theMarked:Heritage"],"campfire_rested":2,"item_purchase_floors":[14,14,14,14,14,19,19,19,20],"current_hp_per_floor":[68,73,73,70,70,70,62,51,51,51,69,69,69,69,69,75,75,74,74,74,58,58,58,44,66,66,66,51,73,73,56,56,75,75,74,75,75,0,0],"gold":238,"neow_bonus":"TWO_FIFTY_GOLD","is_daily":false,"chose_seed":false,"campfire_upgraded":6,"win_rate":0.0,"timestamp":1612101414,"path_taken":["M","?","?","M","M","R","E","?","T","R","?","?","R","$","R","BOSS","M","?","$","M","?","R","M","R","T","R","M","R","?","E","R","BOSS","M","?","M","?"],"items_purchased_type":["Relic","Card","Card","Potion","Card","Card","Card","Card","Card"],"build_version":"2020-12-22","purchased_purges":0,"victory":false,"max_hp_per_floor":[70,75,75,75,75,75,75,75,75,75,75,75,75,75,75,75,75,75,75,75,75,75,75,75,75,75,75,75,75,75,75,75,75,75,75,75,75,75,75],"card_choices":[{"not_picked":["theMarked:WastefulAttack","theMarked:RepellingDischarge"],"picked":"theMarked:Frustration","floor":1},{"not_picked":["theMarked:BanishingWave","theMarked:ShockingTouch"],"picked":"theMarked:BanishingStrike","floor":4},{"not_picked":["theMarked:ResourceFulStrike","theMarked:ChannelForce"],"picked":"theMarked:PowerFlow","floor":5},{"not_picked":["theMarked:TheMission","theMarked:KeepCalmAndFight"],"picked":"theMarked:MysticalArsenal","floor":7},{"not_picked":["theMarked:MagusForm","theMarked:Defy"],"picked":"theMarked:TakeOffHeels","floor":16},{"not_picked":["theMarked:Improvise","theMarked:RepellingDischarge"],"picked":"theMarked:WardOff","floor":18},{"not_picked":["theMarked:Improvise","theMarked:Electrify"],"picked":"theMarked:Generate","floor":21},{"not_picked":["Forethought","Secret Weapon"],"picked":"Dark Shackles","floor":22},{"not_picked":["Violence","Good Instincts"],"picked":"Bandage Up","floor":22},{"not_picked":["theMarked:TakeCover","theMarked:EmpowerWeapon"],"picked":"theMarked:RepellingDischarge+1","floor":24},{"not_picked":["theMarked:Frustration","theMarked:TakeCover"],"picked":"theMarked:MysticalArsenal","floor":28},{"not_picked":["theMarked:Indomitable+1","theMarked:FavorableWinds"],"picked":"theMarked:Polarize+1","floor":31},{"not_picked":["theMarked:EternalStudent","theMarked:SuspiciousRaven"],"picked":"theMarked:ThrowWeapon","floor":33},{"not_picked":["theMarked:Improvise+1","theMarked:EnhanceMovement+1"],"picked":"theMarked:EmpowerWeapon+1","floor":35},{"not_picked":["theMarked:Parry","theMarked:RepellingDischarge+1"],"picked":"theMarked:Maelstrom+1","floor":37}],"player_experience":3728635,"relics_obtained":[{"floor":3,"key":"Bronze Scales"},{"floor":7,"key":"StrikeDummy"},{"floor":9,"key":"Pantograph"},{"floor":31,"key":"Akabeko"}],"event_choices":[{"damage_healed":0,"gold_gain":0,"player_choice":"Donut","damage_taken":0,"max_hp_gain":5,"max_hp_loss":0,"event_name":"Big Fish","floor":2,"gold_loss":0},{"damage_healed":0,"gold_gain":75,"player_choice":"Gather Gold","damage_taken":11,"max_hp_gain":0,"max_hp_loss":0,"event_name":"World of Goop","floor":8,"gold_loss":0},{"damage_healed":18,"gold_gain":0,"player_choice":"Healed","damage_taken":0,"max_hp_gain":0,"max_hp_loss":0,"event_name":"The Cleric","floor":11,"gold_loss":35},{"cards_removed":["Writhe"],"damage_healed":0,"gold_gain":0,"player_choice":"Purged","damage_taken":0,"max_hp_gain":0,"max_hp_loss":0,"event_name":"Purifier","floor":12,"gold_loss":0},{"damage_healed":0,"gold_gain":0,"player_choice":"Machinery","damage_taken":0,"max_hp_gain":0,"max_hp_loss":0,"event_name":"Elementarium:IncubationChamber","floor":22,"gold_loss":0},{"damage_healed":0,"gold_gain":0,"player_choice":"Take","damage_taken":0,"max_hp_gain":0,"max_hp_loss":0,"event_name":"Elementarium:BladeSeller","floor":30,"gold_loss":0,"cards_obtained":["Elementarium:WindblessedBlade"]},{"damage_healed":0,"gold_gain":0,"player_choice":"Fight","damage_taken":0,"max_hp_gain":0,"max_hp_loss":0,"event_name":"Mysterious Sphere","floor":38,"gold_loss":0}],"is_beta":false,"boss_relics":[{"not_picked":["Busted Crown","Calling Bell"],"picked":"theMarked:Eyepatch"},{"not_picked":["Empty Cage","Sozu"],"picked":"SacredBark"}],"items_purged_floors":[],"is_endless":false,"potions_floor_spawned":[5,16,18,21,33,37],"killed_by":"2 Orb Walkers","ascension_level":0}}