{"host":"9cg5yfdc0e9lbp3z","time":1612117999,"event":{"mods":["AchievementEnabler","BaseMod","Colored Map","Colored Powertips","DeckTracker","Minty Spire (QoL Compilation)"],"gold_per_floor":[112,124,137,137,155,155,173,207,207,220,220,220,230,241,241,241,241],"floor_reached":16,"language":"ENG","playtime":1333,"items_purged":[],"score":106,"play_id":"ff12d5e4-d91d-43eb-b223-785ac663ac47","local_time":"20210131133319","is_ascension_mode":false,"campfire_choices":[{"floor":6,"key":"RECALL"},{"floor":11,"key":"REST"},{"data":"Perfected Strike","floor":15,"key":"SMITH"}],"circlet_count":0,"master_deck":["Strike_R","Strike_R","Strike_R","Strike_R","Strike_R","Defend_R","Defend_R","Defend_R","Defend_R","Armaments","Body Slam","Spot Weakness","Thunderclap","Iron Wave","Flex","Sword Boomerang","Body Slam","Perfected Strike+1"],"relics":["Burning Blood","Orichalcum","Matryoshka"],"acts_visited":["Exordium"],"potions_floor_usage":[16,16,16],"damage_taken":[{"damage":7,"enemies":"Cultist","floor":1,"turns":5},{"damage":1,"enemies":"Jaw Worm","floor":2,"turns":5},{"damage":4,"enemies":"Small Slimes","floor":3,"turns":4},{"damage":7,"enemies":"Blue Slaver","floor":5,"turns":5},{"damage":16,"enemies":"Lots of Slimes","floor":7,"turns":4},{"damage":31,"enemies":"Gremlin Nob","floor":8,"turns":4},{"damage":5,"enemies":"2 Fungi Beasts","floor":10,"turns":3},{"damage":3,"enemies":"3 Louse","floor":13,"turns":3},{"damage":10,"enemies":"Looter","floor":14,"turns":3},{"damage":77,"enemies":"Slime Boss","floor":16,"turns":12}],"seed_played":"-706471753098756025","potions_obtained":[{"floor":1,"key":"Block Potion"},{"floor":2,"key":"PowerPotion"},{"floor":8,"key":"Strength Potion"},{"floor":13,"key":"BlessingOfTheForge"}],"is_trial":false,"path_per_floor":["M","M","M","?","M","R","M","E","T","M","R","?","M","M","R","B"],"character_chosen":"IRONCLAD","items_purchased":[],"campfire_rested":1,"item_purchase_floors":[],"current_hp_per_floor":[87,88,88,81,80,80,70,45,45,46,72,72,75,71,71,0,0],"gold":241,"neow_bonus":"TEN_PERCENT_HP_BONUS","is_daily":false,"chose_seed":false,"campfire_upgraded":1,"win_rate":0.0,"timestamp":1612117999,"path_taken":["M","M","M","?","M","R","M","E","T","M","R","?","M","M","R","BOSS"],"items_purchased_type":[],"build_version":"2020-12-22","purchased_purges":0,"victory":false,"max_hp_per_floor":[88,88,88,88,88,88,88,88,88,88,88,88,88,88,88,88,88],"card_choices":[{"not_picked":["Hemokinesis","Shrug It Off"],"picked":"Armaments","floor":1},{"not_picked":["Twin Strike","Fire Breathing"],"picked":"Body Slam","floor":2},{"not_picked":["Warcry","Perfected Strike"],"picked":"Spot Weakness","floor":3},{"not_picked":["Pommel Strike","Clothesline"],"picked":"Thunderclap","floor":5},{"not_picked":["Searing Blow","Clash"],"picked":"Iron Wave","floor":7},{"not_picked":["Corruption","Infernal Blade"],"picked":"Flex","floor":8},{"not_picked":["Twin Strike","Cleave"],"picked":"Sword Boomerang","floor":10},{"not_picked":["Battle Trance","Thunderclap"],"picked":"Body Slam","floor":13},{"not_picked":["Iron Wave","Twin Strike"],"picked":"Perfected Strike","floor":14}],"player_experience":48077,"relics_obtained":[{"floor":8,"key":"Orichalcum"},{"floor":9,"key":"Matryoshka"}],"event_choices":[{"cards_removed":["Bash"],"damage_healed":0,"gold_gain":0,"player_choice":"Card Removal","damage_taken":7,"max_hp_gain":0,"max_hp_loss":0,"event_name":"Golden Wing","floor":4,"gold_loss":0},{"damage_healed":0,"gold_gain":0,"player_choice":"Ignored","damage_taken":0,"max_hp_gain":0,"max_hp_loss":0,"event_name":"Liars Game","floor":12,"gold_loss":0}],"is_beta":false,"boss_relics":[],"items_purged_floors":[],"is_endless":false,"potions_floor_spawned":[1,2,8,13],"killed_by":"Slime Boss","ascension_level":0}}