{"host":"vf63mcydhpkptnpw","time":1612119144,"event":{"mods":["BaseMod","Downfall","Minty Spire (QoL Compilation)","StSLib"],"gold_per_floor":[99,119,119,119,137,137,184,184,218,235,73,73,73,88,105,105,105,105],"floor_reached":16,"language":"ENG","playtime":2192,"items_purged":[],"score":100,"play_id":"643bf9f4-da9a-4f19-ad7e-7e7f3276a7cd","local_time":"20210131195224","is_ascension_mode":false,"campfire_choices":[{"floor":1,"key":"RECALL"},{"floor":13,"key":"REST"}],"circlet_count":0,"master_deck":["hexamod:Strike","hexamod:Strike","hexamod:Defend","hexamod:Defend","hexamod:Defend","hexamod:Sear","hexamod:Float","hexamod:PhantomCloak","hexamod:HeatMetal","hexamod:HeatMetal","hexamod:Again+1","hexamod:RadiantFlame","hexamod:GhostOfSpirePresent","hexamod:ThermalTransfer","hexamod:RadiantFlame"],"relics":["hexamod:SpiritBrand","Centennial Puzzle","Tiny Chest"],"acts_visited":["Exordium"],"potions_floor_usage":[16,16],"damage_taken":[{"damage":0,"enemies":"2 Louse","floor":2,"turns":2},{"damage":4,"enemies":"Jaw Worm","floor":5,"turns":3},{"damage":68,"enemies":"Gremlin Nob","floor":9,"turns":5},{"damage":0,"enemies":"Small Slimes","floor":10,"turns":5},{"damage":0,"enemies":"downfall:FleeingMerchant","floor":11,"turns":4},{"damage":3,"enemies":"Red Slaver","floor":14,"turns":3},{"damage":0,"enemies":"Large Slime","floor":15,"turns":7},{"damage":28,"enemies":"DF_ARCHETYPE_STREAMLINE","floor":16,"turns":4}],"seed_played":"5850677688082811394","potions_obtained":[{"floor":9,"key":"Strength Potion"},{"floor":14,"key":"Guardian:BlockOnCardUsePotion"}],"is_trial":false,"path_per_floor":["R","M","?","?","M","?","T","?","E","M","$","?","R","M","M","B"],"character_chosen":"THE_SPIRIT","items_purchased":["Tiny Chest"],"campfire_rested":1,"item_purchase_floors":[11],"current_hp_per_floor":[70,70,70,70,66,71,71,71,3,3,3,3,25,22,22,0,0,0],"gold":105,"neow_bonus":"REMOVE_CARD","is_daily":false,"chose_seed":false,"campfire_upgraded":0,"win_rate":0.0,"timestamp":1612119144,"path_taken":["R","M","?","?","M","?","T","?","E","?","?","?","R","M","M","BOSS"],"items_purchased_type":["Relic"],"build_version":"2020-12-22","purchased_purges":0,"victory":false,"max_hp_per_floor":[70,70,70,70,70,75,75,75,75,75,75,75,75,75,75,75,75,75],"card_choices":[{"not_picked":["hexamod:NightmareStrike","hexamod:HauntingEcho"],"picked":"hexamod:PhantomCloak","floor":2},{"not_picked":["hexamod:NightmareGuise","hexamod:EtherealExpedition"],"picked":"hexamod:HeatMetal","floor":5},{"not_picked":["hexamod:CatchUp","hexamod:SpectersWail"],"picked":"hexamod:Again","floor":9},{"not_picked":["hexamod:HauntingEcho","hexamod:BurningTouch"],"picked":"hexamod:RadiantFlame","floor":10},{"not_picked":["hexamod:Incineration","hexamod:InspiringFlames"],"picked":"hexamod:GhostOfSpirePresent","floor":11},{"not_picked":["hexamod:EmpoweredFlame","hexamod:HeatMetal"],"picked":"hexamod:ThermalTransfer","floor":14},{"not_picked":["hexamod:HauntingEcho","hexamod:Again"],"picked":"hexamod:RadiantFlame","floor":15}],"player_experience":283894,"relics_obtained":[{"floor":9,"key":"Centennial Puzzle"}],"event_choices":[{"cards_removed":["hexamod:Strike"],"damage_healed":0,"gold_gain":0,"player_choice":"Card Removal","damage_taken":0,"max_hp_gain":0,"max_hp_loss":0,"event_name":"The Cleric","floor":3,"gold_loss":0},{"damage_healed":0,"gold_gain":0,"player_choice":"Donut","damage_taken":0,"max_hp_gain":5,"max_hp_loss":0,"event_name":"Big Fish","floor":6,"gold_loss":0},{"damage_healed":0,"gold_gain":0,"player_choice":"Grow","damage_taken":0,"max_hp_gain":0,"max_hp_loss":0,"event_name":"Living Wall","floor":12,"gold_loss":0,"cards_upgraded":["hexamod:Again"]}],"is_beta":false,"boss_relics":[],"items_purged_floors":[],"is_endless":false,"potions_floor_spawned":[9,14],"killed_by":"DF_ARCHETYPE_STREAMLINE","ascension_level":0}}