{"host":"o6rpelx2jpc8yies","time":1612135979,"event":{"mods":["BaseMod","Downfall","Minty Spire (QoL Compilation)","StSLib"],"gold_per_floor":[99,114,125,141,191,91,91,117,49,49,66,76,88,88,105,105,105,105],"floor_reached":16,"language":"ENG","playtime":1542,"items_purged":[],"score":208,"play_id":"f440daa5-7513-4cb7-a502-3f96c2258cb5","local_time":"20210131163259","is_ascension_mode":true,"campfire_choices":[{"floor":1,"key":"RECALL"},{"data":"bronze:Separator","floor":6,"key":"SMITH"},{"floor":10,"key":"REST"}],"circlet_count":0,"master_deck":["AscendersBane","bronze:Strike","bronze:Strike","bronze:Strike","bronze:Defend","bronze:Defend","bronze:Defend","bronze:Defend","bronze:Replicate","bronze:Goto","bronze:Separator+1","bronze:Shield","bronze:Shield","bronze:DarkDash","bronze:OilSpill","bronze:Deprecate","bronze:Iterate","bronze:Invalidate","bronze:Boost"],"relics":["bronze:BronzeCore","downfall:HeartBlessingRed","Ginger"],"acts_visited":["Exordium"],"potions_floor_usage":[15,16,16],"damage_taken":[{"damage":14,"enemies":"Jaw Worm","floor":2,"turns":4},{"damage":1,"enemies":"Cultist","floor":3,"turns":4},{"damage":8,"enemies":"2 Louse","floor":4,"turns":3},{"damage":30,"enemies":"3 Sentries","floor":8,"turns":12},{"damage":0,"enemies":"downfall:FleeingMerchant","floor":9,"turns":4},{"damage":0,"enemies":"Blue Slaver","floor":11,"turns":3},{"damage":0,"enemies":"3 Louse","floor":12,"turns":3},{"damage":4,"enemies":"2 Fungi Beasts","floor":13,"turns":3},{"damage":9,"enemies":"Exordium Thugs","floor":15,"turns":5},{"damage":25,"enemies":"WA_ARCHETYPE_RETAIN","floor":16,"turns":6}],"seed_played":"3051706369460388694","potions_obtained":[{"floor":8,"key":"GamblersBrew"},{"floor":11,"key":"PowerPotion"},{"floor":15,"key":"LiquidMemories"}],"is_trial":false,"path_per_floor":["R","M","M","M","?","R","T","E","$","R","M","M","M","?","M","B"],"character_chosen":"THE_AUTOMATON","items_purchased":["Block Potion"],"campfire_rested":1,"item_purchase_floors":[9],"current_hp_per_floor":[63,49,48,40,40,40,40,10,10,30,30,30,26,26,17,0,0,0],"gold":105,"neow_bonus":"TEN_PERCENT_HP_BONUS","is_daily":false,"chose_seed":false,"campfire_upgraded":1,"win_rate":0.0,"timestamp":1612135979,"path_taken":["R","M","M","M","?","R","T","E","$","R","M","M","?","?","M","BOSS"],"items_purchased_type":["Potion"],"build_version":"2020-12-22","purchased_purges":0,"victory":false,"max_hp_per_floor":[69,69,69,69,69,69,69,69,69,69,69,69,69,69,69,69,69,69],"card_choices":[{"not_picked":["bronze:FineTuning","bronze:Invalidate"],"picked":"bronze:Separator","floor":2},{"not_picked":["bronze:OilSpill","bronze:CutThrough"],"picked":"bronze:Shield","floor":3},{"not_picked":["bronze:Separator","bronze:Refactor"],"picked":"bronze:Shield","floor":4},{"not_picked":["bronze:Philosophize","bronze:ClassDefault"],"picked":"bronze:DarkDash","floor":8},{"not_picked":["bronze:InfiniteBeams","bronze:Overload"],"picked":"bronze:OilSpill","floor":9},{"not_picked":["bronze:OilSpill","bronze:BugBarrage"],"picked":"bronze:Deprecate","floor":11},{"not_picked":["bronze:BitShift","bronze:CutThrough"],"picked":"bronze:Iterate","floor":12},{"not_picked":["bronze:Hardcode","bronze:Iterate"],"picked":"bronze:Invalidate","floor":13},{"not_picked":["bronze:FineTuning","bronze:BugBarrage"],"picked":"bronze:Boost","floor":15}],"player_experience":1900462,"relics_obtained":[{"floor":8,"key":"Ginger"}],"event_choices":[{"cards_removed":["bronze:Strike"],"damage_healed":0,"gold_gain":0,"player_choice":"Card Removal","damage_taken":0,"max_hp_gain":0,"max_hp_loss":0,"event_name":"The Cleric","floor":14,"gold_loss":0}],"is_beta":false,"boss_relics":[],"items_purged_floors":[],"is_endless":false,"potions_floor_spawned":[8,11,12,15],"killed_by":"WA_ARCHETYPE_RETAIN","ascension_level":20}}