{"host":"5dk97cf2ubw2v967","time":1612098893,"event":{"mods":["AlwaysNeverKeys","BaseMod","Better Altar","Better Vampires","Block Reminder","Card Filter","Colored Powertips","Downfall","Googly Eyes","Highlight Path","Minty Spire (QoL Compilation)","Permanent Neow","Potion Indicator Mod","Quick Restart","Relic Filter","Relic Stats","Say the Spire","Spicy Shops","StSLib","Waifu the Spire","everything is the same but u backflip on backflip"],"gold_per_floor":[99,114,125,142,142,142,142,155,172,199,199,228,228,248,259,259,259,259],"floor_reached":16,"language":"ENG","playtime":783,"items_purged":[],"score":194,"play_id":"d114b0c7-a65b-4014-adf2-60314134ea17","local_time":"20210131131453","is_ascension_mode":true,"campfire_choices":[{"data":"Guardian:TwinSlam","floor":1,"key":"SMITH"},{"floor":11,"key":"REST"}],"circlet_count":0,"master_deck":["AscendersBane","Guardian:Strike_Guardian","Guardian:Strike_Guardian","Guardian:Strike_Guardian","Guardian:Defend_Guardian","Guardian:Defend_Guardian","Guardian:Defend_Guardian","Guardian:Defend_Guardian","Guardian:CurlUp","Guardian:TwinSlam+1","Guardian:DecasProtection","Guardian:PrismaticBarrier","CurseOfTheBell","CurseOfTheBell","downfall:Bewildered","Guardian:RevengeProtocol","Guardian:DecasProtection","Guardian:ChargeUp","Guardian:ShieldCharger","Guardian:PiercingHide","Guardian:Gem_White","Guardian:Gem_Crimson","Guardian:ArmoredProtocol"],"relics":["Black Star","downfall:ShatteredFragment","downfall:ExtraCursedBell","Bronze Scales","Sundial","Prayer Wheel","StoneCalendar","Nunchaku","Dream Catcher","Mango","Thread and Needle"],"acts_visited":["Exordium"],"potions_floor_usage":[8,10,12],"damage_taken":[{"damage":0,"enemies":"2 Louse","floor":2,"turns":2},{"damage":5,"enemies":"Small Slimes","floor":3,"turns":3},{"damage":4,"enemies":"Cultist","floor":4,"turns":5},{"damage":9,"enemies":"Red Slaver","floor":8,"turns":5},{"damage":4,"enemies":"Large Slime","floor":9,"turns":7},{"damage":12,"enemies":"3 Sentries","floor":10,"turns":7},{"damage":16,"enemies":"Gremlin Nob","floor":12,"turns":4},{"damage":14,"enemies":"3 Louse","floor":14,"turns":4},{"damage":7,"enemies":"Exordium Thugs","floor":15,"turns":6},{"damage":0,"enemies":"SI_SHIV_ARCHETYPE","floor":16,"turns":5}],"seed_played":"-6115051720403817651","potions_obtained":[{"floor":2,"key":"Explosive Potion"},{"floor":4,"key":"sneckomod:MuddlingPotion"},{"floor":9,"key":"hexamod:SoulburnPotion"}],"is_trial":false,"path_per_floor":["R","M","M","M","?","?","T","M","M","E","R","E","?","M","M","B"],"character_chosen":"GUARDIAN","items_purchased":[],"campfire_rested":1,"item_purchase_floors":[],"current_hp_per_floor":[65,65,60,56,32,32,32,23,19,7,28,26,26,12,5,5,5,5],"gold":259,"neow_bonus":"BOSS_RELIC","is_daily":false,"chose_seed":false,"campfire_upgraded":1,"win_rate":0.0,"timestamp":1612098893,"path_taken":["R","M","M","M","?","?","T","M","M","E","R","E","?","M","M","BOSS"],"items_purchased_type":[],"build_version":"2020-12-22","purchased_purges":0,"victory":false,"max_hp_per_floor":[72,72,72,72,72,72,72,72,72,72,72,86,86,86,86,86,86,86],"relic_stats":{"Nunchaku":[2],"Dream Catcher":1,"counters":[10,48],"Sundial":[4],"Bronze Scales":[92],"Prayer Wheel":4,"StoneCalendar":[44],"Black Star":2,"obtain_stats":[{"Nunchaku":10,"Dream Catcher":10,"downfall:ShatteredFragment":5,"Sundial":6,"Bronze Scales":6,"Guardian:ModeShifter":0,"Prayer Wheel":6,"StoneCalendar":7,"Mango":12,"Thread and Needle":12,"Black Star":0,"downfall:ExtraCursedBell":6},{"Nunchaku":6,"Dream Catcher":6,"downfall:ShatteredFragment":3,"Sundial":3,"Bronze Scales":3,"Guardian:ModeShifter":0,"Prayer Wheel":3,"StoneCalendar":3,"Mango":7,"Thread and Needle":7,"Black Star":0,"downfall:ExtraCursedBell":3},{"Nunchaku":29,"Dream Catcher":29,"downfall:ShatteredFragment":10,"Sundial":10,"Bronze Scales":10,"Guardian:ModeShifter":0,"Prayer Wheel":10,"StoneCalendar":10,"Mango":33,"Thread and Needle":33,"Black Star":0,"downfall:ExtraCursedBell":10}]},"card_choices":[{"not_picked":["Guardian:Gem_Red","Guardian:ShieldCharger"],"picked":"Guardian:Gem_White","floor":2},{"not_picked":["Guardian:Planning","Guardian:ChargeCore"],"picked":"Guardian:DecasProtection","floor":3},{"not_picked":["Guardian:ChargeCore","Guardian:Reroute"],"picked":"Guardian:PrismaticBarrier","floor":4},{"not_picked":["Guardian:Clone","Guardian:WalkerClaw"],"picked":"Guardian:DecasProtection","floor":8},{"not_picked":["Guardian:MultiBeam","Guardian:Emergency"],"picked":"Guardian:Gem_Cyan","floor":8},{"not_picked":["Guardian:TimeCapacitor","Guardian:Gem_Lightblue"],"picked":"Guardian:ChargeUp","floor":9},{"not_picked":["Guardian:SentryBeam","Guardian:PolyBeam"],"picked":"Guardian:Gem_Synthetic","floor":9},{"not_picked":["Guardian:TemporalStrike","Guardian:TemporalShield","Guardian:Clone"],"picked":"SKIP","floor":10},{"not_picked":["Guardian:VentSteam","Guardian:Planning"],"picked":"Guardian:ShieldCharger","floor":11},{"not_picked":["Guardian:Gem_Lightblue","Guardian:Harden"],"picked":"Guardian:PiercingHide","floor":12},{"not_picked":["Guardian:VentSteam","Guardian:TemporalShield"],"picked":"Guardian:Gem_Crimson","floor":14},{"not_picked":["Guardian:Emergency","Guardian:Suspension","Guardian:PrimingBeam"],"picked":"SKIP","floor":14},{"not_picked":["Guardian:Gem_Green","Guardian:Recover"],"picked":"Guardian:ArmoredProtocol","floor":15},{"not_picked":["Guardian:PiercingHide","Guardian:Gem_Lightblue","Guardian:DonusPower"],"picked":"SKIP","floor":15}],"player_experience":1276891,"relics_obtained":[{"floor":6,"key":"Bronze Scales"},{"floor":6,"key":"Sundial"},{"floor":6,"key":"Prayer Wheel"},{"floor":7,"key":"StoneCalendar"},{"floor":10,"key":"Nunchaku"},{"floor":10,"key":"Dream Catcher"},{"floor":12,"key":"Mango"},{"floor":12,"key":"Thread and Needle"}],"event_choices":[],"is_beta":false,"boss_relics":[],"items_purged_floors":[],"is_endless":false,"potions_floor_spawned":[2,4,9],"killed_by":"SI_SHIV_ARCHETYPE","ascension_level":14}}