{"host":"26y75e64s1raelh1","time":1612108625,"event":{"mods":["BaseMod","Block Reminder","Card Forge","Colored Map","Colored Powertips","Highlight Path","Minty Spire (QoL Compilation)","Quick Restart","StSLib"],"gold_per_floor":[117,117,192,117,117,150,150,3,3,3,21,41,41,54,54,182,182,195,195,220,135,160,185,185,185,211,225,325,24,39,63,63,193,193,213,227,560,560,572,572,872,891,891,0,11,44,44,74,74,74],"floor_reached":51,"language":"ENG","playtime":3073,"items_purged":["Defend_P","Strike_P","Strike_P+1"],"score":782,"play_id":"dae5f4e4-2736-4585-a0f8-c07431cc8ace","local_time":"20210131125705","is_ascension_mode":false,"campfire_choices":[{"data":"FlurryOfBlows","floor":7.0,"key":"SMITH"},{"data":"Eruption","floor":10.0,"key":"SMITH"},{"data":"CutThroughFate","floor":13.0,"key":"SMITH"},{"floor":15.0,"key":"REST"},{"data":"Defend_P","floor":24.0,"key":"SMITH"},{"floor":32.0,"key":"REST"},{"floor":40.0,"key":"REST"},{"floor":47.0,"key":"REST"},{"floor":49.0,"key":"REST"}],"circlet_count":0,"master_deck":["Strike_P+1","Defend_P+1","Defend_P+1","Eruption+1","Vigilance+1","FlurryOfBlows+1","ClearTheMind+1","CutThroughFate+1","Crescendo+1","LessonLearned+1","FlurryOfBlows+1","EmptyBody+1","MentalFortress+1","EmptyFist+1","Blasphemy+1","Tantrum+1","EmptyMind+1","Adaptation+1","TalkToTheHand+1"],"relics":["HolyWater","Hammer of Thor","Seething Fire","Anvil of the Gods","NeowsBlessing","Nunchaku","InkBottle","Cursed Key","HornCleat","Juzu Bracelet","HandDrill","Toy Ornithopter","Red Mask","Pen Nib","Bronze Scales"],"acts_visited":["Exordium","TheCity","TheBeyond"],"potions_floor_usage":[50],"damage_taken":[{"damage":0.0,"enemies":"Jaw Worm","floor":1.0,"turns":1.0},{"damage":0.0,"enemies":"3 Sentries","floor":6.0,"turns":1.0},{"damage":0.0,"enemies":"2 Louse","floor":11.0,"turns":1.0},{"damage":0.0,"enemies":"Cultist","floor":12.0,"turns":2.0},{"damage":0.0,"enemies":"2 Fungi Beasts","floor":14.0,"turns":2.0},{"damage":50.0,"enemies":"The Guardian","floor":16.0,"turns":6.0},{"damage":15.0,"enemies":"2 Thieves","floor":18.0,"turns":2.0},{"damage":0.0,"enemies":"3 Byrds","floor":20.0,"turns":3.0},{"damage":0.0,"enemies":"Cultist and Chosen","floor":22.0,"turns":3.0},{"damage":1.0,"enemies":"Centurion and Healer","floor":23.0,"turns":4.0},{"damage":0.0,"enemies":"Snecko","floor":27.0,"turns":3.0},{"damage":0.0,"enemies":"3 Cultists","floor":30.0,"turns":4.0},{"damage":0.0,"enemies":"Snake Plant","floor":31.0,"turns":1.0},{"damage":2.0,"enemies":"Collector","floor":33.0,"turns":4.0},{"damage":0.0,"enemies":"3 Darklings","floor":35.0,"turns":3.0},{"damage":0.0,"enemies":"Orb Walker","floor":36.0,"turns":1.0},{"damage":0.0,"enemies":"Jaw Worm Horde","floor":39.0,"turns":2.0},{"damage":0.0,"enemies":"Writhing Mass","floor":42.0,"turns":2.0},{"damage":70.0,"enemies":"Transient","floor":45.0,"turns":5.0},{"damage":0.0,"enemies":"Reptomancer","floor":46.0,"turns":2.0},{"damage":19.0,"enemies":"Nemesis","floor":48.0,"turns":3.0},{"damage":11,"enemies":"Time Eater","floor":50,"turns":7}],"seed_played":"4463278239449701470","potions_obtained":[{"floor":1.0,"key":"Explosive Potion"},{"floor":12.0,"key":"Ancient Potion"},{"floor":16.0,"key":"Explosive Potion"},{"floor":18.0,"key":"BlessingOfTheForge"},{"floor":31.0,"key":"LiquidMemories"},{"floor":39.0,"key":"GamblersBrew"},{"floor":42.0,"key":"GamblersBrew"},{"floor":45.0,"key":"StancePotion"}],"is_trial":false,"path_per_floor":["M","?","?","$","?","E","R","$","T","R","M","M","R","M","R","B",null,"M","?","M","?","M","M","R","?","T","M","?","$","M","M","R","B",null,"M","M","?","?","M","R","?","M","T","?","M","E","R","E","R","B",null],"character_chosen":"WATCHER","items_purchased":["ClearTheMind","HandDrill","EmptyFist"],"campfire_rested":5,"item_purchase_floors":[8,29,29],"current_hp_per_floor":[72,54,43,43,36,36,36,36,36,36,36,36,36,36,57,7,72,57,57,57,57,57,56,56,56,56,56,56,56,56,56,72,70,72,72,72,72,63,63,72,72,72,72,72,2,7,28,9,30,24],"gold":74,"neow_bonus":"THREE_ENEMY_KILL","is_daily":false,"chose_seed":false,"campfire_upgraded":4,"win_rate":0.0,"timestamp":1612108625,"path_taken":["M","?","?","$","?","E","R","?","T","R","M","M","R","M","R","BOSS","M","?","M","?","M","M","R","?","T","M","?","$","M","M","R","BOSS","M","M","?","?","M","R","?","M","T","?","M","E","R","E","R","BOSS"],"items_purchased_type":["Card","Relic","Card"],"build_version":"2020-12-22","purchased_purges":3,"victory":true,"max_hp_per_floor":[72,72,72,72,72,72,72,72,72,72,72,72,72,72,72,72,72,72,72,72,72,72,72,72,72,72,72,72,72,72,72,72,72,72,72,72,72,72,72,72,72,72,72,72,72,72,72,72,72,72],"card_choices":[{"not_picked":["Swivel","ForeignInfluence"],"picked":"FlurryOfBlows","floor":1.0},{"not_picked":["Perseverance","WaveOfTheHand","Pray"],"picked":"SKIP","floor":6.0},{"not_picked":["Halt","Protect","FollowUp"],"picked":"SKIP","floor":11.0},{"not_picked":["JustLucky","SashWhip"],"picked":"CutThroughFate","floor":12.0},{"not_picked":["FlyingSleeves","SashWhip","ThirdEye"],"picked":"SKIP","floor":14.0},{"not_picked":["DeusExMachina","Brilliance"],"picked":"LessonLearned","floor":16.0},{"not_picked":["PathToVictory","FearNoEvil+1"],"picked":"FlurryOfBlows","floor":18.0},{"not_picked":["Vengeance","FollowUp"],"picked":"EmptyBody","floor":20.0},{"not_picked":["LikeWater+1","FollowUp","Pray+1"],"picked":"SKIP","floor":22.0},{"not_picked":["Evaluate+1","Conclude"],"picked":"MentalFortress","floor":23.0},{"not_picked":["ThirdEye","FlyingSleeves+1","SashWhip+1"],"picked":"SKIP","floor":27.0},{"not_picked":["Pray","FearNoEvil","EmptyBody"],"picked":"SKIP","floor":30.0},{"not_picked":["Prostrate","DevaForm","ReachHeaven"],"picked":"SKIP","floor":31.0},{"not_picked":["Judgement","Devotion"],"picked":"Blasphemy","floor":33.0},{"not_picked":["SashWhip+1","Nirvana","Prostrate"],"picked":"SKIP","floor":35.0},{"not_picked":["FlyingSleeves","CrushJoints","Nirvana"],"picked":"SKIP","floor":36.0},{"not_picked":["Conclude","CutThroughFate+1","Consecrate"],"picked":"SKIP","floor":39.0},{"not_picked":["Weave","WaveOfTheHand+1"],"picked":"Tantrum+1","floor":42.0},{"not_picked":["Protect+1","WindmillStrike"],"picked":"EmptyMind","floor":45.0},{"not_picked":["ReachHeaven","Swivel+1"],"picked":"Adaptation+1","floor":46.0},{"not_picked":["Brilliance","Pray"],"picked":"TalkToTheHand","floor":48.0}],"player_experience":29400,"relics_obtained":[{"floor":6.0,"key":"Nunchaku"},{"floor":9.0,"key":"InkBottle"},{"floor":26.0,"key":"Juzu Bracelet"},{"floor":43.0,"key":"Toy Ornithopter"},{"floor":46.0,"key":"Pen Nib"},{"floor":48.0,"key":"Bronze Scales"}],"event_choices":[{"damage_healed":0.0,"max_hp_gain":0.0,"max_hp_loss":0.0,"gold_gain":0.0,"event_name":"Golden Idol","player_choice":"Take Damage","floor":2.0,"gold_loss":0.0,"damage_taken":18.0,"relics_obtained":["Golden Idol"]},{"damage_healed":0.0,"max_hp_gain":0.0,"max_hp_loss":0.0,"gold_gain":75.0,"event_name":"World of Goop","player_choice":"Gather Gold","floor":3.0,"gold_loss":0.0,"damage_taken":11.0},{"cards_removed":["Strike_P"],"damage_healed":0.0,"max_hp_gain":0.0,"max_hp_loss":0.0,"gold_gain":0.0,"event_name":"Golden Wing","player_choice":"Card Removal","floor":5.0,"gold_loss":0.0,"damage_taken":7.0},{"damage_healed":0.0,"max_hp_gain":0.0,"max_hp_loss":0.0,"gold_gain":0.0,"event_name":"Ghosts","player_choice":"Ignored","floor":19.0,"gold_loss":0.0,"damage_taken":0.0},{"damage_healed":0.0,"max_hp_gain":0.0,"max_hp_loss":0.0,"gold_gain":0.0,"event_name":"Addict","player_choice":"Obtained Relic","floor":21.0,"gold_loss":85.0,"damage_taken":0.0,"relics_obtained":["HornCleat"]},{"cards_removed":["Defend_P"],"damage_healed":0.0,"max_hp_gain":0.0,"max_hp_loss":0.0,"gold_gain":0.0,"event_name":"Back to Basics","player_choice":"Elegance","floor":25.0,"gold_loss":0.0,"damage_taken":0.0},{"damage_healed":0.0,"max_hp_gain":0.0,"max_hp_loss":0.0,"gold_gain":100.0,"event_name":"Golden Shrine","player_choice":"Pray","floor":28.0,"gold_loss":0.0,"damage_taken":0.0},{"damage_healed":0.0,"max_hp_gain":0.0,"max_hp_loss":0.0,"gold_gain":333.0,"event_name":"The Moai Head","player_choice":"Gave Idol","floor":37.0,"relics_lost":["Golden Idol"],"gold_loss":0.0,"damage_taken":0.0},{"damage_healed":0.0,"max_hp_gain":0.0,"max_hp_loss":0.0,"gold_gain":0.0,"event_name":"Winding Halls","player_choice":"Embrace Madness","floor":38.0,"gold_loss":0.0,"damage_taken":9.0,"cards_obtained":["Madness","Madness"]},{"damage_healed":0.0,"max_hp_gain":0.0,"max_hp_loss":0.0,"gold_gain":300.0,"event_name":"Wheel of Change","player_choice":"Gold","floor":41.0,"gold_loss":0.0,"damage_taken":0.0},{"damage_healed":0.0,"max_hp_gain":0.0,"max_hp_loss":0.0,"gold_gain":0.0,"event_name":"Tomb of Lord Red Mask","player_choice":"Paid","floor":44.0,"gold_loss":891.0,"damage_taken":0.0,"relics_obtained":["Red Mask"]}],"is_beta":false,"boss_relics":[{"not_picked":["Ectoplasm","Coffee Dripper"],"picked":"Cursed Key"},{"not_picked":["SlaversCollar","Empty Cage"],"picked":"HolyWater"}],"items_purged_floors":[4,8,29],"is_endless":false,"potions_floor_spawned":[1,12,16,18,23,31,33,39,42,45],"ascension_level":0}}