{"host":"mvbzhnmyzfpc2155","time":1612065328,"event":{"mods":["BaseMod","Downfall","Hermit","Minty Spire (QoL Compilation)","StSLib","The Cursed"],"gold_per_floor":[99,118,138,150,162,196,222,222,235,254,272,422,422,438,455,455,455,455],"floor_reached":16,"language":"ENG","playtime":1254,"items_purged":[],"score":108,"play_id":"8fc9c1d4-f0dc-475f-b2c9-febcd14e4c12","local_time":"20210130225528","is_ascension_mode":false,"campfire_choices":[{"floor":1,"key":"RECALL"},{"data":"champ:FancyFootwork","floor":13,"key":"SMITH"}],"circlet_count":0,"master_deck":["champ:Strike","champ:Strike","champ:Strike","champ:Strike","champ:Defend","champ:Defend","champ:Defend","champ:Defend","champ:Execute","champ:Taunt+1","champ:PreciseThrust","champ:Backstep+1","champ:DefensiveShout+1","champ:StrikeOfGenius","champ:BringItOn","champ:FancyFootwork","champ:Haymaker","champ:FancyFootwork+1","downfall:Icky","champ:FaceSlap","champ:ArenaPreparation"],"relics":["champ:ChampionCrown","Bronze Scales","War Paint"],"acts_visited":["Exordium"],"potions_floor_usage":[6,6,16,16],"damage_taken":[{"damage":11,"enemies":"Cultist","floor":2,"turns":4},{"damage":11,"enemies":"Small Slimes","floor":3,"turns":4},{"damage":4,"enemies":"2 Louse","floor":4,"turns":3},{"damage":27,"enemies":"Large Slime","floor":5,"turns":9},{"damage":32,"enemies":"3 Sentries","floor":6,"turns":6},{"damage":10,"enemies":"2 Fungi Beasts","floor":9,"turns":3},{"damage":8,"enemies":"Exordium Wildlife","floor":10,"turns":4},{"damage":10,"enemies":"Red Slaver","floor":11,"turns":3},{"damage":11,"enemies":"Large Slime","floor":14,"turns":6},{"damage":1,"enemies":"3 Louse","floor":15,"turns":2},{"damage":51,"enemies":"WA_ARCHETYPE_RETAIN","floor":16,"turns":7}],"seed_played":"5296736063616625464","potions_obtained":[{"floor":2,"key":"Energy Potion"},{"floor":4,"key":"hexamod:SoulburnPotion"},{"floor":10,"key":"Fire Potion"},{"floor":14,"key":"FearPotion"}],"is_trial":false,"path_per_floor":["R","M","M","M","M","E","T","?","M","M","M","?","R","M","M","B"],"character_chosen":"THE_CHAMP","items_purchased":[],"campfire_rested":0,"item_purchase_floors":[],"current_hp_per_floor":[99,98,97,93,86,69,69,69,69,61,61,61,61,50,49,0,0,0],"gold":455,"neow_bonus":"TEN_PERCENT_HP_BONUS","is_daily":false,"chose_seed":false,"campfire_upgraded":1,"win_rate":0.0,"timestamp":1612065328,"path_taken":["R","M","M","M","M","E","T","?","M","M","M","?","R","M","M","BOSS"],"items_purchased_type":[],"build_version":"2020-12-22","purchased_purges":0,"victory":false,"max_hp_per_floor":[99,99,99,99,99,99,99,99,99,99,99,99,99,99,99,99,99,99],"card_choices":[{"not_picked":["champ:Encircle","champ:FalseCounter"],"picked":"champ:PreciseThrust","floor":2},{"not_picked":["champ:FlashCut","champ:SetATrap"],"picked":"champ:Backstep","floor":3},{"not_picked":["champ:CrownThrow","champ:Backstep"],"picked":"champ:DefensiveShout","floor":4},{"not_picked":["champ:EnGarde","champ:SkillfulDodge"],"picked":"champ:StrikeOfGenius","floor":5},{"not_picked":["champ:Shatter","champ:FanOfKnives"],"picked":"champ:BringItOn","floor":6},{"not_picked":["champ:FalseCounter","champ:Shatter"],"picked":"champ:FancyFootwork","floor":9},{"not_picked":["champ:PerfectedStrike","champ:SkillfulDodge"],"picked":"champ:Haymaker","floor":10},{"not_picked":["champ:RisingSlash","champ:Lariat"],"picked":"champ:FancyFootwork","floor":11},{"not_picked":["champ:TornadoPunch","champ:BladeFlurry"],"picked":"champ:FaceSlap","floor":14},{"not_picked":["champ:CrookedStrike","champ:AdrenalArmor"],"picked":"champ:ArenaPreparation","floor":15}],"player_experience":9028,"relics_obtained":[{"floor":6,"key":"Bronze Scales"},{"floor":7,"key":"War Paint"}],"event_choices":[{"damage_healed":0,"gold_gain":0,"player_choice":"Grow","damage_taken":0,"max_hp_gain":0,"max_hp_loss":0,"event_name":"Living Wall","floor":8,"gold_loss":0,"cards_upgraded":["champ:Taunt"]}],"is_beta":false,"boss_relics":[],"items_purged_floors":[],"is_endless":false,"potions_floor_spawned":[2,4,10,14],"killed_by":"WA_ARCHETYPE_RETAIN","ascension_level":0}}