{"host":"yrnalve8h0i0utgz","time":1612115598,"event":{"mods":["BaseMod","Bestiary","Minty Spire (QoL Compilation)","StSLib","SuperFastMode"],"gold_per_floor":[119,129,304,55,55,84,84,99,125,125,125,125],"floor_reached":11,"language":"ENG","playtime":304,"items_purged":["Strike_P"],"score":71,"play_id":"b94d661b-54bf-4c40-b99a-59ac232339d1","local_time":"20210131185318","is_ascension_mode":false,"campfire_choices":[{"floor":7.0,"key":"REST"},{"data":"Eruption","floor":10.0,"key":"SMITH"}],"circlet_count":0,"master_deck":["Strike_P","Strike_P","Strike_P","Defend_P","Defend_P","Defend_P","Defend_P","Eruption+1","Vigilance","DeceiveReality","Consecrate","Doubt","Prostrate","JustLucky"],"relics":["Black Star","Orichalcum","Lantern","Omamori","Happy Flower","Regal Pillow"],"acts_visited":["Exordium"],"potions_floor_usage":[],"damage_taken":[{"damage":7.0,"enemies":"Small Slimes","floor":1.0,"turns":4.0},{"damage":12.0,"enemies":"2 Louse","floor":2.0,"turns":3.0},{"damage":16.0,"enemies":"Gremlin Nob","floor":6.0,"turns":4.0},{"damage":1.0,"enemies":"Jaw Worm","floor":8.0,"turns":7.0},{"damage":48,"enemies":"Lagavulin","floor":11,"turns":7}],"seed_played":"8066878391319876010","potions_obtained":[{"floor":1.0,"key":"AttackPotion"}],"is_trial":false,"path_per_floor":["M","M","?","$","?","E","R","M","T","R","E"],"character_chosen":"WATCHER","items_purchased":["Prostrate","Orichalcum"],"campfire_rested":1,"item_purchase_floors":[4,4],"current_hp_per_floor":[65,53,53,53,28,12,33,32,32,32,0,0],"gold":125,"neow_bonus":"BOSS_RELIC","is_daily":false,"chose_seed":false,"campfire_upgraded":1,"win_rate":0.0,"timestamp":1612115598,"path_taken":["M","M","?","$","?","E","R","M","T","R","E"],"items_purchased_type":["Card","Relic"],"build_version":"2020-12-22","purchased_purges":1,"victory":false,"max_hp_per_floor":[72,72,72,72,72,72,72,72,72,72,72,72],"card_choices":[{"not_picked":["MentalFortress","Sanctity"],"picked":"DeceiveReality","floor":1.0},{"not_picked":["SignatureMove","CrushJoints"],"picked":"Consecrate","floor":2.0},{"not_picked":["Perseverance","Crescendo"],"picked":"JustLucky","floor":6.0},{"not_picked":["PathToVictory","Adaptation","EmptyFist"],"picked":"SKIP","floor":8.0}],"player_experience":261319,"relics_obtained":[{"floor":6.0,"key":"Omamori"},{"floor":6.0,"key":"Happy Flower"},{"floor":9.0,"key":"Regal Pillow"}],"event_choices":[{"damage_healed":0.0,"max_hp_gain":0.0,"max_hp_loss":0.0,"gold_gain":175.0,"event_name":"Liars Game","player_choice":"AGREE","floor":3.0,"gold_loss":0.0,"damage_taken":0.0,"cards_obtained":["Doubt"]},{"damage_healed":0.0,"max_hp_gain":0.0,"max_hp_loss":0.0,"gold_gain":0.0,"event_name":"Scrap Ooze","player_choice":"Success","floor":5.0,"gold_loss":0.0,"damage_taken":25.0,"relics_obtained":["Lantern"]}],"is_beta":false,"boss_relics":[],"items_purged_floors":[4],"is_endless":false,"potions_floor_spawned":[1],"killed_by":"Lagavulin","ascension_level":0}}