{"host":"8p5c6x4qt9411139","time":1612083845,"event":{"mods":["Aspiration","BaseMod","BetterRewards","Hubris","Infinite Spire","Minty Spire (QoL Compilation)","Quick Restart","Replay The Spire","Shop Mod","StSLib","The Animator","The Jungle"],"gold_per_floor":[99,112,112,122,141,141,173,173,138,161,197,43,43,69,149,149,149,149],"floor_reached":17,"language":"ENG","playtime":449,"items_purged":[],"score":121,"play_id":"3a2d5f33-9c7c-4198-a229-61ad25cac67b","local_time":"20210131010405","daily_mods":["Heirloom"],"is_ascension_mode":false,"campfire_choices":[{"data":"Poisoned Stab","floor":6,"key":"SMITH"},{"data":"Dagger Spray","floor":8,"key":"SMITH"},{"data":"Concentrate","floor":13,"key":"SMITH"}],"circlet_count":0,"master_deck":["Strike_G","Strike_G","Strike_G","Strike_G","Defend_G","Defend_G","Defend_G","Defend_G","Survivor","Neutralize+1","hubris:TrickCloak+1","Dagger Spray+1","Poisoned Stab+1","Concentrate+1"],"relics":["Ring of the Snake","Ring of Chaos","Basket Of Snakes","Unceasing Top","CeramicFish","Tiny Chest","Happy Flower","infinitespire:Lucky Rock","White Beast Statue"],"acts_visited":["Exordium"],"potions_floor_usage":[11],"damage_taken":[{"damage":8,"enemies":"Jaw Worm","floor":2,"turns":4},{"damage":0,"enemies":"2 Louse","floor":4,"turns":1},{"damage":4,"enemies":"Cultist","floor":5,"turns":3},{"damage":26,"enemies":"Lagavulin","floor":7,"turns":4},{"damage":19,"enemies":"3 Sentries","floor":11,"turns":6},{"damage":13,"enemies":"Lagavulin","floor":14,"turns":5},{"damage":17,"enemies":"Slime Boss","floor":17,"turns":5}],"seed_played":"3942839607124811244","potions_obtained":[{"floor":7,"key":"ColorlessPotion"}],"is_trial":true,"path_per_floor":["?","M","?","M","M","R","E","R","?","T","E","$","R","E","T","R","B"],"character_chosen":"THE_SILENT","items_purchased":["Happy Flower"],"campfire_rested":0,"item_purchase_floors":[12],"current_hp_per_floor":[70,62,62,62,58,58,32,32,49,49,30,30,30,17,17,17,0,0],"gold":149,"neow_bonus":"","is_daily":false,"chose_seed":false,"campfire_upgraded":3,"win_rate":0.0,"timestamp":1612083845,"path_taken":["?","M","?","M","M","R","E","R","?","T","E","?","R","E","?","R","BOSS"],"items_purchased_type":["Relic"],"build_version":"2020-12-22","purchased_purges":0,"victory":false,"max_hp_per_floor":[70,70,70,70,70,70,70,70,70,70,70,70,70,70,70,70,70,70],"card_choices":[{"not_picked":["Riddle With Holes","Hidden Blade"],"picked":"Dagger Spray","floor":2},{"not_picked":["Caltrops","Bane","Draining Mist"],"picked":"SKIP","floor":4},{"not_picked":["Cloak And Dagger","PiercingWail"],"picked":"Poisoned Stab","floor":5},{"not_picked":["Quick Slash","ReplayTheSpireMod:The Works","Eviscerate"],"picked":"SKIP","floor":7},{"not_picked":["Wraith Form v2","Heel Hook"],"picked":"Concentrate","floor":11},{"not_picked":["Acrobatics","hubris:TrickCloak","hubris:SlightOfHand"],"picked":"SKIP","floor":14}],"player_experience":407819,"relics_obtained":[{"floor":7,"key":"Unceasing Top"},{"floor":10,"key":"CeramicFish"},{"floor":11,"key":"Tiny Chest"},{"floor":14,"key":"infinitespire:Lucky Rock"},{"floor":15,"key":"White Beast Statue"}],"event_choices":[{"damage_healed":17,"gold_gain":0,"player_choice":"Healed","damage_taken":0,"max_hp_gain":0,"max_hp_loss":0,"event_name":"The Cleric","floor":9,"gold_loss":35},{"cards_removed":["Defend_G"],"damage_healed":0,"gold_gain":0,"player_choice":"Offered Basic","damage_taken":0,"max_hp_gain":0,"max_hp_loss":0,"event_name":"Bonfire Elementals","floor":16,"gold_loss":0}],"is_beta":false,"boss_relics":[],"items_purged_floors":[],"is_endless":false,"potions_floor_spawned":[7],"killed_by":"Slime Boss","ascension_level":0}}