{"host":"yy1cu9q9bsxhflzi","time":1612113572,"event":{"mods":["BaseMod","DeckTracker","Minty Spire (QoL Compilation)","Quick Restart","StSLib","everything is the same but u backflip on backflip"],"gold_per_floor":[118,135,155,230,255,296,328,373,430,183,203,219,219,229,229,308,308,324,18,18,18,33,33,67,267,267,286,286,315,315,326,326,399,399,417,417,317,328,406,406,425,439,439,455,455,455],"floor_reached":45,"language":"KOR","playtime":1403,"items_purged":["Defend_G","Defend_G","Defend_G"],"score":1084,"play_id":"90d56a39-4052-4608-9b32-ecc3870a3099","local_time":"20210201021932","is_ascension_mode":true,"campfire_choices":[{"data":"Well Laid Plans","floor":13,"key":"SMITH"},{"data":"Setup","floor":15,"key":"SMITH"},{"floor":23,"key":"REST"},{"floor":28,"key":"REST"},{"floor":30,"key":"REST"},{"data":"Tactician","floor":32,"key":"SMITH"},{"data":"Prepared","floor":40,"key":"SMITH"}],"circlet_count":0,"master_deck":["AscendersBane","Defend_G","Defend_G","Survivor","A Thousand Cuts+1","A Thousand Cuts+1","A Thousand Cuts+1","A Thousand Cuts+1","A Thousand Cuts+1","Setup+1","Backflip","Dodge and Roll","Well Laid Plans+1","Concentrate","Blur","Acrobatics","Tools of the Trade","Prepared+1","Caltrops","Tactician+1","Outmaneuver","Adrenaline"],"relics":["Ring of the Snake","Mummified Hand","MawBank","Bronze Scales","Paper Crane","SacredBark","OrangePellets","Potion Belt","Mummified Hand","Incense Burner","The Courier","HoveringKite","Blue Candle","InkBottle","Whetstone"],"acts_visited":["Exordium","TheCity","TheBeyond"],"potions_floor_usage":[6,8,12,14,22,29,38,41,44],"damage_taken":[{"damage":0,"enemies":"Cultist","floor":1,"turns":3},{"damage":4,"enemies":"Jaw Worm","floor":2,"turns":4},{"damage":4,"enemies":"2 Louse","floor":3,"turns":2},{"damage":13,"enemies":"Lagavulin","floor":6,"turns":6},{"damage":1,"enemies":"Looter","floor":7,"turns":3},{"damage":29,"enemies":"3 Sentries","floor":8,"turns":5},{"damage":1,"enemies":"Lots of Slimes","floor":11,"turns":2},{"damage":0,"enemies":"Red Slaver","floor":12,"turns":3},{"damage":0,"enemies":"Exordium Thugs","floor":14,"turns":2},{"damage":0,"enemies":"Hexaghost","floor":16,"turns":6},{"damage":12,"enemies":"Spheric Guardian","floor":18,"turns":4},{"damage":2,"enemies":"2 Thieves","floor":22,"turns":3},{"damage":41,"enemies":"Slavers","floor":24,"turns":3},{"damage":0,"enemies":"Snake Plant","floor":27,"turns":2},{"damage":1,"enemies":"Gremlin Leader","floor":29,"turns":4},{"damage":8,"enemies":"Centurion and Healer","floor":31,"turns":4},{"damage":13,"enemies":"Champ","floor":33,"turns":10},{"damage":27,"enemies":"Orb Walker","floor":35,"turns":4},{"damage":6,"enemies":"3 Darklings","floor":38,"turns":3},{"damage":9,"enemies":"Jaw Worm Horde","floor":41,"turns":2},{"damage":0,"enemies":"Transient","floor":42,"turns":6},{"damage":0,"enemies":"3 Darklings","floor":44,"turns":3},{"damage":0,"enemies":"Maw","floor":45,"turns":2}],"seed_played":"-3697023351711884632","potions_obtained":[{"floor":2,"key":"Fruit Juice"},{"floor":3,"key":"EssenceOfSteel"},{"floor":11,"key":"DistilledChaos"},{"floor":12,"key":"DistilledChaos"},{"floor":16,"key":"Fire Potion"},{"floor":22,"key":"Strength Potion"},{"floor":29,"key":"GhostInAJar"},{"floor":31,"key":"LiquidMemories"},{"floor":35,"key":"Block Potion"},{"floor":44,"key":"Strength Potion"}],"is_trial":true,"path_per_floor":["M","M","M","?","T","E","M","E","T","$","M","M","R","M","R","B",null,"M","$","T","?","M","R","E","?","T","M","R","E","R","M","R","B",null,"M","T","$","M","T","R","M","M","T","M","M"],"character_chosen":"THE_SILENT","items_purchased":["Concentrate","GhostInAJar","OrangePellets","Caltrops"],"campfire_rested":3,"item_purchase_floors":[10,10,19,19],"current_hp_per_floor":[59,55,51,40,40,27,26,2,2,2,1,1,1,1,1,1,54,42,42,42,22,20,42,1,1,1,1,23,22,44,36,36,23,63,36,36,36,30,30,30,21,21,21,21,21,21],"gold":455,"neow_bonus":"","is_daily":false,"chose_seed":false,"campfire_upgraded":4,"win_rate":0.0,"timestamp":1612113572,"path_taken":["M","M","M","?","?","E","M","E","T","$","M","M","R","?","R","BOSS","M","$","?","?","M","R","E","?","T","?","R","E","R","M","R","BOSS","M","?","$","M","?","R","?","M","T","M","M"],"items_purchased_type":["Card","Potion","Relic","Card"],"build_version":"2020-12-22","purchased_purges":3,"victory":false,"max_hp_per_floor":[66,66,66,66,66,66,66,71,71,71,71,71,71,71,71,71,71,71,71,71,76,76,76,76,76,76,76,76,76,76,76,76,76,76,76,76,76,76,76,76,76,76,76,76,76,76],"card_choices":[{"not_picked":["Sucker Punch","Dagger Spray"],"picked":"Setup","floor":1},{"not_picked":["Blade Dance","Poisoned Stab","Deadly Poison"],"picked":"SKIP","floor":2},{"not_picked":["Dodge and Roll","Prepared"],"picked":"Backflip","floor":3},{"not_picked":["Backstab","Deadly Poison"],"picked":"Dodge and Roll","floor":6},{"not_picked":["Catalyst","Corpse Explosion","Dash"],"picked":"SKIP","floor":7},{"not_picked":["Flying Knee","Dagger Throw"],"picked":"Well Laid Plans","floor":8},{"not_picked":["Quick Slash","Leg Sweep"],"picked":"Blur","floor":11},{"not_picked":["Dagger Spray","Underhanded Strike"],"picked":"Acrobatics","floor":12},{"not_picked":["Poisoned Stab","Slice","Predator"],"picked":"SKIP","floor":14},{"not_picked":["Venomology","Storm of Steel"],"picked":"Tools of the Trade","floor":16},{"not_picked":["Deadly Poison","Poisoned Stab"],"picked":"Prepared","floor":18},{"not_picked":["Dagger Spray","Deflect","Poisoned Stab"],"picked":"SKIP","floor":22},{"not_picked":["Venomology","Underhanded Strike"],"picked":"Tactician","floor":24},{"not_picked":["Dagger Spray","Masterful Stab"],"picked":"Outmaneuver","floor":27},{"not_picked":["Phantasmal Killer","Flying Knee","Eviscerate"],"picked":"SKIP","floor":29},{"not_picked":["Well Laid Plans","Accuracy+1","Endless Agony"],"picked":"SKIP","floor":31},{"not_picked":["Wraith Form v2","Night Terror"],"picked":"Adrenaline","floor":33},{"not_picked":["Dodge and Roll","Backflip","Sucker Punch"],"picked":"SKIP","floor":35},{"not_picked":["Unload","Flechettes","Sucker Punch"],"picked":"SKIP","floor":38},{"not_picked":["Dagger Spray+1","Backflip","Choke"],"picked":"SKIP","floor":41},{"not_picked":["Backflip","Flechettes","Bane"],"picked":"SKIP","floor":42},{"not_picked":["Dodge and Roll","Predator+1","All Out Attack+1"],"picked":"SKIP","floor":44}],"player_experience":3896825,"relics_obtained":[{"floor":5,"key":"MawBank"},{"floor":6,"key":"Bronze Scales"},{"floor":8,"key":"Paper Crane"},{"floor":20,"key":"Potion Belt"},{"floor":24,"key":"Mummified Hand"},{"floor":26,"key":"Incense Burner"},{"floor":29,"key":"The Courier"},{"floor":36,"key":"Blue Candle"},{"floor":39,"key":"InkBottle"},{"floor":43,"key":"Whetstone"}],"event_choices":[{"damage_healed":0,"gold_gain":75,"player_choice":"Gather Gold","damage_taken":11,"max_hp_gain":0,"max_hp_loss":0,"event_name":"World of Goop","floor":4,"gold_loss":0},{"damage_healed":0,"gold_gain":0,"player_choice":"Shed Blood","damage_taken":25,"max_hp_gain":5,"max_hp_loss":0,"event_name":"Forgotten Altar","floor":21,"gold_loss":0},{"damage_healed":0,"gold_gain":200,"player_choice":"Gold","damage_taken":0,"max_hp_gain":0,"max_hp_loss":0,"event_name":"Wheel of Change","floor":25,"gold_loss":0}],"is_beta":false,"boss_relics":[{"not_picked":["Black Star","Busted Crown"],"picked":"SacredBark"},{"not_picked":["Cursed Key","SlaversCollar"],"picked":"HoveringKite"}],"items_purged_floors":[10,19,37],"is_endless":false,"potions_floor_spawned":[2,3,11,12,16,22,29,31,35,44],"killed_by":"Maw","ascension_level":20}}