{"host":"kw4o7b3ro2ktmmbe","time":1612061340,"event":{"mods":["BaseMod","Bossed Relics","Evolution","Minty Spire (QoL Compilation)","StSLib","The Runesmith"],"gold_per_floor":[111,111,125,125,125,142,171,171,171,185,185,220,185,215,215,315,315,335,250,12,12,12,12,44,44,44,62,80,4,4,24,24,122,122,139,0,0,23,43,43,69,119,119,119,129,52,52,81,81,81],"floor_reached":51,"language":"ENG","playtime":4431,"items_purged":[],"score":822,"play_id":"a56f26a9-fbd3-442a-9172-f6675f3670b1","local_time":"20210131154900","is_ascension_mode":true,"campfire_choices":[{"data":"Runesmith:ChaoticBlast","floor":8.0,"key":"SMITH"},{"data":"Runesmith:ReplicatingBarrier","floor":11.0,"key":"SMITH"},{"data":"Runesmith:CraftMagma","floor":15.0,"key":"SMITH"},{"data":"Runesmith:CraftFirestone","floor":23.0,"key":"SMITH"},{"data":"Runesmith:Fortify","floor":25.0,"key":"SMITH"},{"data":"Runesmith:LithiumIon","floor":32.0,"key":"SMITH"},{"data":"Runesmith:CreatorForm","floor":40,"key":"SMITH"},{"data":"Runesmith:CraftSpiculum","floor":44,"key":"SMITH"},{"data":"Runesmith:Grindstone","floor":47,"key":"SMITH"},{"data":"Runesmith:PoweredAnvil","floor":49,"key":"SMITH"}],"circlet_count":0,"master_deck":["Runesmith:ShiftingStrike","Runesmith:ShiftingStrike","Runesmith:Defend_RS","Runesmith:Defend_RS","Runesmith:Defend_RS","Runesmith:CraftFirestone+1","Runesmith:Fortify+1","Runesmith:ChaoticBlast+1","Runesmith:GoWithTheFlow","Runesmith:CraftMagma+1","Runesmith:ReplicatingBarrier+1","Runesmith:CraftSpiculum+1","Runesmith:EarthShield+1","Runesmith:LithiumIon+1","Bite","Bite","Bite","Bite","Bite","Runesmith:HammerThrow+1","Runesmith:CreatorForm+1","Runesmith:EnergizedChisel+1","Runesmith:EnergizedChisel+1","Runesmith:Malloc+1","Runesmith:Grindstone+1","Runesmith:PoweredAnvil+1"],"relics":["Runesmith:BrokenRuby","EVO:Axolotl","Toy Ornithopter","InkBottle","Pantograph","Art of War","Pandora\u0027s Box","Kunai","Meat on the Bone","Lantern","Anchor","Happy Flower","Busted Crown","Red Mask","Vajra","Ornamental Fan","CaptainsWheel","Mercury Hourglass","Singing Bowl"],"acts_visited":["Exordium","TheCity","TheBeyond"],"potions_floor_usage":[48],"damage_taken":[{"damage":1.0,"enemies":"2 Louse","floor":1.0,"turns":3.0},{"damage":1.0,"enemies":"Cultist","floor":3.0,"turns":3.0},{"damage":10.0,"enemies":"Small Slimes","floor":6.0,"turns":3.0},{"damage":30.0,"enemies":"3 Sentries","floor":7.0,"turns":7.0},{"damage":3.0,"enemies":"3 Louse","floor":10.0,"turns":3.0},{"damage":9.0,"enemies":"Gremlin Nob","floor":12.0,"turns":5.0},{"damage":25.0,"enemies":"Hexaghost","floor":16.0,"turns":8.0},{"damage":22.0,"enemies":"3 Byrds","floor":18.0,"turns":4.0},{"damage":39.0,"enemies":"Slavers","floor":24.0,"turns":6.0},{"damage":0.0,"enemies":"Chosen","floor":27.0,"turns":3.0},{"damage":3.0,"enemies":"Centurion and Healer","floor":28.0,"turns":6.0},{"damage":10.0,"enemies":"Cultist and Chosen","floor":31.0,"turns":5.0},{"damage":27.0,"enemies":"Automaton","floor":33.0,"turns":8.0},{"damage":17,"enemies":"3 Shapes","floor":35,"turns":5},{"damage":28,"enemies":"3 Darklings","floor":39,"turns":4},{"damage":14,"enemies":"Nemesis","floor":41,"turns":7},{"damage":0,"enemies":"Mind Bloom Boss Battle","floor":42,"turns":7},{"damage":0,"enemies":"4 Shapes","floor":45,"turns":3},{"damage":0,"enemies":"Reptomancer","floor":48,"turns":5},{"damage":55,"enemies":"Awakened One","floor":50,"turns":9}],"seed_played":"5627652395441941861","potions_obtained":[{"floor":6.0,"key":"SpeedPotion"},{"floor":10.0,"key":"EssenceOfSteel"},{"floor":18.0,"key":"Swift Potion"},{"floor":27.0,"key":"Explosive Potion"},{"floor":39,"key":"Swift Potion"}],"is_trial":false,"path_per_floor":["M","?","M","?","?","M","E","R","T","M","R","E","?","?","R","B",null,"M","?","$","?","?","R","E","R","T","M","M","$","?","M","R","B",null,"M","?","?","T","M","R","E","?","T","R","M","$","R","E","R","B",null],"character_chosen":"RUNESMITH_CLASS","items_purchased":["Meat on the Bone","Runesmith:LithiumIon","Runesmith:PoweredAnvil"],"campfire_rested":0,"item_purchase_floors":[20,29,46],"current_hp_per_floor":[76,61,60,65,65,55,25,25,25,22,22,23,43,43,43,43,82,60,60,60,60,92,92,53,53,53,53,50,50,50,50,50,50,64,52,52,52,52,35,35,42,64,64,64,64,64,64,66,66,39],"gold":81,"neow_bonus":"TEN_PERCENT_HP_BONUS","is_daily":false,"chose_seed":false,"campfire_upgraded":10,"win_rate":0.0,"timestamp":1612061340,"path_taken":["M","?","M","?","?","M","E","R","T","?","R","E","?","?","R","BOSS","M","?","$","?","?","R","E","R","T","?","?","$","?","M","R","BOSS","M","?","?","?","M","R","E","?","T","R","M","$","R","E","R","BOSS"],"items_purchased_type":["Relic","Card","Card"],"build_version":"2020-12-22","purchased_purges":0,"victory":true,"max_hp_per_floor":[77,77,77,82,82,82,82,82,82,82,82,82,82,82,82,82,82,82,82,82,82,92,92,92,92,92,92,92,92,64,64,64,64,64,64,64,64,64,64,64,64,64,64,64,64,64,64,66,66,66],"card_choices":[{"not_picked":["Runesmith:ChaoticBlast","Runesmith:RuneHurl"],"picked":"Runesmith:Grindstone","floor":1.0},{"not_picked":["Runesmith:HeatExchange","Runesmith:Grindstone"],"picked":"Runesmith:ChaoticBlast","floor":3.0},{"not_picked":["Runesmith:HammerTime","Runesmith:ShiftingStrike"],"picked":"Runesmith:GoWithTheFlow","floor":6.0},{"not_picked":["Runesmith:Augment","Runesmith:PerfectChisel"],"picked":"Runesmith:CraftMagma","floor":7.0},{"not_picked":["Runesmith:RuneHurl","Runesmith:Repurpose"],"picked":"Runesmith:ReplicatingBarrier","floor":10.0},{"not_picked":["Runesmith:StaticCage","Runesmith:ShiftingStrike","Runesmith:HeatedChisel"],"picked":"SKIP","floor":12.0},{"not_picked":["Runesmith:CraftPrismatica","Runesmith:LastStand"],"picked":"Runesmith:ArcReactor","floor":16.0},{"not_picked":["Runesmith:FieryHammer","Runesmith:ChiselStab","Runesmith:RuneHurl"],"picked":"SKIP","floor":18.0},{"not_picked":["Runesmith:HeatedChisel","Runesmith:NanitesCloud","Runesmith:Repurpose"],"picked":"SKIP","floor":24.0},{"not_picked":["Runesmith:EarthShield","Runesmith:CraftMagma"],"picked":"Runesmith:CraftSpiculum","floor":27.0},{"not_picked":["Runesmith:Terraform","Runesmith:StaticCage"],"picked":"Runesmith:EarthShield+1","floor":28.0},{"not_picked":["Runesmith:CraftProtectio","Runesmith:Empowerment"],"picked":"Runesmith:HammerThrow+1","floor":31.0},{"not_picked":["Runesmith:MetallurgicalResearch","Runesmith:Duplicate"],"picked":"Runesmith:CreatorForm","floor":33.0},{"not_picked":[],"picked":"Runesmith:EnergizedChisel+1","floor":35},{"not_picked":["Runesmith:RuneHurl"],"picked":"SKIP","floor":39},{"not_picked":[],"picked":"Runesmith:EnergizedChisel+1","floor":41},{"not_picked":[],"picked":"Runesmith:Malloc+1","floor":42},{"not_picked":[],"picked":"Runesmith:Grindstone","floor":45},{"not_picked":["Runesmith:Terraform"],"picked":"Singing Bowl","floor":48}],"player_experience":1877318,"relics_obtained":[{"floor":7.0,"key":"InkBottle"},{"floor":9.0,"key":"Pantograph"},{"floor":12.0,"key":"Art of War"},{"floor":24.0,"key":"Anchor"},{"floor":26.0,"key":"Happy Flower"},{"floor":38,"key":"Vajra"},{"floor":41,"key":"Ornamental Fan"},{"floor":42,"key":"CaptainsWheel"},{"floor":43,"key":"Mercury Hourglass"},{"floor":48,"key":"Singing Bowl"}],"event_choices":[{"damage_healed":0.0,"max_hp_gain":0.0,"max_hp_loss":0.0,"gold_gain":0.0,"event_name":"Shining Light","player_choice":"Entered Light","floor":2.0,"gold_loss":0.0,"damage_taken":15.0,"cards_upgraded":["Runesmith:Grindstone","Runesmith:Defend_RS"]},{"damage_healed":0.0,"max_hp_gain":5.0,"max_hp_loss":0.0,"gold_gain":0.0,"event_name":"Big Fish","player_choice":"Donut","floor":4.0,"gold_loss":0.0,"damage_taken":0.0},{"cards_removed":["Runesmith:Grindstone"],"damage_healed":0.0,"max_hp_gain":0.0,"max_hp_loss":0.0,"gold_gain":0.0,"event_name":"WeMeetAgain","player_choice":"Gave Card","floor":5.0,"gold_loss":0.0,"damage_taken":0.0,"relics_obtained":["Toy Ornithopter"]},{"damage_healed":20.0,"max_hp_gain":0.0,"max_hp_loss":0.0,"gold_gain":0.0,"event_name":"The Cleric","player_choice":"Healed","floor":13.0,"gold_loss":35.0,"damage_taken":0.0},{"damage_healed":0.0,"max_hp_gain":0.0,"max_hp_loss":0.0,"gold_gain":30.0,"event_name":"Dead Adventurer","player_choice":"Searched \u00272\u0027 times","floor":14.0,"gold_loss":0.0,"damage_taken":0.0},{"damage_healed":0.0,"max_hp_gain":0.0,"max_hp_loss":0.0,"gold_gain":0.0,"event_name":"Addict","player_choice":"Obtained Relic","floor":19.0,"gold_loss":85.0,"damage_taken":0.0,"relics_obtained":["Kunai"]},{"damage_healed":0.0,"max_hp_gain":0.0,"max_hp_loss":0.0,"gold_gain":0.0,"event_name":"The Mausoleum","player_choice":"Opened","floor":21.0,"gold_loss":0.0,"damage_taken":0.0,"relics_obtained":["Lantern"]},{"cards_removed":["Runesmith:ArcReactor"],"damage_healed":22.0,"max_hp_gain":10.0,"max_hp_loss":0.0,"gold_gain":0.0,"event_name":"Bonfire Elementals","player_choice":"Offered Rare","floor":22.0,"gold_loss":0.0,"damage_taken":0.0},{"damage_healed":0.0,"max_hp_gain":0.0,"max_hp_loss":28.0,"gold_gain":0.0,"event_name":"Vampires","player_choice":"Became a vampire","floor":30.0,"gold_loss":0.0,"damage_taken":0.0,"cards_obtained":["Bite","Bite","Bite","Bite","Bite"]},{"damage_healed":0,"gold_gain":0,"player_choice":"Paid","damage_taken":0,"relics_obtained":["Red Mask"],"max_hp_gain":0,"max_hp_loss":0,"event_name":"Tomb of Lord Red Mask","floor":36,"gold_loss":139},{"cards_removed":["Runesmith:Defend_RS"],"damage_healed":0,"gold_gain":0,"player_choice":"Removed Skill","damage_taken":0,"max_hp_gain":0,"max_hp_loss":0,"event_name":"Falling","floor":37,"gold_loss":0},{"damage_healed":0,"gold_gain":0,"player_choice":"Fight","damage_taken":0,"max_hp_gain":0,"max_hp_loss":0,"event_name":"MindBloom","floor":42,"gold_loss":0}],"is_beta":false,"boss_relics":[{"not_picked":["Runic Pyramid","Philosopher\u0027s Stone"],"picked":"Pandora\u0027s Box"},{"not_picked":["SacredBark","Calling Bell"],"picked":"Busted Crown"}],"items_purged_floors":[],"is_endless":false,"potions_floor_spawned":[6,10,18,27,39,42,45],"ascension_level":2}}