{"host":"nug5xkek4sujf8as","time":1612078917,"event":{"mods":["Act Like it!","Aspiration","BaseMod","Booster Modes","CapriCore","Colored Powertips","Conspire","Energized Spire","Gensokyo","Minty Spire (QoL Compilation)","Permanent Neow","Quick Restart","Replay The Spire","Shop Mod","Spicy Shops","StSLib","¡¾¹¦ÄÜMod¡¿»ìãçÖ®»·ÐÞ¸´²¹¶¡","¡¾ÒÅÎï¿¨ÅÆ¡¿REMEMod","óô»ðÖ¸ÄÏ"],"gold_per_floor":[109,109,121,137,148,178,141,152,176,220,220,248,280,327,339,454,466,498,66,79,19,29,29,29,64,89,118,118,133,133,163,163,259,259,275,290,143,163,163,93,106,139,164,193,209,209,221,250,250,250,26,26,26,26,14,41,41,41],"floor_reached":57,"language":"ZHS","playtime":3370,"items_purged":["Injury","conspire:NecroticWound"],"score":1685,"play_id":"944e38da-48a9-413d-aa63-00091388985e","local_time":"20210131154157","is_ascension_mode":true,"campfire_choices":[{"floor":15.0,"key":"REST"},{"floor":23.0,"key":"RECALL"},{"data":"Defragment","floor":30,"key":"SMITH"},{"data":"Recycle","floor":32,"key":"SMITH"},{"data":"Gensokyo:RisingWorld","floor":54,"key":"SMITH"}],"circlet_count":0,"master_deck":["AscendersBane","Strike_B","Strike_B","Strike_B","Strike_B","Defend_B","Defend_B","Defend_B","Defend_B","Zap+1","Dualcast","Gensokyo:RisingWorld+1","Genetic Algorithm","Streamline+1","Beam Cell+1","Hello World","Seek","Sweeping Beam+1","White Noise","Whirlwind+1","Recycle+1","Creative AI","Panacea","Conserve Battery","Compile Driver+1","Scrape+1","Force Field","Reaper+1","Reinforced Body","BootSequence","Crescendo+1","Defragment+1","Reboot","REME_Whirling+1","Storm","ReplayTheSpireMod:GoodbyeWorld","Tempest","Crystallizer+1","ReplayTheSpireMod:Reroute Power+1","Consume+1","Skim","Amplify+1","Thunder Strike"],"relics":["Cracked Core","REME_ComplimentaryCards","Replay:M_SmolderingBlood","Blood Vial","Replay:Mystery Machine","Lizard Tail","Regal Pillow","aspiration:PoetsPen_weak","ReplayTheSpireMod:Lightbulb","Prayer Wheel","Dead Branch","Eternal Feather","Replay:Bronze Core","Replay:Frozen Program","Blue Doll","Bronze Scales","Counterbalance","Solar Panel","Chemical X","ReplayTheSpireMod:CursedCoin","MerchantsRug","Toolbox","conspire:InfiniteJournal"],"acts_visited":["Exordium","TheCity","TheBeyond","TheEnding"],"potions_floor_usage":[27,33,33,52,52,57],"damage_taken":[{"damage":0.0,"enemies":"Cultist","floor":1.0,"turns":3.0},{"damage":1.0,"enemies":"2 Louse","floor":3.0,"turns":3.0},{"damage":4.0,"enemies":"Small Slimes","floor":4.0,"turns":3.0},{"damage":1.0,"enemies":"2 Fungi Beasts","floor":5.0,"turns":3.0},{"damage":21.0,"enemies":"3 Sentries","floor":6.0,"turns":7.0},{"damage":0.0,"enemies":"Lots of Slimes","floor":8.0,"turns":2.0},{"damage":5.0,"enemies":"Lagavulin","floor":12.0,"turns":5.0},{"damage":11.0,"enemies":"Looter","floor":13.0,"turns":3.0},{"damage":0.0,"enemies":"Gremlin Nob","floor":14.0,"turns":1.0},{"damage":35.0,"enemies":"Fading Forest","floor":16.0,"turns":11.0},{"damage":18.0,"enemies":"Shell Parasite","floor":18.0,"turns":4.0},{"damage":8.0,"enemies":"Chosen","floor":20.0,"turns":1.0},{"damage":0.0,"enemies":"Snecko","floor":22.0,"turns":3.0},{"damage":12.0,"enemies":"Gremlin Leader","floor":25.0,"turns":4.0},{"damage":32,"enemies":"Book of Stabbing","floor":27,"turns":5},{"damage":0,"enemies":"Centurion and Healer","floor":29,"turns":3},{"damage":2,"enemies":"Gremlin Leader","floor":31,"turns":5},{"damage":68,"enemies":"Pondfish","floor":33,"turns":14},{"damage":7,"enemies":"3 Shapes","floor":35,"turns":3},{"damage":8,"enemies":"3 Darklings","floor":36,"turns":4},{"damage":22,"enemies":"Transient","floor":38,"turns":5},{"damage":0,"enemies":"Spire Growth","floor":41,"turns":3},{"damage":18,"enemies":"R_Hoarder","floor":42,"turns":8},{"damage":49,"enemies":"Reptomancer","floor":44,"turns":6},{"damage":21,"enemies":"Jaw Worm Horde","floor":45,"turns":4},{"damage":8,"enemies":"Sphere and 2 Shapes","floor":47,"turns":2},{"damage":18,"enemies":"R_Hoarder","floor":48,"turns":8},{"damage":22,"enemies":"Donu and Deca","floor":52,"turns":6},{"damage":135,"enemies":"Shield and Spear","floor":56,"turns":7},{"damage":49,"enemies":"The Heart","floor":57,"turns":2}],"seed_played":"5438417030487926888","potions_obtained":[{"floor":3.0,"key":"Energy Potion"},{"floor":6.0,"key":"Adrenaline Potion"},{"floor":8.0,"key":"Dexterity Potion"},{"floor":13.0,"key":"Adrenaline Potion"},{"floor":20.0,"key":"Toxic Potion"},{"floor":22.0,"key":"EntropicBrew"},{"floor":25.0,"key":"LifebloodPotion"},{"floor":29,"key":"Death Potion"},{"floor":31,"key":"EssenceOfSteel"},{"floor":44,"key":"FocusPotion"},{"floor":47,"key":"Swift Potion"},{"floor":56,"key":"EssenceOfDarkness"}],"is_trial":false,"path_per_floor":["M","?","M","M","M","E","$","M","T","?","?","E","M","E","R","B",null,"M","$","M","$","M","R","?","E","T","E","T","M","R","E","R","B",null,"M","M","$","M","?","R","M","E","T","E","M","?","M","E","PTL","PTL","R","B",null,"R","$","E","B"],"character_chosen":"DEFECT","items_purchased":["Sweeping Beam+1","BargainBundle","ReplayTheSpireMod:Fabricate Wheel","Panacea","REME_GoldPotion","FocusPotion","ColorlessPotion","Conserve Battery","Compile Driver+1","ReplayTheSpireMod:Lightbulb","Force Field","Replay:Frozen Program","ReplayTheSpireMod:GoodbyeWorld","Chemical X","Skim","ReplayTheSpireMod:CursedCoin","MerchantsRug","Toolbox","Amplify+1"],"campfire_rested":1,"item_purchase_floors":[7,19,19,19,19,19,19,19,19,19,21,37,40,51,51,55,55,55,55],"current_hp_per_floor":[68,68,67,63,62,41,41,43,43,13,13,10,1,3,40,15,60,44,44,38,38,40,40,40,45,45,22,22,32,32,47,65,9,64,59,74,74,75,75,82,82,73,73,41,39,39,33,18,18,18,42,47,73,82,82,5,0,0],"gold":41,"neow_bonus":"NOSTALGIA","is_daily":false,"chose_seed":false,"campfire_upgraded":3,"win_rate":0.0,"timestamp":1612078917,"path_taken":["M","?","M","M","M","E","$","M","T","?","?","E","M","E","R","BOSS","M","$","M","?","M","R","?","E","T","E","?","M","R","E","R","BOSS","M","?","?","M","?","R","M","E","T","E","M","?","?","E","PTL","PTL","R","BOSS","R","$","E","BOSS"],"items_purchased_type":["Card","Relic","Card","Card","Potion","Potion","Potion","Card","Card","Relic","Card","Relic","Card","Relic","Card","Relic","Relic","Relic","Card"],"build_version":"2020-12-22","purchased_purges":2,"victory":false,"max_hp_per_floor":[75,75,75,75,75,75,75,75,75,75,75,75,75,75,75,75,75,75,75,75,75,75,75,75,75,75,82,82,82,82,82,82,82,82,82,82,82,82,82,82,82,82,82,82,82,82,82,82,82,82,82,82,82,82,82,82,82,82],"card_choices":[{"not_picked":["aspiration:Polymerization","Headbutt"],"picked":"Genetic Algorithm","floor":1.0},{"not_picked":["FollowUp+1","Turbo"],"picked":"Streamline+1","floor":3.0},{"not_picked":["ReplayGash+1","Coolheaded"],"picked":"Beam Cell+1","floor":4.0},{"not_picked":["Leap","Consume"],"picked":"Hello World","floor":5.0},{"not_picked":["Self Repair","Barrage+1"],"picked":"Seek","floor":6.0},{"not_picked":["ReplaySort","Auto Shields"],"picked":"White Noise","floor":8.0},{"not_picked":["White Noise","Conserve Battery"],"picked":"Barrage+1","floor":10.0},{"not_picked":["Beam Cell+1","Chaos"],"picked":"Whirlwind+1","floor":12.0},{"not_picked":["Ball Lightning+1","Double Energy","Panic Button"],"picked":"SKIP","floor":13.0},{"not_picked":["Leap","Coolheaded"],"picked":"Recycle","floor":14.0},{"not_picked":["Amplify","REME_ForAll+1"],"picked":"Creative AI","floor":16.0},{"not_picked":["REME_DataAnalysis+1","Hello World","Steam"],"picked":"SKIP","floor":18.0},{"not_picked":["Beam Cell+1","Headbutt+1"],"picked":"Scrape+1","floor":20.0},{"not_picked":["Stack","Clash+1","BasicCrystalCard+1"],"picked":"SKIP","floor":20.0},{"not_picked":["aspiration:Polymerization","EmptyFist+1"],"picked":"Reaper+1","floor":22.0},{"not_picked":["ReplayTheSpireMod:GoodbyeWorld","Beam Cell+1","Infernal Blade"],"picked":"SKIP","floor":22.0},{"not_picked":["Redo","WreathOfFlame"],"picked":"Reinforced Body","floor":25.0},{"not_picked":["Crescendo","Headbutt+1"],"picked":"BootSequence","floor":27},{"not_picked":["conspire:Rain","Clash+1"],"picked":"Crescendo+1","floor":29},{"not_picked":["ReplayTheSpireMod:Dual Polarity","BowlingBash+1"],"picked":"Defragment","floor":29},{"not_picked":["Doom and Gloom+1","Biased Cognition"],"picked":"ReplayTheSpireMod:Fabricate Wheel","floor":31},{"not_picked":["Creative AI","Mirror Shield","Bludgeon+1","ReplayRNGCard"],"picked":"Reboot","floor":33},{"not_picked":["Conserve Battery+1","Rebound+1","Static Discharge"],"picked":"SKIP","floor":35},{"not_picked":["Streamline+1","FIFO Queue","conspire:Rain+1"],"picked":"SKIP","floor":35},{"not_picked":["ReplaySolidLightProjector","Leap","Steam"],"picked":"SKIP","floor":35},{"not_picked":["Gash+1","ReplayTheSpireMod:Dual Polarity","ReplayTheSpireMod:Reroute Power"],"picked":"REME_Whirling+1","floor":36},{"not_picked":["ReplaySolidLightProjector","Leap","Redo"],"picked":"Storm","floor":36},{"not_picked":["Steam","Gash+1","Conserve Battery","Coolheaded"],"picked":"SKIP","floor":36},{"not_picked":["Barrage+1","Coolheaded","White Noise+1"],"picked":"SKIP","floor":38},{"not_picked":["Conserve Battery","Amplify","BootSequence"],"picked":"SKIP","floor":38},{"not_picked":["Beam Cell+1","Rebound+1","Streamline+1"],"picked":"SKIP","floor":38},{"not_picked":["Doom and Gloom+1","Panic Button+1"],"picked":"Tempest","floor":41},{"not_picked":["Reinforced Body","Panic Button","Rebound+1"],"picked":"SKIP","floor":41},{"not_picked":["Steam","Hologram+1","Panic Button+1"],"picked":"SKIP","floor":41},{"not_picked":["ReplayTheSpireMod:System Scan","FTL+1","Undo","Panic Button","Rainbow","Stack+1"],"picked":"SKIP","floor":42},{"not_picked":["Hyperbeam+1","Go for the Eyes+1"],"picked":"Crystallizer+1","floor":44},{"not_picked":["ReplayRNGCard","ReplayTheSpireMod:Repulse+1","Heatsinks"],"picked":"ReplayTheSpireMod:Reroute Power+1","floor":45},{"not_picked":["Beam Cell+1","Gash+1","ReplayTheSpireMod:Calculation Training","Coolheaded"],"picked":"SKIP","floor":45},{"not_picked":["Barrage+1","Go for the Eyes+1","Steam","Rip and Tear+1"],"picked":"SKIP","floor":45},{"not_picked":["Beam Cell+1","Gash+1","ReplayTheSpireMod:Calculation Training","Coolheaded"],"picked":"SKIP","floor":45},{"not_picked":["Barrage+1","Go for the Eyes+1","Steam","Rip and Tear+1"],"picked":"SKIP","floor":45},{"not_picked":["Panic Button","Hello World+1","Ball Lightning+1"],"picked":"SKIP","floor":47},{"not_picked":["Turbo","Cold Snap+1","Double Energy"],"picked":"SKIP","floor":47},{"not_picked":["Gash+1","Cold Snap+1","Hologram"],"picked":"SKIP","floor":47},{"not_picked":["Stack","Rebound+1"],"picked":"Consume+1","floor":48},{"not_picked":["Compile Driver","Leap"],"picked":"Thunder Strike","floor":56}],"player_experience":758176,"relics_obtained":[{"floor":6.0,"key":"Blood Vial"},{"floor":9.0,"key":"Replay:Mystery Machine"},{"floor":10.0,"key":"Lizard Tail"},{"floor":12.0,"key":"MawBank"},{"floor":14.0,"key":"Gremlin Food"},{"floor":25.0,"key":"Potion Belt"},{"floor":27,"key":"Strawberry"},{"floor":28,"key":"Dead Branch"},{"floor":31,"key":"Eternal Feather"},{"floor":42,"key":"Blue Doll"},{"floor":43,"key":"Bronze Scales"},{"floor":44,"key":"Counterbalance"},{"floor":48,"key":"Solar Panel"},{"floor":56,"key":"conspire:InfiniteJournal"}],"event_choices":[{"cards_removed":["Barrage"],"damage_healed":0.0,"max_hp_gain":0.0,"max_hp_loss":0.0,"gold_gain":0.0,"event_name":"WeMeetAgain","player_choice":"Gave Card","floor":11.0,"gold_loss":0.0,"damage_taken":0.0,"relics_obtained":["Regal Pillow"]},{"damage_healed":0,"gold_gain":0,"player_choice":"Leave","damage_taken":0,"max_hp_gain":0,"max_hp_loss":0,"event_name":"conspire:Investor","floor":39,"gold_loss":0},{"damage_healed":0,"gold_gain":0,"player_choice":"Ignored","damage_taken":0,"max_hp_gain":0,"max_hp_loss":0,"event_name":"Tomb of Lord Red Mask","floor":46,"gold_loss":0}],"is_beta":false,"boss_relics":[{"not_picked":["REME_DuelDisc","Snecko Eye"],"picked":"aspiration:PoetsPen_weak"},{"not_picked":["aspiration:SecretTechniqueScroll","Cursed Key"],"picked":"Replay:Bronze Core"}],"items_purged_floors":[19,55],"is_endless":false,"potions_floor_spawned":[3,6,8,13,20,22,25,29,31,44,47,56],"killed_by":"The Heart","ascension_level":12}}