{"host":"u1ja96cwu1wu8jpx","time":1612121104,"event":{"mods":["BaseMod","Better Match","Colored Map","Minty Spire (QoL Compilation)","Permanent Neow","StSLib"],"gold_per_floor":[111,186,186,206,124,157,157,189,201,213,283,311,323,366,378,487,499,501,513,293,293,313,342,342,360,360,360,132,167,167,183,183,285,285,295,309,359,52,70,98,98,98,124,37,37,37,76,92,92,92,92,92,63,102,102,102],"floor_reached":55,"language":"ENG","playtime":5652,"items_purged":[],"score":891,"play_id":"c2c5b879-6e7c-4d62-950d-a47ad9e56c54","local_time":"20210131142504","is_ascension_mode":true,"campfire_choices":[{"floor":7.0,"key":"REST"},{"data":"Infinite Blades","floor":15.0,"key":"SMITH"},{"floor":27.0,"key":"REST"},{"floor":30.0,"key":"RECALL"},{"data":"Footwork","floor":32.0,"key":"SMITH"},{"data":"A Thousand Cuts","floor":49,"key":"SMITH"},{"data":"J.A.X.","floor":52,"key":"SMITH"}],"circlet_count":0,"master_deck":["Strike_G","Strike_G","Strike_G","Strike_G","Strike_G","Defend_G","Defend_G","Defend_G","Defend_G","Survivor","Neutralize","Blade Dance+1","Infinite Blades+1","Cloak And Dagger","Finisher+1","Cloak And Dagger","Blade Dance","Venomology","CurseOfTheBell","Accuracy","Venomology","Footwork+1","Finisher","J.A.X.+1","PiercingWail","Bandage Up","Bullet Time","Caltrops+1","Parasite","A Thousand Cuts+1","Phantasmal Killer","Infinite Blades","Envenom","Terror","Accuracy"],"relics":["Runic Pyramid","MawBank","Question Card","Anchor","Lizard Tail","Juzu Bracelet","Calling Bell","Dream Catcher","Mercury Hourglass","Bird Faced Urn","Nloth\u0027s Gift","Regal Pillow","Ornamental Fan","TheAbacus","Toy Ornithopter","SacredBark","Turnip","Membership Card","TungstenRod","Strawberry","CeramicFish","Bag of Preparation","Letter Opener","Eternal Feather"],"acts_visited":["Exordium","TheCity","TheBeyond","TheEnding"],"potions_floor_usage":[35,35,36,37,37,39,40,40,40,47,48,48,50,50,50,54,54,54,55],"damage_taken":[{"damage":3.0,"enemies":"Jaw Worm","floor":1.0,"turns":4.0},{"damage":0.0,"enemies":"Small Slimes","floor":4.0,"turns":4.0},{"damage":13.0,"enemies":"3 Sentries","floor":6.0,"turns":10.0},{"damage":16.0,"enemies":"Gremlin Nob","floor":8.0,"turns":5.0},{"damage":8.0,"enemies":"Gremlin Nob","floor":11.0,"turns":3.0},{"damage":4.0,"enemies":"Cultist","floor":12.0,"turns":3.0},{"damage":11.0,"enemies":"3 Sentries","floor":14.0,"turns":6.0},{"damage":0.0,"enemies":"Slime Boss","floor":16.0,"turns":5.0},{"damage":10.0,"enemies":"2 Thieves","floor":18.0,"turns":4.0},{"damage":0.0,"enemies":"Chosen","floor":22.0,"turns":2.0},{"damage":25.0,"enemies":"Gremlin Leader","floor":23.0,"turns":6.0},{"damage":11.0,"enemies":"3 Cultists","floor":25.0,"turns":5.0},{"damage":9.0,"enemies":"Book of Stabbing","floor":29.0,"turns":5.0},{"damage":3.0,"enemies":"Cultist and Chosen","floor":31.0,"turns":6.0},{"damage":12.0,"enemies":"Champ","floor":33.0,"turns":8.0},{"damage":3,"enemies":"3 Shapes","floor":35,"turns":3},{"damage":9,"enemies":"3 Darklings","floor":36,"turns":5},{"damage":3,"enemies":"Mind Bloom Boss Battle","floor":37,"turns":5},{"damage":10,"enemies":"Writhing Mass","floor":39,"turns":8},{"damage":3,"enemies":"Giant Head","floor":40,"turns":6},{"damage":42,"enemies":"Nemesis","floor":47,"turns":5},{"damage":0,"enemies":"4 Shapes","floor":48,"turns":3},{"damage":161,"enemies":"Awakened One","floor":50,"turns":13},{"damage":123,"enemies":"Shield and Spear","floor":54,"turns":11},{"damage":59,"enemies":"The Heart","floor":55,"turns":2}],"seed_played":"2614871782530976854","potions_obtained":[{"floor":1.0,"key":"BlessingOfTheForge"},{"floor":8.0,"key":"Dexterity Potion"},{"floor":11.0,"key":"Strength Potion"},{"floor":14.0,"key":"CultistPotion"},{"floor":23.0,"key":"Dexterity Potion"},{"floor":33.0,"key":"LiquidBronze"},{"floor":40,"key":"ColorlessPotion"}],"is_trial":false,"path_per_floor":["M","?","?","M","$","E","R","E","T","?","?","M","?","E","R","B",null,"M","?","$","?","M","E","?","M","T","R","$","E","R","M","R","B",null,"M","M","?","$","M","E","?","?","T","$","?","?","E","M","R","B",null,"R","$","E","B"],"character_chosen":"THE_SILENT","items_purchased":["Infinite Blades","Accuracy","Regal Pillow","Bandage Up","TheAbacus","Membership Card","TungstenRod","Infinite Blades","Bag of Preparation","Terror"],"campfire_rested":2,"item_purchase_floors":[5,20,20,28,28,38,38,44,44,53],"current_hp_per_floor":[67,56,56,56,56,43,64,48,48,45,37,33,33,22,22,22,70,60,60,60,60,64,45,45,40,40,70,70,65,65,70,70,62,70,70,69,70,70,68,77,77,77,77,77,77,73,38,73,73,43,73,73,73,22,0,0],"gold":102,"neow_bonus":"BOSS_RELIC","is_daily":false,"chose_seed":false,"campfire_upgraded":4,"win_rate":0.0,"timestamp":1612121104,"path_taken":["M","?","?","?","$","E","R","E","T","?","?","M","?","E","R","BOSS","M","?","$","?","M","E","?","M","T","R","$","E","R","M","R","BOSS","M","M","?","?","M","E","?","?","T","$","?","?","E","M","R","BOSS","R","$","E","BOSS"],"items_purchased_type":["Card","Card","Relic","Card","Relic","Relic","Relic","Card","Relic","Card"],"build_version":"2020-12-22","purchased_purges":0,"victory":false,"max_hp_per_floor":[70,70,70,70,70,70,70,70,70,70,70,70,70,70,70,70,70,70,70,70,70,70,70,70,70,70,70,70,70,70,70,70,70,70,70,70,70,70,70,77,77,77,77,77,77,73,73,73,73,73,73,73,73,73,73,73],"card_choices":[{"not_picked":["Dash","Flechettes"],"picked":"Blade Dance","floor":1.0},{"not_picked":["Eviscerate","Calculated Gamble","Dagger Spray"],"picked":"SKIP","floor":4.0},{"not_picked":["Reflex","Dagger Spray"],"picked":"Cloak And Dagger","floor":6.0},{"not_picked":["Poisoned Stab","Skewer"],"picked":"Finisher","floor":8.0},{"not_picked":["Noxious Fumes","Well Laid Plans","Eviscerate"],"picked":"Cloak And Dagger","floor":11.0},{"not_picked":["Heel Hook","Bouncing Flask","Slice","All Out Attack"],"picked":"SKIP","floor":12.0},{"not_picked":["Flechettes","Adrenaline","Deadly Poison"],"picked":"Blade Dance","floor":14.0},{"not_picked":["Night Terror","After Image","Die Die Die"],"picked":"Venomology","floor":16.0},{"not_picked":["Prepared+1","Backflip","Dagger Throw","Underhanded Strike"],"picked":"SKIP","floor":18.0},{"not_picked":["Masterful Stab+1","Cloak And Dagger","Dodge and Roll+1"],"picked":"Footwork","floor":22.0},{"not_picked":["Glass Knife","Prepared","Quick Slash+1"],"picked":"Finisher","floor":23.0},{"not_picked":["Bane","Bouncing Flask","Backstab","Crippling Poison"],"picked":"SKIP","floor":25.0},{"not_picked":["Blade Dance","Masterful Stab","Escape Plan"],"picked":"PiercingWail","floor":27.0},{"not_picked":["Glass Knife","Backflip","Tactician+1","Venomology"],"picked":"SKIP","floor":29.0},{"not_picked":["Sucker Punch","Poisoned Stab+1","Flying Knee","Cloak And Dagger"],"picked":"SKIP","floor":31.0},{"not_picked":["Venomology","Tools of the Trade","Adrenaline"],"picked":"Bullet Time","floor":33.0},{"not_picked":["Acrobatics+1","Tools of the Trade","Dagger Spray","Deflect"],"picked":"SKIP","floor":35},{"not_picked":["Slice","Bane+1","Blur","Quick Slash"],"picked":"SKIP","floor":36},{"not_picked":["Flechettes+1","Sucker Punch","Dodge and Roll"],"picked":"Caltrops+1","floor":37},{"not_picked":["Dagger Spray","Corpse Explosion","Masterful Stab"],"picked":"A Thousand Cuts","floor":39},{"not_picked":["Die Die Die","Flechettes","Crippling Poison+1"],"picked":"Phantasmal Killer","floor":40},{"not_picked":["Masterful Stab+1","All Out Attack","Quick Slash"],"picked":"Envenom","floor":47},{"not_picked":["Deflect","Cloak And Dagger+1","Bouncing Flask","PiercingWail+1"],"picked":"SKIP","floor":48},{"not_picked":["Burst","Terror+1","Infinite Blades+1"],"picked":"Accuracy","floor":54}],"player_experience":425342,"relics_obtained":[{"floor":6.0,"key":"Tingsha"},{"floor":8.0,"key":"MawBank"},{"floor":9.0,"key":"Question Card"},{"floor":14.0,"key":"Juzu Bracelet"},{"floor":17.0,"key":"Dream Catcher"},{"floor":17.0,"key":"Mercury Hourglass"},{"floor":17.0,"key":"Bird Faced Urn"},{"floor":23.0,"key":"Ornamental Fan"},{"floor":29.0,"key":"Toy Ornithopter"},{"floor":37,"key":"Turnip"},{"floor":40,"key":"Strawberry"},{"floor":43,"key":"CeramicFish"},{"floor":47,"key":"Letter Opener"},{"floor":54,"key":"Eternal Feather"}],"event_choices":[{"damage_healed":0.0,"max_hp_gain":0.0,"max_hp_loss":0.0,"gold_gain":75.0,"event_name":"World of Goop","player_choice":"Gather Gold","floor":2.0,"gold_loss":0.0,"damage_taken":11.0},{"damage_healed":0.0,"max_hp_gain":0.0,"max_hp_loss":0.0,"gold_gain":0.0,"event_name":"Upgrade Shrine","player_choice":"Upgraded","floor":3.0,"gold_loss":0.0,"damage_taken":0.0,"cards_upgraded":["Blade Dance"]},{"damage_healed":0.0,"max_hp_gain":0.0,"max_hp_loss":0.0,"gold_gain":0.0,"event_name":"Scrap Ooze","player_choice":"Success","floor":10.0,"gold_loss":0.0,"damage_taken":3.0,"relics_obtained":["Anchor"]},{"damage_healed":0.0,"max_hp_gain":0.0,"max_hp_loss":0.0,"gold_gain":0.0,"event_name":"Dead Adventurer","player_choice":"Searched \u00272\u0027 times","floor":11.0,"gold_loss":0.0,"damage_taken":0.0,"relics_obtained":["Lizard Tail"]},{"damage_healed":0.0,"max_hp_gain":0.0,"max_hp_loss":0.0,"gold_gain":0.0,"event_name":"Living Wall","player_choice":"Grow","floor":13.0,"gold_loss":0.0,"damage_taken":0.0,"cards_upgraded":["Finisher"]},{"damage_healed":0.0,"max_hp_gain":0.0,"max_hp_loss":0.0,"gold_gain":0.0,"event_name":"N\u0027loth","player_choice":"Traded Relic","floor":19.0,"relics_lost":["Tingsha"],"gold_loss":0.0,"damage_taken":0.0,"relics_obtained":["Nloth\u0027s Gift"]},{"damage_healed":0.0,"max_hp_gain":0.0,"max_hp_loss":0.0,"gold_gain":0.0,"event_name":"The Library","player_choice":"Read","floor":21.0,"gold_loss":0.0,"damage_taken":0.0,"cards_obtained":["Venomology"]},{"damage_healed":0.0,"max_hp_gain":0.0,"max_hp_loss":0.0,"gold_gain":0.0,"event_name":"Drug Dealer","player_choice":"Obtain J.A.X.","floor":24.0,"gold_loss":0.0,"damage_taken":0.0,"cards_obtained":["J.A.X."]},{"damage_healed":0,"gold_gain":0,"player_choice":"Fight","damage_taken":0,"max_hp_gain":0,"max_hp_loss":0,"event_name":"MindBloom","floor":37,"gold_loss":0},{"damage_healed":0,"gold_gain":0,"player_choice":"Memory 1","damage_taken":0,"max_hp_gain":0,"max_hp_loss":0,"event_name":"SensoryStone","floor":41,"gold_loss":0},{"cards_removed":["Defend_G"],"damage_healed":0,"gold_gain":0,"player_choice":"Removed Skill","damage_taken":0,"max_hp_gain":0,"max_hp_loss":0,"event_name":"Falling","floor":42,"gold_loss":0},{"damage_healed":0,"gold_gain":0,"player_choice":"Ignored","damage_taken":0,"max_hp_gain":0,"max_hp_loss":0,"event_name":"NoteForYourself","floor":45,"gold_loss":0},{"damage_healed":0,"gold_gain":0,"player_choice":"Max HP","damage_taken":0,"max_hp_gain":0,"max_hp_loss":4,"event_name":"Winding Halls","floor":46,"gold_loss":0}],"is_beta":false,"boss_relics":[{"not_picked":["Empty Cage","Fusion Hammer"],"picked":"Calling Bell"},{"not_picked":["Black Star","Velvet Choker"],"picked":"SacredBark"}],"items_purged_floors":[],"is_endless":false,"potions_floor_spawned":[1,8,11,14,23,25,31,33,40],"killed_by":"The Heart","ascension_level":1}}