{"host":"pe7ycb8t2t906so2","time":1612129383,"event":{"mods":["BaseMod","Colored Map","Highlight Path","Minty Spire (QoL Compilation)"],"gold_per_floor":[119,119,139,154,170,170,195,195,195,222,237,269,32,32,32,109,109,129,129,90,90,90,90,125,125,125,125,136,156,156,174,174,174,174],"floor_reached":33,"language":"FRA","playtime":1749,"items_purged":["Strike_R"],"score":509,"play_id":"1cfadb40-ec95-411f-8e50-9e298d55fcd0","local_time":"20210131164303","is_ascension_mode":true,"campfire_choices":[{"data":"Double Tap","floor":6,"key":"SMITH"},{"data":"Pommel Strike","floor":8,"key":"SMITH"},{"data":"Ghostly Armor","floor":15,"key":"SMITH"},{"data":"Searing Blow","floor":23,"key":"SMITH"},{"data":"Searing Blow+1","floor":25,"key":"SMITH"},{"data":"Searing Blow+2","floor":27,"key":"SMITH"},{"data":"Searing Blow+3","floor":30,"key":"SMITH"},{"floor":32,"key":"REST"}],"circlet_count":0,"master_deck":["AscendersBane","Strike_R","Strike_R","Defend_R","Defend_R","Defend_R","Bash","Hemokinesis","Pommel Strike+1","Double Tap+1","Ghostly Armor+1","Metallicize+1","Warcry+1","Flame Barrier","Searing Blow+4","Headbutt+1"],"relics":["Burning Blood","Ornamental Fan","StrikeDummy","Centennial Puzzle","Tiny Chest","Nunchaku","Empty Cage","Shovel","MealTicket","Potion Belt"],"acts_visited":["Exordium","TheCity"],"potions_floor_usage":[7,7,12,16,18,28,29,31,33],"damage_taken":[{"damage":5,"enemies":"Small Slimes","floor":1,"turns":5},{"damage":5,"enemies":"Cultist","floor":3,"turns":3},{"damage":4,"enemies":"Jaw Worm","floor":4,"turns":3},{"damage":11,"enemies":"Looter","floor":5,"turns":3},{"damage":12,"enemies":"3 Sentries","floor":7,"turns":9},{"damage":8,"enemies":"Gremlin Nob","floor":10,"turns":3},{"damage":2,"enemies":"Exordium Thugs","floor":11,"turns":3},{"damage":15,"enemies":"Lagavulin","floor":12,"turns":3},{"damage":37,"enemies":"The Guardian","floor":16,"turns":12},{"damage":3,"enemies":"Shell Parasite","floor":18,"turns":9},{"damage":71,"enemies":"Book of Stabbing","floor":24,"turns":9},{"damage":5,"enemies":"Chosen","floor":28,"turns":4},{"damage":14,"enemies":"Snake Plant","floor":29,"turns":4},{"damage":1,"enemies":"Snecko","floor":31,"turns":3},{"damage":57,"enemies":"Champ","floor":33,"turns":10}],"seed_played":"-6872014211358511857","potions_obtained":[{"floor":2,"key":"LiquidBronze"},{"floor":2,"key":"CultistPotion"},{"floor":7,"key":"SkillPotion"},{"floor":10,"key":"Block Potion"},{"floor":16,"key":"SteroidPotion"},{"floor":24,"key":"LiquidBronze"},{"floor":28,"key":"SpeedPotion"},{"floor":29,"key":"LiquidMemories"},{"floor":31,"key":"DuplicationPotion"}],"is_trial":false,"path_per_floor":["M","?","M","M","M","R","E","R","T","E","M","E","$","?","R","B",null,"M","?","$","?","T","R","E","R","T","R","M","M","R","M","R","B"],"character_chosen":"IRONCLAD","items_purchased":["Nunchaku","Searing Blow"],"campfire_rested":1,"item_purchase_floors":[13,20],"current_hp_per_floor":[69,69,70,72,67,67,61,61,61,59,63,54,54,54,54,23,62,65,65,65,85,85,85,20,20,20,20,21,13,13,18,43,0,0],"gold":174,"neow_bonus":"REMOVE_CARD","is_daily":false,"chose_seed":false,"campfire_upgraded":7,"win_rate":0.0,"timestamp":1612129383,"path_taken":["M","?","M","M","M","R","E","R","T","E","?","E","$","?","R","BOSS","M","?","$","?","?","R","E","R","T","R","M","M","R","?","R","BOSS"],"items_purchased_type":["Relic","Card"],"build_version":"2020-12-22","purchased_purges":1,"victory":false,"max_hp_per_floor":[75,75,75,75,75,75,75,75,75,75,75,75,75,75,75,75,75,75,75,75,85,85,85,85,85,85,85,85,85,85,85,85,85,85],"card_choices":[{"not_picked":["Anger","Heavy Blade"],"picked":"Hemokinesis","floor":1},{"not_picked":["Cleave","Evolve"],"picked":"Pommel Strike","floor":3},{"not_picked":["Perfected Strike","Spot Weakness"],"picked":"Double Tap","floor":4},{"not_picked":["Anger","Flex"],"picked":"Ghostly Armor","floor":5},{"not_picked":["Sentinel","Corruption"],"picked":"Metallicize","floor":7},{"not_picked":["Barricade","Disarm","Cleave"],"picked":"SKIP","floor":10},{"not_picked":["Entrench","Seeing Red","Rage"],"picked":"SKIP","floor":11},{"not_picked":["Clash","Ghostly Armor","Bloodletting"],"picked":"SKIP","floor":12},{"not_picked":["Double Tap","Immolate"],"picked":"Bludgeon","floor":16},{"not_picked":["Armaments","Hemokinesis"],"picked":"Warcry+1","floor":18},{"not_picked":["Havoc","Blood for Blood","Headbutt"],"picked":"SKIP","floor":24},{"not_picked":["Pommel Strike","Combust","Reckless Charge"],"picked":"SKIP","floor":28},{"not_picked":["Pummel","Wild Strike"],"picked":"Headbutt+1","floor":29},{"not_picked":["Iron Wave","Power Through","Flame Barrier"],"picked":"SKIP","floor":31}],"player_experience":991132,"relics_obtained":[{"floor":7,"key":"Ornamental Fan"},{"floor":9,"key":"StrikeDummy"},{"floor":10,"key":"Centennial Puzzle"},{"floor":12,"key":"Tiny Chest"},{"floor":22,"key":"Shovel"},{"floor":24,"key":"MealTicket"},{"floor":26,"key":"Potion Belt"}],"event_choices":[{"damage_healed":0,"gold_gain":0,"player_choice":"Got Potions","damage_taken":0,"max_hp_gain":0,"max_hp_loss":0,"event_name":"Lab","floor":2,"gold_loss":0},{"damage_healed":0,"gold_gain":0,"player_choice":"Grow","damage_taken":0,"max_hp_gain":0,"max_hp_loss":0,"event_name":"Living Wall","floor":14,"gold_loss":0,"cards_upgraded":["Metallicize"]},{"damage_healed":0,"gold_gain":0,"player_choice":"Read","damage_taken":0,"max_hp_gain":0,"max_hp_loss":0,"event_name":"The Library","floor":19,"gold_loss":0,"cards_obtained":["Flame Barrier"]},{"cards_removed":["Bludgeon"],"damage_healed":10,"gold_gain":0,"player_choice":"Offered Rare","damage_taken":0,"max_hp_gain":10,"max_hp_loss":0,"event_name":"Bonfire Elementals","floor":21,"gold_loss":0}],"is_beta":false,"boss_relics":[{"not_picked":["Tiny House","Sozu"],"picked":"Empty Cage"}],"items_purged_floors":[13],"is_endless":false,"potions_floor_spawned":[4,5,7,10,16,24,28,29,31],"killed_by":"Champ","ascension_level":16}}