{"host":"17uzppmr1r5fe5jj","time":1612101434,"event":{"mods":["BaseMod","Colored Map","HololiveMod","Minty Spire (QoL Compilation)","Quick Restart","StSLib","TestMod","[IsaacMod]以撒尖塔"],"gold_per_floor":[79,90,15,27,27,61,61,61,61,61,71,88,106,106,106,204,204,216,235,254,329,73,73,83,108,108,108,127,127,137,157,157,255,255,266,141,157,157,7,7,39,39,39,58,91,3,53,73,73,73],"floor_reached":51,"language":"ZHS","playtime":2857,"items_purged":["Hololive_Strike","Hololive_Strike","Hololive_Strike","Hololive_Defend","Hololive_Defend"],"score":859,"play_id":"79433cf9-897f-46c9-8cfb-fb16691e7521","local_time":"20210131215714","is_ascension_mode":false,"campfire_choices":[{"data":"Hololive_StrengthChampion","floor":8.0,"key":"SMITH"},{"data":"Hololive_StrengthChampion+1","floor":10.0,"key":"SMITH"},{"data":"Hololive_StrengthChampion+2","floor":15.0,"key":"SMITH"},{"floor":23.0,"key":"REST"},{"data":"Hololive_CallTsunomakiWatame","floor":27.0,"key":"SMITH"},{"data":"Hololive_CallNakiriAyame","floor":29.0,"key":"SMITH"},{"data":"Hololive_WolfAndLamb","floor":32.0,"key":"SMITH"},{"data":"Madness","floor":40.0,"key":"SMITH"},{"data":"Hololive_CallMinatoAqua","floor":42.0,"key":"SMITH"},{"data":"Madness","floor":49,"key":"SMITH"}],"circlet_count":0,"master_deck":["Hololive_CallNakiriAyame+1","Hololive_CallMurasakiShion+1","Hololive_CallMinatoAqua+1","Hololive_Defend","Hololive_Trident+1","Hololive_StrengthChampion+3","Hololive_CallDoris","Hololive_Rebound","Hololive_WolfAndLamb+1","Hololive_Drill+1","Hololive_Drill","Hololive_Teleport","Hololive_CallTsunomakiWatame+1","Hololive_Drill","Hololive_CocoNews","Hololive_AWSL","Madness+1","Madness+1"],"relics":["Hololive_TheStar","Hololive_Yo","testmod-TestBox","HushsDoor","Leech","testmod-EqualTreatment","NeowsBlessing","Bottled Flame","testmod-TurbochargingSystem","testmod-BatchProcessingSystem","GuppysCollar","Red Mask","Nunchaku","MagicMushroom","SteamSale","testmod-OneHitWonder","Bag of Preparation","TuHaoJin"],"acts_visited":["Exordium","TheCity","TheBeyond"],"potions_floor_usage":[50,50],"damage_taken":[{"damage":0.0,"enemies":"Cultist","floor":1.0,"turns":1.0},{"damage":0.0,"enemies":"Small Slimes","floor":2.0,"turns":1.0},{"damage":0.0,"enemies":"Jaw Worm","floor":4.0,"turns":1.0},{"damage":0.0,"enemies":"Lagavulin","floor":6.0,"turns":6.0},{"damage":0.0,"enemies":"Blue Slaver","floor":11.0,"turns":4.0},{"damage":0.0,"enemies":"Exordium Wildlife","floor":12.0,"turns":3.0},{"damage":0.0,"enemies":"3 Louse","floor":13.0,"turns":3.0},{"damage":0.0,"enemies":"Hexaghost","floor":16.0,"turns":7.0},{"damage":0.0,"enemies":"Shell Parasite","floor":18.0,"turns":4.0},{"damage":0.0,"enemies":"Spheric Guardian","floor":19.0,"turns":5.0},{"damage":0.0,"enemies":"Snecko","floor":20.0,"turns":7.0},{"damage":0.0,"enemies":"Shelled Parasite and Fungi","floor":24.0,"turns":4.0},{"damage":0.0,"enemies":"Masked Bandits","floor":25.0,"turns":3.0},{"damage":0.0,"enemies":"Snake Plant","floor":28.0,"turns":5.0},{"damage":0.0,"enemies":"3 Cultists","floor":30.0,"turns":3.0},{"damage":0.0,"enemies":"Snecko","floor":31.0,"turns":4.0},{"damage":0.0,"enemies":"Collector","floor":33.0,"turns":6.0},{"damage":0.0,"enemies":"3 Darklings","floor":35.0,"turns":3.0},{"damage":0.0,"enemies":"Orb Walker","floor":37.0,"turns":1.0},{"damage":0.0,"enemies":"Giant Head","floor":41.0,"turns":6.0},{"damage":0.0,"enemies":"Transient","floor":44.0,"turns":5.0},{"damage":0.0,"enemies":"Reptomancer","floor":45.0,"turns":6.0},{"damage":0.0,"enemies":"Mind Bloom Boss Battle","floor":47.0,"turns":5.0},{"damage":0,"enemies":"Maw","floor":48,"turns":6},{"damage":2,"enemies":"Donu and Deca","floor":50,"turns":6}],"seed_played":"-1997661644927272767","potions_obtained":[{"floor":2.0,"key":"SkillPotion"},{"floor":6.0,"key":"SpeedPotion"},{"floor":11.0,"key":"SteroidPotion"},{"floor":12.0,"key":"LiquidMemories"},{"floor":16.0,"key":"Fire Potion"},{"floor":20.0,"key":"PowerPotion"},{"floor":24.0,"key":"Explosive Potion"},{"floor":30.0,"key":"DistilledChaos"},{"floor":31.0,"key":"testmod-SpacePotion"},{"floor":33.0,"key":"EssenceOfSteel"},{"floor":35.0,"key":"Strength Potion"},{"floor":37.0,"key":"Strength Potion"},{"floor":47.0,"key":"SpeedPotion"},{"floor":48,"key":"Weak Potion"}],"is_trial":false,"path_per_floor":["M","M","$","M","$","E","?","R","T","R","M","M","M","?","R","B",null,"M","M","M","?","$","R","M","?","T","R","M","R","M","M","R","B",null,"M","$","M","?","$","R","E","R","T","M","E","$","?","M","R","B",null],"character_chosen":"Hololive_HololiveCharacter","items_purchased":["GuppysCollar","Hololive_Drill","Hololive_Teleport","Hololive_CallTsunomakiWatame"],"campfire_rested":1,"item_purchase_floors":[17,22,22,22],"current_hp_per_floor":[35,35,35,35,35,35,32,32,32,32,35,35,35,28,28,34,22,22,22,22,7,7,13,16,19,19,19,22,22,22,22,22,22,29,30,30,31,27,27,27,32,32,32,32,33,33,34,34,34,35],"gold":73,"neow_bonus":"THREE_ENEMY_KILL","is_daily":false,"chose_seed":false,"campfire_upgraded":9,"win_rate":0.0,"timestamp":1612101434,"path_taken":["M","?","$","M","$","E","?","R","T","R","M","M","M","?","R","BOSS","M","M","M","?","$","R","M","?","T","R","M","R","?","M","R","BOSS","M","$","M","?","$","R","E","R","T","M","E","?","?","M","R","BOSS"],"items_purchased_type":["Relic","Card","Card","Card"],"build_version":"2020-12-22","purchased_purges":5,"victory":true,"max_hp_per_floor":[35,35,35,35,35,35,35,35,35,35,35,35,35,35,35,35,22,22,22,22,22,22,22,22,22,22,22,22,22,22,22,22,22,29,30,30,31,31,31,31,32,32,32,32,33,33,34,34,34,35],"card_choices":[{"not_picked":["Hololive_HuntDinosaur","Hololive_CallSakuraMiko","Hololive_Trident"],"picked":"Hololive_StrengthChampion","floor":1.0},{"not_picked":["Hololive_Sequa","Hololive_CallTokinoSora","Hololive_RevenueBasedLive"],"picked":"Hololive_CallDoris","floor":2.0},{"not_picked":["Hololive_OvertimeWork","Hololive_RevenueBasedLive","Hololive_CallAkaiHaato"],"picked":"Hololive_Rebound","floor":4.0},{"not_picked":["Hololive_CocoNews","Hololive_StrengthChampion","Hololive_HuntDinosaur","Hololive_OvertimeWork"],"picked":"SKIP","floor":6.0},{"not_picked":["Hololive_CocoNews","Hololive_StrengthChampion","Hololive_CallOkamiMio","Hololive_LuckPotion"],"picked":"SKIP","floor":11.0},{"not_picked":["Hololive_CandyCastle","Hololive_ASMR","Hololive_Psychosis","Hololive_StrengthChampion"],"picked":"SKIP","floor":12.0},{"not_picked":["Hololive_CandyCastle","Hololive_ASMR","Hololive_Psychosis","Hololive_StrengthChampion"],"picked":"SKIP","floor":12.0},{"not_picked":["Hololive_CallYuzukiChoco","Hololive_RevenueBasedLive","Hololive_HuntDinosaur","Hololive_Trident"],"picked":"SKIP","floor":13.0},{"not_picked":["Hololive_DDD","Hololive_HighAtkLowDef","Hololive_OpenUp"],"picked":"Hololive_WolfAndLamb","floor":16.0},{"not_picked":["Hololive_CallCivia","Hololive_Yoholoon","Hololive_CallSpadeEcho"],"picked":"Hololive_Drill+1","floor":18.0},{"not_picked":["Hololive_Trident","Hololive_HuntDinosaur","Hololive_OvertimeWork","Hololive_Rebound"],"picked":"SKIP","floor":19.0},{"not_picked":["Hololive_Trident","Hololive_HuntDinosaur","Hololive_OvertimeWork","Hololive_Rebound"],"picked":"SKIP","floor":19.0},{"not_picked":["Hololive_CallKiryuuCoco+1","Hololive_Sequa","Hololive_CocoNews","Hololive_CallShirakamiFubuki+1"],"picked":"SKIP","floor":20.0},{"not_picked":["Hololive_CallOzoraSubaru+1","Hololive_HuntDinosaur","Hololive_CocoNews"],"picked":"Hololive_Drill","floor":24.0},{"not_picked":["Hololive_CallHimemoriLuna","Hololive_Psychosis","Hololive_SoulCatcher+1"],"picked":"Hololive_CocoNews","floor":28.0},{"not_picked":["Hololive_CallMomosuzuNene","Hololive_HuntDinosaur","Hololive_CallShiroganeNoel","Hololive_OvertimeWork"],"picked":"SKIP","floor":30.0},{"not_picked":["Hololive_Recruit","Hololive_CallShishiroBotan","Hololive_Breathe","Hololive_CocoNews+1"],"picked":"SKIP","floor":31.0},{"not_picked":["Hololive_Rebirth","Hololive_BeCareful","Hololive_Recruit"],"picked":"Hololive_AWSL","floor":33.0},{"not_picked":["Hololive_LuckPotion+1","Hololive_CallHimemoriLuna+1","Hololive_StrengthChampion+1","Hololive_CallKiryuuCoco"],"picked":"SKIP","floor":35.0},{"not_picked":["Hololive_Trident","Hololive_Rebound","Hololive_HuntDinosaur","Hololive_CallYozoraMel"],"picked":"SKIP","floor":37.0},{"not_picked":["Hololive_Spy+1","Hololive_Drill+1","Hololive_Sequa+1","Hololive_CallHimemoriLuna"],"picked":"SKIP","floor":41.0},{"not_picked":["Hololive_CallKiryuuCoco","Hololive_CandyCastle","Hololive_Sequa+1","Hololive_Drill"],"picked":"SKIP","floor":44.0},{"not_picked":["Hololive_Drill","Hololive_StarCraft","Hololive_LuckPotion+1","Hololive_RevenueBasedLive"],"picked":"SKIP","floor":45.0},{"not_picked":["Hololive_Drill","Hololive_StarCraft","Hololive_LuckPotion+1","Hololive_RevenueBasedLive"],"picked":"SKIP","floor":45.0},{"not_picked":["Hololive_Trident+1","Hololive_CocoNews","Hololive_CallMurasakiShion","Hololive_LuckPotion"],"picked":"SKIP","floor":48}],"player_experience":252014,"relics_obtained":[{"floor":6.0,"key":"Bottled Flame"},{"floor":9.0,"key":"testmod-TurbochargingSystem"},{"floor":25.0,"key":"Red Mask"},{"floor":26.0,"key":"Nunchaku"},{"floor":41.0,"key":"SteamSale"},{"floor":43.0,"key":"testmod-OneHitWonder"},{"floor":45.0,"key":"Bag of Preparation"},{"floor":47.0,"key":"TuHaoJin"}],"event_choices":[{"damage_healed":0.0,"max_hp_gain":0.0,"max_hp_loss":0.0,"gold_gain":0.0,"event_name":"恩洛斯的盘子","player_choice":"Ignored","floor":7.0,"gold_loss":0.0,"damage_taken":3.0},{"damage_healed":0.0,"max_hp_gain":0.0,"max_hp_loss":0.0,"gold_gain":0.0,"event_name":"Shining Light","player_choice":"Entered Light","floor":14.0,"gold_loss":0.0,"damage_taken":7.0,"cards_upgraded":["Hololive_Trident","Hololive_CallMurasakiShion"]},{"damage_healed":0.0,"max_hp_gain":0.0,"max_hp_loss":0.0,"gold_gain":0.0,"event_name":"Masked Bandits","player_choice":"Fought Bandits","floor":25.0,"gold_loss":0.0,"damage_taken":0.0},{"damage_healed":0.0,"max_hp_gain":0.0,"max_hp_loss":0.0,"gold_gain":0.0,"event_name":"Winding Halls","player_choice":"Embrace Madness","floor":38.0,"gold_loss":0.0,"damage_taken":4.0,"cards_obtained":["Madness","Madness"]},{"damage_healed":0.0,"max_hp_gain":0.0,"max_hp_loss":0.0,"gold_gain":0.0,"event_name":"MindBloom","player_choice":"Fight","floor":47.0,"gold_loss":0.0,"damage_taken":0.0}],"is_beta":false,"boss_relics":[{"not_picked":["testmod-Temperance","SacredBark"],"picked":"testmod-BatchProcessingSystem"},{"not_picked":[]},{"not_picked":["Hololive_ChaosS","Runic Pyramid"],"picked":"MagicMushroom"},{"not_picked":[]}],"items_purged_floors":[3,22,36,39,46],"is_endless":false,"potions_floor_spawned":[2,6,11,12,16,20,24,30,31,33,35,37,47,48],"ascension_level":0}}