{"host":"x5w9zppki4gdwvc7","time":1612120050,"event":{"mods":["AchievementEnabler","BaseMod","Colored Powertips","DeckTracker","Minty Spire (QoL Compilation)","Relic Sorter","SuperFastMode"],"gold_per_floor":[113,130,80,80,5,5,25,60,72,84,271,309,336,366,378,487,499,477,209,226,226,141,141,161,161,161,161,161,161],"floor_reached":28,"language":"ENG","playtime":1485,"items_purged":["Defend_G","Strike_G","Doubt"],"score":248,"play_id":"d83820e0-5742-40df-a63d-fc11ec348a88","local_time":"20210131200730","is_ascension_mode":true,"campfire_choices":[{"data":"Neutralize","floor":6,"key":"SMITH"},{"data":"Backflip","floor":10,"key":"SMITH"},{"floor":15,"key":"REST"},{"data":"Footwork","floor":23,"key":"SMITH"},{"data":"Blade Dance","floor":25,"key":"SMITH"}],"circlet_count":0,"master_deck":["Strike_G","Strike_G","Strike_G","Defend_G","Defend_G","Defend_G","Defend_G","Survivor","Neutralize+1","Footwork+1","Blade Dance+1","Backflip+1","Quick Slash","Burst","CurseOfTheBell","Prepared","Well Laid Plans","Slice","Infinite Blades"],"relics":["Ring of the Snake","Calipers","Happy Flower","MawBank","Ornamental Fan","Centennial Puzzle","Calling Bell","Smiling Mask","Pantograph","Pocketwatch","Omamori","Bottled Tornado","Strawberry"],"acts_visited":["Exordium","TheCity"],"potions_floor_usage":[16,16,16],"damage_taken":[{"damage":4,"enemies":"Small Slimes","floor":1,"turns":4},{"damage":3,"enemies":"Jaw Worm","floor":2,"turns":5},{"damage":1,"enemies":"2 Louse","floor":7,"turns":2},{"damage":25,"enemies":"Gremlin Nob","floor":8,"turns":5},{"damage":1,"enemies":"Looter","floor":13,"turns":3},{"damage":6,"enemies":"Large Slime","floor":14,"turns":8},{"damage":32,"enemies":"Hexaghost","floor":16,"turns":18},{"damage":23,"enemies":"2 Thieves","floor":18,"turns":5},{"damage":7,"enemies":"3 Byrds","floor":20,"turns":8},{"damage":12,"enemies":"Snecko","floor":24,"turns":7},{"damage":29,"enemies":"Slavers","floor":28,"turns":2}],"seed_played":"2096973069683181471","potions_obtained":[{"floor":1,"key":"Weak Potion"},{"floor":13,"key":"LiquidBronze"},{"floor":14,"key":"Block Potion"},{"floor":24,"key":"Fire Potion"}],"is_trial":false,"path_per_floor":["M","M","?","?","$","R","M","E","T","R","?","T","M","M","R","B",null,"M","$","M","?","$","R","M","R","T","?","E"],"character_chosen":"THE_SILENT","items_purchased":["Omamori","Well Laid Plans","Infinite Blades"],"campfire_rested":1,"item_purchase_floors":[19,19,22],"current_hp_per_floor":[59,56,56,49,49,49,48,23,23,23,23,23,22,16,34,2,63,40,40,33,33,33,33,21,21,21,28,0,0],"gold":161,"neow_bonus":"ONE_RARE_RELIC","is_daily":false,"chose_seed":false,"campfire_upgraded":4,"win_rate":0.0,"timestamp":1612120050,"path_taken":["M","M","?","?","?","R","?","E","T","R","?","?","M","M","R","BOSS","M","$","M","?","$","R","M","R","T","?","E"],"items_purchased_type":["Relic","Card","Card"],"build_version":"2020-12-22","purchased_purges":3,"victory":false,"max_hp_per_floor":[63,63,63,63,63,63,63,63,63,63,63,63,63,63,63,63,63,63,63,63,63,63,63,63,63,63,70,70,70],"card_choices":[{"not_picked":["Slice","Poisoned Stab"],"picked":"Footwork","floor":1},{"not_picked":["PiercingWail","Wraith Form v2"],"picked":"Blade Dance","floor":2},{"not_picked":["Deflect","Cloak And Dagger"],"picked":"Backflip","floor":7},{"not_picked":["Bane","Flying Knee","Sucker Punch"],"picked":"SKIP","floor":8},{"not_picked":["Crippling Poison","Concentrate","Flechettes"],"picked":"SKIP","floor":13},{"not_picked":["Finisher","Deflect"],"picked":"Quick Slash","floor":14},{"not_picked":["Adrenaline","Grand Finale"],"picked":"Burst","floor":16},{"not_picked":["Dodge and Roll","Outmaneuver"],"picked":"Prepared","floor":18},{"not_picked":["Backstab","Eviscerate+1"],"picked":"Slice","floor":20},{"not_picked":["PiercingWail","Dodge and Roll","Poisoned Stab"],"picked":"SKIP","floor":24}],"player_experience":334825,"relics_obtained":[{"floor":8,"key":"MawBank"},{"floor":9,"key":"Ornamental Fan"},{"floor":12,"key":"Centennial Puzzle"},{"floor":17,"key":"Smiling Mask"},{"floor":17,"key":"Pantograph"},{"floor":17,"key":"Pocketwatch"},{"floor":26,"key":"Bottled Tornado"}],"event_choices":[{"cards_removed":["Strike_G"],"damage_healed":0,"gold_gain":0,"player_choice":"Card Removal","damage_taken":0,"max_hp_gain":0,"max_hp_loss":0,"event_name":"The Cleric","floor":3,"gold_loss":50},{"damage_healed":0,"gold_gain":0,"player_choice":"Success","damage_taken":7,"relics_obtained":["Happy Flower"],"max_hp_gain":0,"max_hp_loss":0,"event_name":"Scrap Ooze","floor":4,"gold_loss":0},{"damage_healed":0,"gold_gain":175,"player_choice":"AGREE","damage_taken":0,"max_hp_gain":0,"max_hp_loss":0,"event_name":"Liars Game","floor":11,"gold_loss":0,"cards_obtained":["Doubt"]},{"damage_healed":0,"gold_gain":0,"player_choice":"Ignored","damage_taken":0,"max_hp_gain":0,"max_hp_loss":0,"event_name":"Vampires","floor":21,"gold_loss":0},{"damage_healed":0,"gold_gain":0,"player_choice":"Opened","damage_taken":0,"relics_obtained":["Strawberry"],"max_hp_gain":0,"max_hp_loss":0,"event_name":"The Mausoleum","floor":27,"gold_loss":0,"cards_obtained":["Writhe"]}],"is_beta":false,"boss_relics":[{"not_picked":["Ring of the Serpent","Empty Cage"],"picked":"Calling Bell"}],"items_purged_floors":[5,19,22],"is_endless":false,"potions_floor_spawned":[1,13,14,24],"killed_by":"Slavers","ascension_level":3}}