{"host":"6xsbn6ynqlzwllfm","time":1612082141,"event":{"mods":["2.2 Compatiblity","BaseMod","Bestiary","Colored Map","Colored Powertips","Curses Come First","Highlight Path","Keyboard Shortcuts","Minty Spire (QoL Compilation)","Relic Stats","Slay the Relics Exporter","StSLib","SuperFastMode"],"gold_per_floor":[115,133,149,161,211,246,246,262,285,318,318,328,357,368,368,439,439,453,378,233,233,233,252,127,137,161,191,207,207,207],"floor_reached":29,"language":"ENG","playtime":875,"items_purged":["Strike_P","Strike_P","Strike_P"],"score":534,"play_id":"5735c9e8-91c3-4b9b-a44d-7913eda30117","local_time":"20210131033541","is_ascension_mode":true,"campfire_choices":[{"data":"CarveReality","floor":7.0,"key":"SMITH"},{"data":"CarveReality","floor":11,"key":"SMITH"},{"data":"FlurryOfBlows","floor":15,"key":"SMITH"}],"circlet_count":0,"master_deck":["AscendersBane","Strike_P","Defend_P","Defend_P","Defend_P","Defend_P","Eruption","Vigilance","CarveReality+1","FlyingSleeves","ReachHeaven","CarveReality+1","WheelKick","CutThroughFate","FlurryOfBlows+1","Sanctity","Devotion","Swivel","Conclude","Consecrate+1","CrushJoints","Study","Evaluate"],"relics":["PureWater","Eternal Feather","Regal Pillow","Bag of Marbles","Strawberry","Fusion Hammer","MutagenicStrength","Matryoshka"],"acts_visited":["Exordium","TheCity"],"potions_floor_usage":[10,13,16,27,29,29],"damage_taken":[{"damage":0.0,"enemies":"Cultist","floor":1.0,"turns":3.0},{"damage":0.0,"enemies":"Small Slimes","floor":2.0,"turns":2.0},{"damage":14.0,"enemies":"Jaw Worm","floor":3.0,"turns":4.0},{"damage":4.0,"enemies":"Large Slime","floor":4.0,"turns":3.0},{"damage":12.0,"enemies":"3 Sentries","floor":6.0,"turns":7.0},{"damage":3,"enemies":"Blue Slaver","floor":8,"turns":2},{"damage":8,"enemies":"Gremlin Nob","floor":10,"turns":3},{"damage":0,"enemies":"Lots of Slimes","floor":12,"turns":3},{"damage":2,"enemies":"3 Sentries","floor":13,"turns":5},{"damage":1,"enemies":"Looter","floor":14,"turns":3},{"damage":25,"enemies":"Hexaghost","floor":16,"turns":7},{"damage":13,"enemies":"3 Byrds","floor":18,"turns":4},{"damage":0,"enemies":"Chosen","floor":23,"turns":2},{"damage":5,"enemies":"Snake Plant","floor":25,"turns":3},{"damage":16,"enemies":"Book of Stabbing","floor":27,"turns":4},{"damage":0,"enemies":"Centurion and Healer","floor":28,"turns":3},{"damage":49,"enemies":"Gremlin Leader","floor":29,"turns":5}],"seed_played":"-8915455875925432136","potions_obtained":[{"floor":2.0,"key":"SkillPotion"},{"floor":3.0,"key":"Dexterity Potion"},{"floor":8,"key":"AttackPotion"},{"floor":12,"key":"SkillPotion"},{"floor":13,"key":"SpeedPotion"},{"floor":14,"key":"PowerPotion"},{"floor":23,"key":"PowerPotion"},{"floor":25,"key":"Swift Potion"},{"floor":27,"key":"SpeedPotion"}],"is_trial":false,"path_per_floor":["M","M","M","M","?","E","R","M","T","E","R","M","E","M","R","B",null,"M","$","$","?","?","M","$","M","T","E","M","E"],"character_chosen":"WATCHER","items_purchased":["Conclude"],"campfire_rested":0,"item_purchase_floors":[20],"current_hp_per_floor":[67,67,53,49,49,37,46,43,43,35,44,44,49,48,57,32,69,56,56,56,56,56,56,56,51,51,35,35,0,0],"gold":207,"neow_bonus":"TEN_PERCENT_HP_BONUS","is_daily":false,"chose_seed":false,"campfire_upgraded":3,"win_rate":0.0,"timestamp":1612082141,"path_taken":["M","?","M","M","?","E","R","M","T","E","R","M","E","M","R","BOSS","M","?","$","?","?","M","?","?","T","E","M","E"],"items_purchased_type":["Card"],"build_version":"2020-12-22","purchased_purges":3,"victory":false,"max_hp_per_floor":[74,74,74,74,74,74,74,74,74,74,74,74,81,81,81,81,81,81,81,81,81,81,81,81,81,81,81,81,81,81],"relic_stats":{"Regal Pillow":0,"counters":[17,63],"Eternal Feather":27,"obtain_stats":[{"Regal Pillow":9,"Matryoshka":27,"Strawberry":13,"MutagenicStrength":22,"Eternal Feather":6,"Fusion Hammer":17,"Bag of Marbles":10,"PureWater":0},{"Regal Pillow":6,"Matryoshka":15,"Strawberry":9,"MutagenicStrength":12,"Eternal Feather":5,"Fusion Hammer":11,"Bag of Marbles":7,"PureWater":0},{"Regal Pillow":21,"Matryoshka":55,"Strawberry":32,"MutagenicStrength":46,"Eternal Feather":19,"Fusion Hammer":42,"Bag of Marbles":24,"PureWater":0}]},"card_choices":[{"not_picked":["Evaluate","SignatureMove"],"picked":"CarveReality","floor":1.0},{"not_picked":["Vengeance","Protect"],"picked":"FlyingSleeves","floor":2.0},{"not_picked":["Study","Fasting2"],"picked":"ReachHeaven","floor":3.0},{"not_picked":["Prostrate","SashWhip"],"picked":"CarveReality","floor":4.0},{"not_picked":["EmptyFist","Vengeance"],"picked":"WheelKick","floor":6.0},{"not_picked":["SashWhip","Weave"],"picked":"CutThroughFate","floor":8},{"not_picked":["PathToVictory","ClearTheMind"],"picked":"FlurryOfBlows","floor":10},{"not_picked":["ThirdEye","EmptyFist"],"picked":"Sanctity","floor":13},{"not_picked":["SpiritShield","Alpha"],"picked":"Devotion","floor":16},{"not_picked":["LikeWater","CutThroughFate"],"picked":"Swivel","floor":18},{"not_picked":["CrushJoints","Study"],"picked":"Consecrate+1","floor":23},{"not_picked":["SignatureMove","Collect"],"picked":"CrushJoints","floor":25},{"not_picked":["Halt+1","ThirdEye"],"picked":"Study","floor":27},{"not_picked":["Protect+1","ThirdEye"],"picked":"Evaluate","floor":28}],"player_experience":1333583,"relics_obtained":[{"floor":6.0,"key":"Eternal Feather"},{"floor":9,"key":"Regal Pillow"},{"floor":10,"key":"Bag of Marbles"},{"floor":13,"key":"Strawberry"},{"floor":27,"key":"Matryoshka"}],"event_choices":[{"damage_healed":0.0,"max_hp_gain":0.0,"max_hp_loss":0.0,"gold_gain":50.0,"event_name":"Golden Shrine","player_choice":"Pray","floor":5.0,"gold_loss":0.0,"damage_taken":0.0},{"damage_healed":0,"gold_gain":0,"player_choice":"Ignored","damage_taken":0,"max_hp_gain":0,"max_hp_loss":0,"event_name":"The Mausoleum","floor":21,"gold_loss":0},{"damage_healed":0,"gold_gain":0,"player_choice":"Inject Mutagens","damage_taken":0,"relics_obtained":["MutagenicStrength"],"max_hp_gain":0,"max_hp_loss":0,"event_name":"Drug Dealer","floor":22,"gold_loss":0}],"is_beta":false,"boss_relics":[{"not_picked":["Runic Pyramid","Runic Dome"],"picked":"Fusion Hammer"}],"items_purged_floors":[19,20,24],"is_endless":false,"potions_floor_spawned":[2,3,8,12,13,14,23,25,27],"killed_by":"Gremlin Leader","ascension_level":20}}