{"host":"qm4rv4rkpk76sbxu","time":1612130176,"event":{"mods":["BaseMod","Bestiary","Block Reminder","DeckTracker","Filter the Spire","Keyboard Shortcuts","Minty Spire (QoL Compilation)","MonsterHotkey","Quick Restart","Random Character Button","Relic Stats","Slay-I","StSLib","Unceasing Turn Reminder","ojb\u0027s Better Paths Mod","ojb\u0027s Info Mod"],"gold_per_floor":[114,126,126,143,159,191,191,191,191,222,22,55,20,39,39,39,39],"floor_reached":16,"language":"ENG","playtime":902,"items_purged":[],"score":290,"play_id":"7bb6677a-7044-47d1-b839-4b64ac18988c","local_time":"20210131225616","is_ascension_mode":true,"campfire_choices":[{"floor":7.0,"key":"REST"},{"data":"Crippling Poison","floor":15.0,"key":"SMITH"}],"circlet_count":0,"master_deck":["AscendersBane","Strike_G","Strike_G","Strike_G","Strike_G","Strike_G","Defend_G","Defend_G","Defend_G","Defend_G","Defend_G","Survivor","Neutralize+1","Slice","Dagger Spray","Crippling Poison+1","Catalyst+1","Dagger Throw+1","Concentrate","Cloak And Dagger","Dagger Throw"],"relics":["Black Star","Tough Bandages","Whetstone","HornCleat","Bag of Preparation","Frozen Egg 2","PreservedInsect","Blue Candle","Smiling Mask"],"acts_visited":["Exordium"],"potions_floor_usage":[16],"damage_taken":[{"damage":12.0,"enemies":"Jaw Worm","floor":1.0,"turns":10.0},{"damage":1.0,"enemies":"Cultist","floor":2.0,"turns":5.0},{"damage":1.0,"enemies":"2 Louse","floor":4.0,"turns":2.0},{"damage":4.0,"enemies":"2 Fungi Beasts","floor":5.0,"turns":3.0},{"damage":32.0,"enemies":"Gremlin Nob","floor":6.0,"turns":5.0},{"damage":15.0,"enemies":"3 Sentries","floor":10.0,"turns":8.0},{"damage":0.0,"enemies":"Lagavulin","floor":12.0,"turns":5.0},{"damage":17.0,"enemies":"Exordium Thugs","floor":14.0,"turns":5.0},{"damage":12,"enemies":"Slime Boss","floor":16,"turns":6}],"seed_played":"-4153118146513182227","potions_obtained":[{"floor":3.0,"key":"BlessingOfTheForge"},{"floor":3.0,"key":"Explosive Potion"},{"floor":4.0,"key":"Explosive Potion"},{"floor":5.0,"key":"Ancient Potion"},{"floor":6.0,"key":"Swift Potion"},{"floor":12.0,"key":"Poison Potion"}],"is_trial":false,"path_per_floor":["M","M","?","M","M","E","R","?","T","E","$","E","?","M","R","B"],"character_chosen":"THE_SILENT","items_purchased":["PreservedInsect","Cloak And Dagger"],"campfire_rested":1,"item_purchase_floors":[11,11],"current_hp_per_floor":[47,46,46,45,41,9,28,28,28,13,13,13,29,12,12,0,0],"gold":39,"neow_bonus":"BOSS_RELIC","is_daily":false,"chose_seed":false,"campfire_upgraded":1,"win_rate":0.0,"timestamp":1612130176,"path_taken":["M","M","?","?","M","E","R","?","T","E","$","E","?","M","R","BOSS"],"items_purchased_type":["Relic","Card"],"build_version":"2020-12-22","purchased_purges":0,"victory":false,"max_hp_per_floor":[66,66,66,66,66,66,66,66,66,66,66,66,66,66,66,66,66],"relic_stats":{"Tough Bandages":[45],"counters":[9,49],"Blue Candle":[0],"PreservedInsect":29,"Black Star":3,"Bag of Preparation":[6],"Whetstone":["Neutralize","Dagger Throw"],"Smiling Mask":0,"obtain_stats":[{"Tough Bandages":6,"HornCleat":9,"Blue Candle":12,"PreservedInsect":11,"Black Star":0,"Bag of Preparation":10,"Whetstone":6,"Frozen Egg 2":10,"Smiling Mask":12,"Ring of the Snake":0},{"Tough Bandages":5,"HornCleat":5,"Blue Candle":7,"PreservedInsect":6,"Black Star":0,"Bag of Preparation":6,"Whetstone":5,"Frozen Egg 2":6,"Smiling Mask":7,"Ring of the Snake":0},{"Tough Bandages":25,"HornCleat":25,"Blue Candle":38,"PreservedInsect":33,"Black Star":0,"Bag of Preparation":33,"Whetstone":25,"Frozen Egg 2":33,"Smiling Mask":38,"Ring of the Snake":0}]},"card_choices":[{"not_picked":["Caltrops","Outmaneuver"],"picked":"Slice","floor":1.0},{"not_picked":["Endless Agony","Dagger Throw"],"picked":"Dagger Spray","floor":2.0},{"not_picked":["Bullet Time","Slice"],"picked":"Crippling Poison","floor":4.0},{"not_picked":["Crippling Poison","Blade Dance"],"picked":"Catalyst","floor":5.0},{"not_picked":["Blade Dance","Prepared"],"picked":"Dagger Throw","floor":6.0},{"not_picked":["Flying Knee","Riddle With Holes"],"picked":"Concentrate","floor":10.0},{"not_picked":["Bane","Accuracy+1"],"picked":"Dagger Throw","floor":12.0},{"not_picked":["Concentrate","Deadly Poison","Escape Plan"],"picked":"SKIP","floor":14.0}],"player_experience":1460872,"relics_obtained":[{"floor":6.0,"key":"Tough Bandages"},{"floor":6.0,"key":"Whetstone"},{"floor":9.0,"key":"HornCleat"},{"floor":10.0,"key":"Bag of Preparation"},{"floor":10.0,"key":"Frozen Egg 2"},{"floor":12.0,"key":"Blue Candle"},{"floor":12.0,"key":"Smiling Mask"}],"event_choices":[{"damage_healed":0.0,"max_hp_gain":0.0,"max_hp_loss":0.0,"gold_gain":0.0,"event_name":"Lab","player_choice":"Got Potions","floor":3.0,"gold_loss":0.0,"damage_taken":0.0},{"damage_healed":0.0,"max_hp_gain":0.0,"max_hp_loss":0.0,"gold_gain":0.0,"event_name":"Living Wall","player_choice":"Grow","floor":8.0,"gold_loss":0.0,"damage_taken":0.0,"cards_upgraded":["Catalyst"]},{"damage_healed":16.0,"max_hp_gain":0.0,"max_hp_loss":0.0,"gold_gain":0.0,"event_name":"The Cleric","player_choice":"Healed","floor":13.0,"gold_loss":35.0,"damage_taken":0.0}],"is_beta":false,"boss_relics":[],"items_purged_floors":[],"is_endless":false,"potions_floor_spawned":[4,5,6,12],"killed_by":"Slime Boss","ascension_level":20}}