{"host":"cijwx898anu8dehj","time":1612127096,"event":{"mods":["AchievementEnabler","AlwaysNeverKeys","BaseMod","Colored Map","Colored Powertips","Highlight Path","Minty Spire (QoL Compilation)","Rare Cards Sparkle","Relic Stats","Slay-I"],"gold_per_floor":[111,111,122,132,132,132,157,157,225,190,190,209,235,253,253,352,352,367,367,381,395,408,408,439,458,458,458,230,261,261,274,274,371,371,386,138,151,164,164,164,178,188,188,43,43,43,43,43,43,43],"floor_reached":51,"language":"ENG","playtime":4125,"items_purged":["Strike_G","Strike_G"],"score":1044,"play_id":"63be4f83-8389-4d95-8d5b-145e6416f8c5","local_time":"20210131190456","is_ascension_mode":true,"campfire_choices":[{"data":"Poisoned Stab","floor":6.0,"key":"SMITH"},{"floor":8.0,"key":"REST"},{"data":"Leg Sweep","floor":11.0,"key":"SMITH"},{"data":"Survivor","floor":15.0,"key":"SMITH"},{"floor":23.0,"key":"REST"},{"floor":27.0,"key":"REST"},{"floor":30.0,"key":"REST"},{"floor":32,"key":"REST"},{"floor":40,"key":"REST"},{"floor":45,"key":"REST"},{"data":"Cloak And Dagger","floor":46,"key":"SMITH"},{"data":"Footwork","floor":49,"key":"SMITH"}],"circlet_count":0,"master_deck":["AscendersBane","Defend_G","Defend_G","Defend_G","Defend_G+1","Survivor+1","Neutralize+1","Leg Sweep+1","Poisoned Stab+1","Sucker Punch+1","Masterful Stab","Flying Knee","Bullet Time+1","Die Die Die","Masterful Stab+1","Crippling Poison+1","After Image+1","Blade Dance","Dodge and Roll","Noxious Fumes+1","Prepared+1","Footwork+1","Dagger Spray+1","Die Die Die","Heel Hook","Cloak And Dagger","Wraith Form v2","Escape Plan+1","Poisoned Stab","Unload","Prepared+1","Deflect","Blur","Dark Shackles","Cloak And Dagger+1","Cloak And Dagger+1","Deflect","Dagger Spray+1","Tools of the Trade","Heel Hook+1","Madness","Madness"],"relics":["Ring of the Snake","WingedGreaves","Dream Catcher","Shuriken","Art of War","Astrolabe","Prayer Wheel","Unceasing Top","Regal Pillow","War Paint","Runic Pyramid","Smiling Mask","Vajra"],"acts_visited":["Exordium","TheCity","TheBeyond"],"potions_floor_usage":[38,50],"damage_taken":[{"damage":16.0,"enemies":"Jaw Worm","floor":1.0,"turns":6.0},{"damage":4.0,"enemies":"Cultist","floor":3.0,"turns":5.0},{"damage":1.0,"enemies":"Small Slimes","floor":4.0,"turns":4.0},{"damage":29.0,"enemies":"Lagavulin","floor":7.0,"turns":7.0},{"damage":0.0,"enemies":"Looter","floor":12.0,"turns":3.0},{"damage":0.0,"enemies":"3 Louse","floor":14.0,"turns":3.0},{"damage":58.0,"enemies":"Hexaghost","floor":16.0,"turns":15.0},{"damage":0.0,"enemies":"3 Byrds","floor":18.0,"turns":4.0},{"damage":17.0,"enemies":"Spheric Guardian","floor":20.0,"turns":4.0},{"damage":18.0,"enemies":"Snake Plant","floor":21.0,"turns":6.0},{"damage":0.0,"enemies":"Centurion and Healer","floor":22.0,"turns":4.0},{"damage":8.0,"enemies":"Gremlin Leader","floor":24.0,"turns":7.0},{"damage":0.0,"enemies":"Shelled Parasite and Fungi","floor":25.0,"turns":3.0},{"damage":34.0,"enemies":"Book of Stabbing","floor":29.0,"turns":6.0},{"damage":22,"enemies":"Cultist and Chosen","floor":31,"turns":8},{"damage":50,"enemies":"Collector","floor":33,"turns":10},{"damage":12,"enemies":"3 Shapes","floor":35,"turns":5},{"damage":21,"enemies":"3 Darklings","floor":37,"turns":6},{"damage":7,"enemies":"Sphere and 2 Shapes","floor":38,"turns":4},{"damage":3,"enemies":"Transient","floor":41,"turns":5},{"damage":8,"enemies":"Spire Growth","floor":42,"turns":6},{"damage":39,"enemies":"Donu and Deca","floor":50,"turns":12}],"seed_played":"4508046988290283693","potions_obtained":[{"floor":1.0,"key":"GamblersBrew"},{"floor":7.0,"key":"Regen Potion"},{"floor":16.0,"key":"Dexterity Potion"},{"floor":20.0,"key":"BlessingOfTheForge"},{"floor":22.0,"key":"LiquidMemories"},{"floor":24.0,"key":"Swift Potion"},{"floor":33,"key":"Energy Potion"},{"floor":37,"key":"AttackPotion"},{"floor":41,"key":"PowerPotion"},{"floor":42,"key":"FearPotion"}],"is_trial":false,"path_per_floor":["M","?","M","M","?","R","E","R","T","?","R","M","T","M","R","B",null,"M","?","M","M","M","R","E","M","T","R","$","E","R","M","R","B",null,"M","$","M","M","?","R","M","M","T","$","R","R","?","$","R","B",null],"character_chosen":"THE_SILENT","items_purchased":["Regal Pillow","Unload","Vajra"],"campfire_rested":7,"item_purchase_floors":[28,36,44],"current_hp_per_floor":[47,47,43,42,42,42,13,31,31,46,46,46,46,46,46,3,48,48,48,31,13,13,31,23,23,23,41,41,7,40,18,51,1,48,36,36,15,8,8,41,38,30,30,30,63,63,55,55,55,16],"gold":43,"neow_bonus":"ONE_RARE_RELIC","is_daily":false,"chose_seed":false,"campfire_upgraded":5,"win_rate":0.0,"timestamp":1612127096,"path_taken":["M","?","?","M","?","R","E","R","T","?","R","M","?","M","R","BOSS","M","?","M","?","M","R","E","M","T","R","$","E","R","M","R","BOSS","M","$","?","?","?","R","M","M","T","$","R","R","?","?","R","BOSS"],"items_purchased_type":["Relic","Card","Relic"],"build_version":"2020-12-22","purchased_purges":2,"victory":true,"max_hp_per_floor":[63,63,63,63,63,63,63,63,63,63,63,63,63,63,63,63,63,63,63,63,63,63,63,63,63,63,63,63,63,63,63,63,63,63,63,63,63,63,63,63,63,63,63,63,63,63,63,63,63,63],"relic_stats":{"Dream Catcher":7,"Regal Pillow":60,"counters":[22,133],"Shuriken":[59],"Astrolabe":["Masterful Stab","Crippling Poison","After Image"],"Prayer Wheel":7,"Art of War":[8],"War Paint":["Defend_G","Bullet Time"],"Smiling Mask":0,"obtain_stats":[{"Regal Pillow":28,"Astrolabe":17,"Vajra":44,"War Paint":29,"Smiling Mask":43,"Dream Catcher":7,"Shuriken":9,"Prayer Wheel":24,"WingedGreaves":0,"Art of War":13,"Unceasing Top":26,"Ring of the Snake":0,"Runic Pyramid":34},{"Regal Pillow":13,"Astrolabe":7,"Vajra":21,"War Paint":14,"Smiling Mask":21,"Dream Catcher":4,"Shuriken":4,"Prayer Wheel":12,"WingedGreaves":0,"Art of War":5,"Unceasing Top":13,"Ring of the Snake":0,"Runic Pyramid":16},{"Regal Pillow":71,"Astrolabe":43,"Vajra":121,"War Paint":77,"Smiling Mask":121,"Dream Catcher":22,"Shuriken":22,"Prayer Wheel":68,"WingedGreaves":0,"Art of War":25,"Unceasing Top":71,"Ring of the Snake":0,"Runic Pyramid":95}],"Unceasing Top":[5],"Ring of the Snake":[44]},"card_choices":[{"not_picked":["Skewer","Blade Dance"],"picked":"Leg Sweep","floor":1.0},{"not_picked":["PiercingWail","Well Laid Plans"],"picked":"Poisoned Stab","floor":3.0},{"not_picked":["Prepared","Concentrate"],"picked":"Sucker Punch","floor":4.0},{"not_picked":["Endless Agony","Outmaneuver"],"picked":"Masterful Stab","floor":7.0},{"not_picked":["Quick Slash","Expertise"],"picked":"Flying Knee","floor":8.0},{"not_picked":["Prepared","PiercingWail","Flechettes"],"picked":"SKIP","floor":12.0},{"not_picked":["Underhanded Strike","Sucker Punch"],"picked":"Bullet Time","floor":14.0},{"not_picked":["Venomology","Night Terror"],"picked":"Die Die Die","floor":16.0},{"not_picked":["Prepared","Acrobatics+1"],"picked":"Blade Dance","floor":18.0},{"not_picked":["Bane","Outmaneuver","Acrobatics"],"picked":"SKIP","floor":20.0},{"not_picked":["Flechettes","Tools of the Trade"],"picked":"Dodge and Roll","floor":21.0},{"not_picked":["Tactician","Acrobatics"],"picked":"Noxious Fumes+1","floor":22.0},{"not_picked":["Slice","Quick Slash"],"picked":"Prepared+1","floor":23.0},{"not_picked":["Tactician","Flying Knee","Masterful Stab"],"picked":"SKIP","floor":24.0},{"not_picked":["Prepared","Underhanded Strike"],"picked":"Footwork","floor":25.0},{"not_picked":["Sucker Punch","Backstab"],"picked":"Dagger Spray+1","floor":25.0},{"not_picked":["PiercingWail","Accuracy"],"picked":"Die Die Die","floor":29.0},{"not_picked":["Setup","Quick Slash"],"picked":"Heel Hook","floor":30.0},{"not_picked":["Finisher","Quick Slash","Masterful Stab"],"picked":"SKIP","floor":31},{"not_picked":["Dodge and Roll","Underhanded Strike","Prepared"],"picked":"SKIP","floor":31},{"not_picked":["Tactician","Deflect"],"picked":"Cloak And Dagger","floor":32},{"not_picked":["Corpse Explosion","Glass Knife"],"picked":"Wraith Form v2","floor":33},{"not_picked":["Setup","Dodge and Roll"],"picked":"Escape Plan+1","floor":35},{"not_picked":["Sucker Punch","Crippling Poison"],"picked":"Poisoned Stab","floor":35},{"not_picked":["Eviscerate","A Thousand Cuts"],"picked":"Prepared+1","floor":37},{"not_picked":["Flying Knee","Acrobatics","Quick Slash+1"],"picked":"SKIP","floor":37},{"not_picked":["Underhanded Strike","Finisher+1"],"picked":"Deflect","floor":38},{"not_picked":["Outmaneuver","Quick Slash+1"],"picked":"Blur","floor":38},{"not_picked":["Madness","Forethought"],"picked":"Dark Shackles","floor":39},{"not_picked":["Backstab+1","Prepared"],"picked":"Cloak And Dagger","floor":40},{"not_picked":["Prepared+1","Skewer"],"picked":"Cloak And Dagger+1","floor":41},{"not_picked":["Prepared+1","PiercingWail"],"picked":"Deflect","floor":41},{"not_picked":["Masterful Stab+1","Dodge and Roll"],"picked":"Dagger Spray+1","floor":42},{"not_picked":["Cloak And Dagger","Caltrops"],"picked":"Tools of the Trade","floor":42},{"not_picked":["Outmaneuver","Calculated Gamble"],"picked":"Heel Hook+1","floor":45}],"player_experience":1091970,"relics_obtained":[{"floor":7.0,"key":"Dream Catcher"},{"floor":9.0,"key":"Shuriken"},{"floor":13.0,"key":"Art of War"},{"floor":24.0,"key":"Prayer Wheel"},{"floor":26.0,"key":"Unceasing Top"},{"floor":29.0,"key":"War Paint"},{"floor":43,"key":"Smiling Mask"}],"event_choices":[{"damage_healed":0.0,"max_hp_gain":0.0,"max_hp_loss":0.0,"gold_gain":0.0,"event_name":"Upgrade Shrine","player_choice":"Upgraded","floor":2.0,"gold_loss":0.0,"damage_taken":0.0,"cards_upgraded":["Neutralize"]},{"damage_healed":0.0,"max_hp_gain":0.0,"max_hp_loss":0.0,"gold_gain":0.0,"event_name":"Living Wall","player_choice":"Grow","floor":5.0,"gold_loss":0.0,"damage_taken":0.0,"cards_upgraded":["Sucker Punch"]},{"damage_healed":15.0,"max_hp_gain":0.0,"max_hp_loss":0.0,"gold_gain":0.0,"event_name":"The Cleric","player_choice":"Healed","floor":10.0,"gold_loss":35.0,"damage_taken":0.0},{"cards_removed":["Strike_G"],"damage_healed":0.0,"max_hp_gain":0.0,"max_hp_loss":0.0,"gold_gain":0.0,"event_name":"Bonfire Elementals","player_choice":"Offered Basic","floor":19.0,"gold_loss":0.0,"damage_taken":0.0},{"damage_healed":0,"gold_gain":0,"player_choice":"Memory 1","damage_taken":0,"max_hp_gain":0,"max_hp_loss":0,"event_name":"SensoryStone","floor":39,"gold_loss":0},{"damage_healed":0,"gold_gain":0,"player_choice":"Embrace Madness","damage_taken":8,"max_hp_gain":0,"max_hp_loss":0,"event_name":"Winding Halls","floor":47,"gold_loss":0,"cards_obtained":["Madness","Madness"]}],"is_beta":false,"boss_relics":[{"not_picked":["WristBlade","SlaversCollar"],"picked":"Astrolabe"},{"not_picked":["Tiny House","Busted Crown"],"picked":"Runic Pyramid"}],"items_purged_floors":[28,36],"is_endless":false,"potions_floor_spawned":[1,7,16,20,21,22,24,33,37,41,42],"ascension_level":12}}