{"host":"xkyjkr020mio9edy","time":1612069356,"event":{"mods":["AchievementEnabler","BaseMod","Block Reminder","Clockwork Mod","Colored Map","Colored Powertips","DeckTracker","Downfall","Glutton Mod","Gold Saver","Highlight Path","Hubris","Minty Spire (QoL Compilation)","Permanent Neow","Quick Restart","Rare Cards Sparkle","Replay The Spire","StSLib","The Blue Laboratory","The Bug Knight","The Jungle","The Necromancer","TheHeartMod","Wandering Minibosses"],"gold_per_floor":[51980,51980,51980,51289,51301,51336,51349,51349,51375,51375,51387,51038,50462,50472,50472,50568,50568,50582,50650,49793,49793,49793],"floor_reached":21,"language":"ENG","playtime":1676,"items_purged":["Pride","ReplayTheSpireMod:Splinters"],"score":202,"play_id":"56de372d-691a-4633-8eab-35f89c853b4d","local_time":"20210131000236","is_ascension_mode":false,"campfire_choices":[{"floor":8,"key":"RECALL"},{"data":"HollowMod:NewJinnsSoul","floor":10,"key":"SMITH"},{"data":"Mayhem","floor":15,"key":"SMITH"}],"circlet_count":0,"master_deck":["HollowMod:FocusHealStart","HollowMod:PogoStrike","HollowMod:CoiledNail","CurseOfTheBell","CurseOfTheBell","HollowMod:SoulEater","HollowMod:MantisMark","Specialist","HollowMod:TaintedHusks","HollowMod:NewJinnsSoul+1","HollowMod:CycloneSlash","HollowMod:HuntersJournal","HollowMod:BaldurShell","HollowMod:InfectedAttack","Mayhem+1","HollowMod:InfectedCysts","HollowMod:HornetsHelp+1","HollowMod:DashSlash","HollowMod:MidwifesHunger+1","HollowMod:CoiledNail","HollowMod:GrimmsGift","HollowMod:DungDefenderAura+1","HollowMod:DreamGate+1","HollowMod:SoulStrike","HollowMod:SoulShaman","HollowMod:DashSlash","HollowMod:TaintedHusks","HollowMod:QuirrelsAssistance","HollowMod:NewGlowingWomb","Replay:Bootleg Shield Generator","HollowMod:FallenFury","HollowMod:NewJinnsSoul+1"],"relics":["HollowMod:VesselMask","downfall:ExtraCursedBell","Vajra","hubris:GlazedTorus","Replay:Bottled Steam","Calipers","hubris:TenFootPole","hubris:HerbalPaste","bronze:BronzeIdol","Pear","Strawberry","Eternal Feather","Pandora\u0027s Box","Regal Pillow","Guide Book","Gremlin Horn","War Paint"],"acts_visited":["Exordium","Exordium"],"potions_floor_usage":[6,6,11,11,14,21,21],"damage_taken":[{"damage":1,"enemies":"Jaw Worm","floor":1,"turns":3},{"damage":2,"enemies":"Small Slimes","floor":5,"turns":4},{"damage":30,"enemies":"HollowMod:MossKnight","floor":6,"turns":6},{"damage":5,"enemies":"Cultist","floor":7,"turns":4},{"damage":16,"enemies":"Lots of Slimes","floor":11,"turns":3},{"damage":0,"enemies":"Large Slime","floor":14,"turns":5},{"damage":30,"enemies":"Slime Boss","floor":16,"turns":9},{"damage":68,"enemies":"theJungle:GiantWrat","floor":18,"turns":6},{"damage":38,"enemies":"theJungle:Flameango_and_Byrd","floor":21,"turns":4}],"seed_played":"5368308838704283419","potions_obtained":[{"floor":0,"key":"Strength Potion"},{"floor":0,"key":"Flashbang"},{"floor":0,"key":"blueLaboratory:ExaltedPotion"},{"floor":5,"key":"blueLaboratory:ArtificerPotion"},{"floor":6,"key":"Fire Potion"},{"floor":11,"key":"SkillPotion"},{"floor":19,"key":"PowerPotion"},{"floor":19,"key":"PowerPotion"}],"is_trial":false,"path_per_floor":["M","?","?","$","M","E","M","R","T","R","M","$","$","M","R","B",null,"M","?","$","M"],"character_chosen":"THE_BUGKNIGHT","items_purchased":["hubris:TenFootPole","hubris:HerbalPaste","bronze:BronzeIdol","HollowMod:SoulEater","HollowMod:MantisMark","Specialist","Strawberry","HollowMod:BaldurShell","HollowMod:InfectedAttack","Eternal Feather","Mayhem","HollowMod:InfectedCysts","HollowMod:HornetsHelp","Guide Book","Gremlin Horn","War Paint","Replay:Bootleg Shield Generator","HollowMod:FallenFury","HollowMod:NewJinnsSoul+1"],"campfire_rested":0,"item_purchase_floors":[4,4,4,4,4,4,12,12,12,13,13,13,13,20,20,20,20,20,20],"current_hp_per_floor":[75,75,75,75,73,63,70,70,70,70,59,66,66,72,87,68,92,25,25,25,0,0],"gold":49793,"neow_bonus":"THREE_SMALL_POTIONS","is_daily":false,"chose_seed":false,"campfire_upgraded":2,"win_rate":0.0,"timestamp":1612069356,"path_taken":["M","?","?","$","M","E","?","R","T","R","M","?","$","M","R","BOSS","M","?","$","?"],"items_purchased_type":["Relic","Relic","Relic","Card","Card","Card","Relic","Card","Card","Relic","Card","Card","Card","Relic","Relic","Relic","Card","Card","Card"],"build_version":"2020-12-22","purchased_purges":2,"victory":false,"max_hp_per_floor":[75,75,75,75,75,85,85,85,85,85,85,92,92,92,92,92,92,92,92,92,92,92],"card_choices":[{"not_picked":["HollowMod:CloakDash","HollowMod:CornifersMapStart"],"picked":"HollowMod:CoiledNail","floor":1},{"not_picked":["HollowMod:SiblingsSouls","HollowMod:VengefulVoid"],"picked":"HollowMod:TaintedHusks","floor":5},{"not_picked":["HollowMod:Hiveblood","HollowMod:PureNailStrike"],"picked":"HollowMod:NewJinnsSoul","floor":6},{"not_picked":["HollowMod:WraithStrike","HollowMod:DoubleDash"],"picked":"HollowMod:CycloneSlash","floor":7},{"not_picked":["HollowMod:SiblingsShadow","HollowMod:DescendingDark"],"picked":"HollowMod:HuntersJournal","floor":11},{"not_picked":["HollowMod:WraithStrike","HollowMod:PerfectDash"],"picked":"HollowMod:DashSlash","floor":14},{"not_picked":["HollowMod:NewInfectedGuardian","HollowMod:VoidDash"],"picked":"HollowMod:MidwifesHunger","floor":16},{"not_picked":["HollowMod:MonarchWings","HollowMod:ShadowDash"],"picked":"HollowMod:QuirrelsAssistance","floor":18},{"not_picked":["HollowMod:DashSlash","HollowMod:InfectedCysts"],"picked":"HollowMod:NewGlowingWomb","floor":19}],"player_experience":145642,"relics_obtained":[{"floor":2,"key":"Vajra"},{"floor":2,"key":"hubris:GlazedTorus"},{"floor":2,"key":"Replay:Bottled Steam"},{"floor":6,"key":"Pear"},{"floor":19,"key":"Regal Pillow"}],"event_choices":[{"damage_healed":0,"gold_gain":0,"player_choice":"Gave Potion","damage_taken":0,"relics_obtained":["Calipers"],"max_hp_gain":0,"max_hp_loss":0,"event_name":"WeMeetAgain","floor":3,"gold_loss":0}],"is_beta":false,"boss_relics":[{"not_picked":["expansioncontent:StudyCardRelic","bronze:MakeshiftBattery"],"picked":"Pandora\u0027s Box"}],"items_purged_floors":[12,20],"is_endless":false,"potions_floor_spawned":[5,6,11],"killed_by":"theJungle:Flameango_and_Byrd","ascension_level":0}}