{"host":"mx2pw5pd864r4y2b","time":1612112009,"event":{"mods":["BaseMod","BetterRewards","Duelist Mod","GifTheSpireLib","Minty Spire (QoL Compilation)","Shop Mod","StSLib","The Mystic","Waifu the Spire"],"gold_per_floor":[110,120,134,148,3,30,30,47,47,57,57,71,71,71,71,171,171,191,207,207,217,64,64,64,64,64,64,64,79,99,17,17,17,17],"floor_reached":33,"language":"ENG","playtime":3154,"items_purged":["Strike_G"],"score":249,"play_id":"7a6be625-9ad8-4373-83cb-c291c07a8dde","local_time":"20210131115329","is_ascension_mode":false,"campfire_choices":[{"data":"Caltrops","floor":7,"key":"SMITH"},{"floor":11,"key":"REST"},{"data":"Infinite Blades","floor":13,"key":"SMITH"},{"data":"Caltrops","floor":15,"key":"SMITH"},{"data":"Caltrops","floor":23,"key":"SMITH"},{"floor":28,"key":"REST"},{"floor":32,"key":"REST"}],"circlet_count":0,"master_deck":["Strike_G","Strike_G","Strike_G","Strike_G","Defend_G","Defend_G","Defend_G","Defend_G","Defend_G","Survivor","Neutralize+1","Escape Plan","Prepared","Crippling Poison","Caltrops+1","Corpse Explosion","Cloak And Dagger","Infinite Blades+1","Caltrops+1","Burst","Poisoned Stab","Caltrops+1","Shame","Escape Plan","Calculated Gamble+1"],"relics":["Ring of the Snake","Boot","Strawberry","Dream Catcher","Philosopher\u0027s Stone","MutagenicStrength","Juzu Bracelet","Nloth\u0027s Gift"],"acts_visited":["Exordium","TheCity"],"potions_floor_usage":[6,6,8,16,16,33],"damage_taken":[{"damage":0,"enemies":"Cultist","floor":1,"turns":5},{"damage":0,"enemies":"Jaw Worm","floor":2,"turns":5},{"damage":0,"enemies":"2 Louse","floor":3,"turns":2},{"damage":5,"enemies":"Blue Slaver","floor":4,"turns":6},{"damage":45,"enemies":"Gremlin Nob","floor":6,"turns":6},{"damage":7,"enemies":"Exordium Thugs","floor":8,"turns":5},{"damage":6,"enemies":"Red Slaver","floor":10,"turns":5},{"damage":0,"enemies":"2 Fungi Beasts","floor":12,"turns":2},{"damage":31,"enemies":"Slime Boss","floor":16,"turns":12},{"damage":24,"enemies":"Spheric Guardian","floor":18,"turns":4},{"damage":6,"enemies":"3 Byrds","floor":19,"turns":2},{"damage":35,"enemies":"Snake Plant","floor":21,"turns":2},{"damage":5,"enemies":"Centurion and Healer","floor":29,"turns":4},{"damage":16,"enemies":"Snecko","floor":30,"turns":5},{"damage":48,"enemies":"Collector","floor":33,"turns":7}],"seed_played":"-3343339461015427081","potions_obtained":[{"floor":1,"key":"Dexterity Potion"},{"floor":3,"key":"Poison Potion"},{"floor":6,"key":"Block Potion"},{"floor":8,"key":"Dexterity Potion"},{"floor":10,"key":"SpeedPotion"},{"floor":30,"key":"GhostInAJar"}],"is_trial":false,"path_per_floor":["M","M","M","M","$","E","R","M","T","M","R","M","R","$","R","B",null,"M","M","?","M","$","R","?","?","T","?","R","M","M","$","R","B"],"character_chosen":"THE_SILENT","items_purchased":["Boot","Caltrops","Escape Plan"],"campfire_rested":3,"item_purchase_floors":[5,22,31],"current_hp_per_floor":[70,70,70,65,65,27,27,20,20,14,37,37,37,37,37,6,77,53,47,47,12,12,12,12,12,12,12,35,30,14,14,37,0,0],"gold":17,"neow_bonus":"UPGRADE_CARD","is_daily":false,"chose_seed":false,"campfire_upgraded":4,"win_rate":0.0,"timestamp":1612112009,"path_taken":["M","M","M","M","$","E","R","M","T","M","R","M","R","?","R","BOSS","M","M","?","M","$","R","?","?","T","?","R","M","M","?","R","BOSS"],"items_purchased_type":["Relic","Card","Card"],"build_version":"2020-12-22","purchased_purges":1,"victory":false,"max_hp_per_floor":[70,70,70,70,70,77,77,77,77,77,77,77,77,77,77,77,77,77,77,77,77,77,77,77,77,77,77,77,77,77,77,77,77,77],"card_choices":[{"not_picked":["Deflect","All Out Attack"],"picked":"Escape Plan","floor":1},{"not_picked":["Acrobatics","Backflip"],"picked":"Prepared","floor":2},{"not_picked":["Riddle With Holes","Dodge and Roll"],"picked":"Crippling Poison","floor":3},{"not_picked":["Cloak And Dagger","Blade Dance","Finisher"],"picked":"SKIP","floor":4},{"not_picked":["Cloak And Dagger","Sucker Punch"],"picked":"Caltrops","floor":6},{"not_picked":["Quick Slash","Skewer"],"picked":"Corpse Explosion","floor":8},{"not_picked":["Sucker Punch","Predator"],"picked":"Cloak And Dagger","floor":10},{"not_picked":["Quick Slash","Blade Dance"],"picked":"Infinite Blades","floor":11},{"not_picked":["Calculated Gamble","Crippling Poison"],"picked":"Caltrops","floor":12},{"not_picked":["Glass Knife","Phantasmal Killer"],"picked":"Burst","floor":16},{"not_picked":["Flying Knee","Escape Plan+1"],"picked":"Poisoned Stab","floor":18},{"not_picked":["Quick Slash+1","Prepared+1","Slice"],"picked":"SKIP","floor":19},{"not_picked":["Prepared","Quick Slash","Backflip"],"picked":"SKIP","floor":21},{"not_picked":["Slice","Bane","Prepared"],"picked":"SKIP","floor":29},{"not_picked":["Dodge and Roll","Sucker Punch","Prepared"],"picked":"SKIP","floor":30},{"not_picked":["Flechettes","Burst"],"picked":"Calculated Gamble+1","floor":32}],"player_experience":127893,"relics_obtained":[{"floor":6,"key":"Strawberry"},{"floor":9,"key":"Dream Catcher"},{"floor":26,"key":"Ginger"}],"event_choices":[{"damage_healed":0,"gold_gain":0,"player_choice":"Ignored","damage_taken":0,"max_hp_gain":0,"max_hp_loss":0,"event_name":"Vampires","floor":20,"gold_loss":0},{"damage_healed":0,"gold_gain":0,"player_choice":"Inject Mutagens","damage_taken":0,"relics_obtained":["MutagenicStrength"],"max_hp_gain":0,"max_hp_loss":0,"event_name":"Drug Dealer","floor":24,"gold_loss":0},{"damage_healed":0,"gold_gain":0,"player_choice":"Stole Relic","damage_taken":0,"relics_obtained":["Juzu Bracelet"],"max_hp_gain":0,"max_hp_loss":0,"event_name":"Addict","floor":25,"gold_loss":0,"cards_obtained":["Shame"]},{"damage_healed":0,"gold_gain":0,"player_choice":"Traded Relic","damage_taken":0,"relics_obtained":["Nloth\u0027s Gift"],"max_hp_gain":0,"max_hp_loss":0,"event_name":"N\u0027loth","floor":27,"relics_lost":["Ginger"],"gold_loss":0}],"is_beta":false,"boss_relics":[{"not_picked":["Cursed Key","Astrolabe"],"picked":"Philosopher\u0027s Stone"}],"items_purged_floors":[22],"is_endless":false,"potions_floor_spawned":[1,3,6,8,10,30],"killed_by":"Collector","ascension_level":0}}