{"host":"6xsbn6ynqlzwllfm","time":1612075960,"event":{"mods":["2.2 Compatiblity","BaseMod","Bestiary","Colored Map","Colored Powertips","Curses Come First","Highlight Path","Keyboard Shortcuts","Minty Spire (QoL Compilation)","Relic Stats","Slay the Relics Exporter","StSLib","SuperFastMode"],"gold_per_floor":[113,38,113,113,132,159,159,191,191,191,28,54,54,67,67,143,143,155,155,155,80,130,130,157,157,157,175,100,116,116,116],"floor_reached":30,"language":"ENG","playtime":537,"items_purged":["Defend_R"],"score":749,"play_id":"ad8ded50-2c0f-4736-b2ce-6882521e818f","local_time":"20210131015240","is_ascension_mode":true,"campfire_choices":[{"data":"Bash","floor":7,"key":"SMITH"},{"data":"Heavy Blade","floor":10,"key":"SMITH"},{"data":"1","floor":15,"key":"LIFT"},{"data":"2","floor":23,"key":"LIFT"},{"data":"3","floor":25,"key":"LIFT"}],"circlet_count":0,"master_deck":["AscendersBane","Defend_R","Defend_R","Defend_R","Bash+1","Spot Weakness","Battle Trance","Heavy Blade+1","Feel No Pain","Offering","Seeing Red","Metallicize","Feed","Spot Weakness","Bite","Bite","Bite","Bite","Bite","Pommel Strike+1","Heavy Blade+1"],"relics":["Burning Blood","NeowsBlessing","Pen Nib","Champion Belt","Dead Branch","Girya","Cursed Key","Shovel","Gremlin Horn"],"acts_visited":["Exordium","TheCity"],"potions_floor_usage":[8,16,24,24,24,30],"damage_taken":[{"damage":0,"enemies":"Jaw Worm","floor":1,"turns":1},{"damage":0,"enemies":"2 Louse","floor":5,"turns":1},{"damage":0,"enemies":"3 Sentries","floor":6,"turns":2},{"damage":35,"enemies":"Lagavulin","floor":8,"turns":7},{"damage":21,"enemies":"3 Sentries","floor":12,"turns":7},{"damage":6,"enemies":"Cultist","floor":14,"turns":2},{"damage":6,"enemies":"Slime Boss","floor":16,"turns":5},{"damage":14,"enemies":"Chosen","floor":18,"turns":7},{"damage":40,"enemies":"Gremlin Leader","floor":24,"turns":6},{"damage":17,"enemies":"2 Thieves","floor":27,"turns":4},{"damage":29,"enemies":"Centurion and Healer","floor":29,"turns":2},{"damage":16,"enemies":"Slavers","floor":30,"turns":1}],"seed_played":"1547789363733994627","potions_obtained":[{"floor":5,"key":"DuplicationPotion"},{"floor":6,"key":"CultistPotion"},{"floor":16,"key":"EssenceOfSteel"},{"floor":18,"key":"BlessingOfTheForge"},{"floor":24,"key":"Fruit Juice"},{"floor":29,"key":"Weak Potion"}],"is_trial":false,"path_per_floor":["M","?","?","T","M","E","R","E","T","R","$","E","$","M","R","B",null,"M","?","?","$","?","R","E","R","T","M","?","M","E"],"character_chosen":"IRONCLAD","items_purchased":["Offering"],"campfire_rested":0,"item_purchase_floors":[11],"current_hp_per_floor":[74,74,63,63,71,75,75,46,46,46,46,33,33,35,35,37,66,60,60,39,39,39,39,24,24,24,27,27,12,0,0],"gold":116,"neow_bonus":"THREE_ENEMY_KILL","is_daily":false,"chose_seed":false,"campfire_upgraded":2,"win_rate":0.0,"timestamp":1612075960,"path_taken":["M","?","?","?","M","E","R","E","T","R","$","E","$","?","R","BOSS","M","?","?","$","?","R","E","R","T","?","?","M","E"],"items_purchased_type":["Card"],"build_version":"2020-12-22","purchased_purges":1,"victory":false,"max_hp_per_floor":[75,75,75,75,75,75,75,75,75,75,75,75,75,75,75,75,75,75,75,80,80,80,80,85,85,85,85,85,85,88,88],"relic_stats":{"Shovel":0,"Gremlin Horn":[3,3],"counters":[12,45],"Dead Branch":[44],"Pen Nib":[7],"Champion Belt":[4],"Cursed Key":1,"obtain_stats":[{"Blood Vial":4,"Girya":12,"Shovel":24,"NeowsBlessing":0,"Gremlin Horn":26,"Dead Branch":9,"Pen Nib":6,"Champion Belt":8,"Cursed Key":17,"Burning Blood":0},{"Blood Vial":1,"Girya":5,"Shovel":9,"NeowsBlessing":0,"Gremlin Horn":9,"Dead Branch":4,"Pen Nib":3,"Champion Belt":4,"Cursed Key":7,"Burning Blood":0},{"Blood Vial":1,"Girya":18,"Shovel":38,"NeowsBlessing":0,"Gremlin Horn":38,"Dead Branch":11,"Pen Nib":4,"Champion Belt":11,"Cursed Key":25,"Burning Blood":0}],"Burning Blood":62},"card_choices":[{"not_picked":["Twin Strike","Headbutt"],"picked":"Spot Weakness","floor":1},{"not_picked":["Seeing Red","Armaments"],"picked":"Battle Trance","floor":5},{"not_picked":["Dropkick","Pommel Strike"],"picked":"Heavy Blade","floor":6},{"not_picked":["True Grit","Rampage"],"picked":"Feel No Pain","floor":8},{"not_picked":["Berserk","Twin Strike"],"picked":"Seeing Red","floor":12},{"not_picked":["Flex","Heavy Blade"],"picked":"Metallicize","floor":14},{"not_picked":["Double Tap","Bludgeon"],"picked":"Feed","floor":16},{"not_picked":["Bloodletting","Twin Strike+1"],"picked":"Spot Weakness","floor":18},{"not_picked":["Sword Boomerang+1","Ghostly Armor","Armaments"],"picked":"SKIP","floor":24},{"not_picked":["Inflame","Infernal Blade"],"picked":"Pommel Strike+1","floor":27},{"not_picked":["Iron Wave","Flex"],"picked":"Heavy Blade+1","floor":29}],"player_experience":1328582,"relics_obtained":[{"floor":4,"key":"Blood Vial"},{"floor":6,"key":"Pen Nib"},{"floor":8,"key":"Champion Belt"},{"floor":9,"key":"Dead Branch"},{"floor":12,"key":"Girya"},{"floor":24,"key":"Shovel"},{"floor":26,"key":"Gremlin Horn"}],"event_choices":[{"cards_removed":["Strike_R"],"damage_healed":0,"gold_gain":0,"player_choice":"Card Removal","damage_taken":0,"max_hp_gain":0,"max_hp_loss":0,"event_name":"The Cleric","floor":2,"gold_loss":75},{"damage_healed":0,"gold_gain":75,"player_choice":"Gather Gold","damage_taken":11,"max_hp_gain":0,"max_hp_loss":0,"event_name":"World of Goop","floor":3,"gold_loss":0},{"damage_healed":0,"gold_gain":0,"player_choice":"Became a vampire (Vial)","damage_taken":0,"max_hp_gain":0,"max_hp_loss":0,"event_name":"Vampires","floor":19,"relics_lost":["Blood Vial"],"gold_loss":0,"cards_obtained":["Bite","Bite","Bite","Bite","Bite"]},{"damage_healed":0,"gold_gain":0,"player_choice":"Shed Blood","damage_taken":26,"max_hp_gain":5,"max_hp_loss":0,"event_name":"Forgotten Altar","floor":20,"gold_loss":0},{"damage_healed":0,"gold_gain":50,"player_choice":"Pray","damage_taken":0,"max_hp_gain":0,"max_hp_loss":0,"event_name":"Golden Shrine","floor":22,"gold_loss":0},{"cards_removed":["Writhe"],"damage_healed":0,"gold_gain":0,"player_choice":"Gave Gold","damage_taken":0,"max_hp_gain":0,"max_hp_loss":0,"event_name":"Beggar","floor":28,"gold_loss":75}],"is_beta":false,"boss_relics":[{"not_picked":["Coffee Dripper","Runic Dome"],"picked":"Cursed Key"}],"items_purged_floors":[21],"is_endless":false,"potions_floor_spawned":[5,6,16,18,24,29],"killed_by":"Slavers","ascension_level":20}}