{"host":"ggy1mjjy92c62u6a","time":1612105282,"event":{"mods":["10 clothes from DAL","ATMod(阿瑾Mod)","Act Like it!","BaseMod","Colored Powertips","GifTheSpireLib","Library of Ruina","Library of Ruina Extra","Lobotomy","LobotomyExtend","Minty Spire (QoL Compilation)","Quick Restart","Relic Filter Mod","Relic Stats","Shop Mod","Spicy Shops","StSLib","TestMod","【功能Mod】混沌之环修复补丁","【遗物Mod】死灵法师NEW","【遗物卡牌】REMEMod"],"gold_per_floor":[115,115,134,134,144,144,144,144,171,198,224,224,258,271,271,367,367,387,398,398,418,9,39,439,439,491,491,44,44,44,61,61,158,158,171,184,35,45,70,70,95,95],"floor_reached":41,"language":"ZHS","playtime":1150,"items_purged":["LightDefense","LightDefense"],"score":544,"play_id":"219ca167-3de5-4fbd-9a33-e2dd4e03a756","local_time":"20210131230122","is_ascension_mode":false,"campfire_choices":[{"data":"AT_FamilyPortrait","floor":7.0,"key":"SMITH"},{"data":"FocusedStrikes","floor":8.0,"key":"SMITH"},{"data":"BlazingStrike","floor":12.0,"key":"SMITH"},{"data":"BattleCommand","floor":15.0,"key":"SMITH"},{"data":"FrontalAssault","floor":25.0,"key":"SMITH"},{"data":"BattleCommand","floor":27.0,"key":"SMITH"},{"data":"GuidanceOfTheGears","floor":29.0,"key":"SMITH"},{"data":"UnavoidableGaze","floor":32.0,"key":"SMITH"},{"floor":40.0,"key":"REST"}],"circlet_count":0,"master_deck":["Dodge","LightDefense","LightAttack+1","LightAttack","LightAttack","LightDefense","ChargeAndCover+1","FocusedStrikes+1","AT_FamilyPortrait+1","Wellcheers","UnavoidableGaze+1","FocusedStrikes+1","BlazingStrike+1","BattleCommand+1","Deflect_lor","BattleCommand+1","GuardingStance","FrontalAssault+1","GuidanceOfTheGears+1","RagingStorm","Unlock1","WillProduceFineSilk"],"relics":["PageOfLibrarian","REME_ComplimentaryCards","testmod-TestBox","CogitoBucket","testmod-CardMagician","LetterFromLob","InspiredRelic","MagicBullet_r","AT_BladeRuinedKing","Kunai","SkinProphecy","PageOfBlackSwan","MerchantsRug","FossilizedHelix","PageOfBloodbath","Happy Flower","PageOfFreischutz","testmod-ArcanaOfDestiny","testmod-NegativeEmotionEnhancer","AT_MibuBalloonWealth"],"acts_visited":["Exordium","TheCity","TheBeyond"],"potions_floor_usage":[],"damage_taken":[{"damage":2.0,"enemies":"Small Slimes","floor":1.0,"turns":4.0},{"damage":0.0,"enemies":"Cultist","floor":3.0,"turns":3.0},{"damage":5.0,"enemies":"Jaw Worm","floor":5.0,"turns":3.0},{"damage":0.0,"enemies":"3 Louse","floor":6.0,"turns":1.0},{"damage":6.0,"enemies":"3 Sentries","floor":11.0,"turns":6.0},{"damage":0.0,"enemies":"Lagavulin","floor":13.0,"turns":2.0},{"damage":0.0,"enemies":"Gremlin Gang","floor":14.0,"turns":3.0},{"damage":20.0,"enemies":"Slime Boss","floor":16.0,"turns":5.0},{"damage":0.0,"enemies":"Spheric Guardian","floor":18.0,"turns":1.0},{"damage":0.0,"enemies":"Shell Parasite","floor":19.0,"turns":2.0},{"damage":6.0,"enemies":"3 Cultists","floor":21.0,"turns":4.0},{"damage":0.0,"enemies":"Gremlin Leader","floor":23.0,"turns":4.0},{"damage":0.0,"enemies":"Snake Plant","floor":31.0,"turns":5.0},{"damage":20.0,"enemies":"Automaton","floor":33.0,"turns":5.0},{"damage":0.0,"enemies":"3 Darklings","floor":35.0,"turns":2.0},{"damage":0.0,"enemies":"Orb Walker","floor":36.0,"turns":2.0},{"damage":0.0,"enemies":"Jaw Worm Horde","floor":38.0,"turns":2.0},{"damage":42,"enemies":"Reptomancer","floor":41,"turns":2}],"seed_played":"-9159673850951935113","potions_obtained":[{"floor":13.0,"key":"Block Potion"},{"floor":30.0,"key":"Ancient Potion"},{"floor":30.0,"key":"PowerPotion"},{"floor":36.0,"key":"testmod-SpacePotion"}],"is_trial":false,"path_per_floor":["M","?","M","M","M","M","R","R","T","T","E","R","E","M","R","B",null,"M","M","?","M","$","E","?","R","T","R","$","R","?","M","R","B",null,"M","M","$","M","T","R","E"],"character_chosen":"Librarian","items_purchased":["MerchantsRug","FossilizedHelix","GuardingStance","PageOfFreischutz","testmod-ArcanaOfDestiny","GuidanceOfTheGears","WillProduceFineSilk"],"campfire_rested":1,"item_purchase_floors":[22,22,22,28,28,28,37],"current_hp_per_floor":[58,58,61,61,56,56,56,56,56,56,50,50,50,50,50,26,81,77,73,57,47,47,43,43,43,43,43,43,43,43,35,35,11,100,103,101,101,13,13,45,0,0],"gold":95,"neow_bonus":"","is_daily":false,"chose_seed":false,"campfire_upgraded":8,"win_rate":0.0,"timestamp":1612105282,"path_taken":["M","?","?","M","M","M","M","R","T","?","E","R","E","M","R","BOSS","M","M","?","M","$","E","?","R","T","R","$","R","?","M","R","BOSS","M","M","$","M","?","R","E"],"items_purchased_type":["Relic","Relic","Card","Relic","Relic","Card","Card"],"build_version":"2020-12-22","purchased_purges":2,"victory":false,"max_hp_per_floor":[62,62,84,79,79,79,79,79,79,79,79,79,79,79,79,81,81,83,85,90,92,92,94,94,94,94,94,94,94,94,98,98,100,100,103,106,106,109,109,109,111,111],"relic_stats":{"Happy Flower":[6],"counters":[20,58],"Kunai":[4],"obtain_stats":[{"MerchantsRug":22,"AT_ATBox":0,"testmod-TestBox":0,"MagicBullet_r":4,"Happy Flower":26,"AT_MibuBalloonWealth":39,"testmod-CardMagician":0,"PageOfBloodbath":23,"AT_BladeRuinedKing":10,"testmod-NegativeEmotionEnhancer":34,"Whetstone":11,"SkinProphecy":14,"PageOfLibrarian":0,"Yang_Lob":36,"CogitoBucket":0,"PageOfBlackSwan":17,"PageOfFreischutz":28,"LetterFromLob":1,"Kunai":13,"InspiredRelic":4,"Toy Ornithopter":9,"FossilizedHelix":22,"testmod-ArcanaOfDestiny":28,"REME_ComplimentaryCards":0},{"MerchantsRug":12,"AT_ATBox":0,"testmod-TestBox":0,"MagicBullet_r":2,"Happy Flower":13,"AT_MibuBalloonWealth":19,"testmod-CardMagician":0,"PageOfBloodbath":13,"AT_BladeRuinedKing":4,"testmod-NegativeEmotionEnhancer":16,"Whetstone":5,"SkinProphecy":8,"PageOfLibrarian":0,"Yang_Lob":18,"CogitoBucket":0,"PageOfBlackSwan":9,"PageOfFreischutz":13,"LetterFromLob":1,"Kunai":6,"InspiredRelic":2,"Toy Ornithopter":4,"FossilizedHelix":12,"testmod-ArcanaOfDestiny":13,"REME_ComplimentaryCards":0},{"MerchantsRug":35,"AT_ATBox":0,"testmod-TestBox":0,"MagicBullet_r":7,"Happy Flower":39,"AT_MibuBalloonWealth":56,"testmod-CardMagician":0,"PageOfBloodbath":39,"AT_BladeRuinedKing":11,"testmod-NegativeEmotionEnhancer":50,"Whetstone":17,"SkinProphecy":23,"PageOfLibrarian":0,"Yang_Lob":54,"CogitoBucket":0,"PageOfBlackSwan":28,"PageOfFreischutz":39,"LetterFromLob":4,"Kunai":19,"InspiredRelic":7,"Toy Ornithopter":11,"FossilizedHelix":35,"testmod-ArcanaOfDestiny":39,"REME_ComplimentaryCards":0}]},"card_choices":[{"not_picked":["ShyLook","OSAHOGD"],"picked":"Wellcheers","floor":1.0},{"not_picked":["IngredientHunt","QuickSuppression","ChopItOff","HighKick","UndertakePrescript","Diversion","DefenseOrder","AsThePrescriptOrders","Feast"],"picked":"SKIP","floor":1.0},{"not_picked":["UpbeatPerformance","SmokingPipe","QuickAttack","BizarreAttack","DesperateStruggle","Eject","FaintMemories","Brawl","TraceOfFumes"],"picked":"SKIP","floor":3.0},{"not_picked":["Tailoring","MindPrepared","NightInTheBackstreets","DevastatingThrash","Reload","Wallop_lor","GoinFirst","BackAttack"],"picked":"UnavoidableGaze","floor":5.0},{"not_picked":["WillOfThePrescript","SharpNails","HighSpeedStabbing","SpearedSweep","UnavoidableGaze","Overcharge","Rewind","BiteOff"],"picked":"BlazingStrike","floor":11.0},{"not_picked":["AutomatedMovement","TendonChords","FierceCharge","TheArtOfRapidSteps","StartinOutLightly","SmokingPipe","Observe","EnergyStrike"],"picked":"BattleCommand","floor":13.0},{"not_picked":["Diversion","SharpSwipe","Thirst","WillBeTasty","HighKick","Rewind","MultiHit","SuppressingShot"],"picked":"Deflect_lor","floor":14.0},{"not_picked":["SweepTheBackstreets","Feast+1","AutonomousRush+1","StructuralAnalysis+1","Multislash","TrimTheIngredients","BladeWhirl+1","SuppressingShot+1","ChargeUp"],"picked":"SKIP","floor":18.0},{"not_picked":["RapidGashes+1","StructuralAnalysis","Wallop_lor+1","AutomatedMovement","Bvapour","PreemptiveStrike","DarkCloud+1","WillOfThePrescript+1","Tailoring+1"],"picked":"SKIP","floor":19.0},{"not_picked":["Tailoring","GuidanceOfTheGears","FleetEdge","FervidEmotions","Thirst","Outburst+1","OpportunitySpotted","MultiBlock"],"picked":"BattleCommand","floor":21.0},{"not_picked":["PunishingBird","BodiesMountain"],"picked":"Yin","floor":23.0},{"not_picked":["FormingStorm","SparkingSpear","SkyClearingCut","Eradication","EnergyCycle+1","Multislash+1","DimensionalRift","YouOnlyLiveOnce"],"picked":"FrontalAssault","floor":23.0},{"not_picked":["Leap_lor","FierceOnslaught+1","Execute_lor","Rewind","ClassAndRespect","StrongStrike","Juggling+1","HighKick+1","NightInTheBackstreets"],"picked":"SKIP","floor":31.0},{"not_picked":["DirtyBlow+1","Creak+1","DesperateStruggle+1","UnavoidableGaze","ViolentFlame","FendThisOffIfYouCan","AutonomousRush","PreemptiveStrike"],"picked":"RagingStorm","floor":35.0},{"not_picked":["Ripple+1","HandleRequest","BiteOff+1","NightInTheBackstreets","HighSpeedStabbing","SweepTheBackstreets+1","CutIn","MindPrepared+1"],"picked":"Unlock1","floor":36.0},{"not_picked":["SpearedSweep","BlazingStrike","StructuralAnalysis+1","TendonChords","StrongStrike","Multislash+1","EndlessBattle","Reload","Mutilate+1"],"picked":"SKIP","floor":38.0}],"player_experience":94051,"relics_obtained":[{"floor":1.0,"key":"LetterFromLob"},{"floor":9.0,"key":"Toy Ornithopter"},{"floor":10.0,"key":"AT_BladeRuinedKing"},{"floor":11.0,"key":"Whetstone"},{"floor":13.0,"key":"Kunai"},{"floor":23.0,"key":"PageOfBloodbath"},{"floor":26.0,"key":"Happy Flower"},{"floor":39.0,"key":"AT_MibuBalloonWealth"}],"event_choices":[{"damage_healed":0.0,"max_hp_gain":0.0,"max_hp_loss":0.0,"gold_gain":0.0,"event_name":"The Woman in Blue","player_choice":"Bought 0 Potions","floor":2.0,"gold_loss":0.0,"damage_taken":0.0},{"damage_healed":0.0,"max_hp_gain":5.0,"max_hp_loss":0.0,"gold_gain":0.0,"event_name":"Forgotten Altar","player_choice":"Shed Blood","floor":20.0,"gold_loss":0.0,"damage_taken":21.0},{"damage_healed":0.0,"max_hp_gain":0.0,"max_hp_loss":0.0,"gold_gain":400.0,"event_name":"恩洛斯的盘子","player_choice":"Sell","floor":24.0,"relics_lost":["AT_ATBox"],"gold_loss":0.0,"damage_taken":0.0},{"damage_healed":0.0,"max_hp_gain":0.0,"max_hp_loss":0.0,"gold_gain":0.0,"event_name":"Lab","player_choice":"Got Potions","floor":30.0,"gold_loss":0.0,"damage_taken":0.0}],"is_beta":false,"boss_relics":[{"not_picked":["testmod-Fanaticism","testmod-Temperance"],"picked":"PageOfBlackSwan"},{"not_picked":["testmod-IncinerationGenerator","SacredBark"],"picked":"testmod-NegativeEmotionEnhancer"}],"items_purged_floors":[22,22],"is_endless":false,"potions_floor_spawned":[6,13,23,33,36,38],"killed_by":"Reptomancer","ascension_level":0}}