{"host":"lip44byzewa3adv8","time":1612136431,"event":{"mods":["BaseMod","Curses Come First","Minty Spire (QoL Compilation)","Relic Sorter","Relic Stats","StSLib","Synergy Search"],"gold_per_floor":[119,135,154,165,183,212,226,246,270,286,286,318,331,341,341,441,441,459,118,217,231,5,5,35,35,35,35,45,75,87,104,104,201,201,219,236,92,92,110,140,157,0,50,50,50,80,142,79,79,79],"floor_reached":51,"language":"ENG","playtime":3709,"items_purged":["Strike_R"],"score":788,"play_id":"60ea7fbd-e680-4729-a7df-f81857b9152f","local_time":"20210131184031","is_ascension_mode":false,"campfire_choices":[{"data":"Uppercut","floor":11.0,"key":"SMITH"},{"data":"Flame Barrier","floor":15.0,"key":"SMITH"},{"data":"Feed","floor":25,"key":"SMITH"},{"data":"True Grit","floor":32,"key":"SMITH"},{"floor":49,"key":"REST"}],"circlet_count":0,"master_deck":["Strike_R","Strike_R","Strike_R","Defend_R","Defend_R","Defend_R","Defend_R","Bash","Intimidate","Battle Trance","Uppercut+1","Cleave","Flame Barrier+1","Power Through","Intimidate","Burning Pact","Shrug It Off","Sword Boomerang","Sword Boomerang","Uppercut","Feed+1","True Grit+1","Disarm","Shockwave","Barricade","Inflame","True Grit+1","Disarm","Fiend Fire","Armaments+1","Shrug It Off","Demon Form","Wild Strike","Entrench+1","Entrench+1","True Grit+1","Cleave+1","Inflame+1","Fiend Fire","Battle Trance+1","Evolve","Flash of Steel","Master of Strategy","Madness","Madness","Fire Breathing","Burning Pact+1","Feel No Pain"],"relics":["Burning Blood","Pen Nib","Lantern","MealTicket","Sozu","Sling","Unceasing Top","Paper Frog","Omamori","SlaversCollar","Orrery","Ancient Tea Set","MawBank","Champion Belt"],"acts_visited":["Exordium","TheCity","TheBeyond"],"potions_floor_usage":[29,50],"damage_taken":[{"damage":7.0,"enemies":"2 Louse","floor":1.0,"turns":3.0},{"damage":2.0,"enemies":"Small Slimes","floor":2.0,"turns":4.0},{"damage":4.0,"enemies":"Jaw Worm","floor":3.0,"turns":5.0},{"damage":28.0,"enemies":"Large Slime","floor":4.0,"turns":8.0},{"damage":7.0,"enemies":"Blue Slaver","floor":5.0,"turns":4.0},{"damage":29.0,"enemies":"Gremlin Nob","floor":6.0,"turns":5.0},{"damage":0.0,"enemies":"Looter","floor":7.0,"turns":4.0},{"damage":11.0,"enemies":"Exordium Thugs","floor":8.0,"turns":5.0},{"damage":0.0,"enemies":"3 Louse","floor":10.0,"turns":3.0},{"damage":1.0,"enemies":"3 Sentries","floor":12.0,"turns":12.0},{"damage":3.0,"enemies":"Large Slime","floor":13.0,"turns":4.0},{"damage":7.0,"enemies":"Exordium Wildlife","floor":14.0,"turns":3.0},{"damage":19.0,"enemies":"Hexaghost","floor":16.0,"turns":11.0},{"damage":7,"enemies":"Spheric Guardian","floor":18,"turns":3},{"damage":12,"enemies":"Shell Parasite","floor":21,"turns":6},{"damage":46,"enemies":"Gremlin Leader","floor":24,"turns":11},{"damage":9,"enemies":"Centurion and Healer","floor":28,"turns":10},{"damage":34,"enemies":"Slavers","floor":29,"turns":5},{"damage":6,"enemies":"Chosen and Byrds","floor":30,"turns":5},{"damage":0,"enemies":"Snake Plant","floor":31,"turns":6},{"damage":7,"enemies":"Champ","floor":33,"turns":16},{"damage":21,"enemies":"3 Shapes","floor":35,"turns":9},{"damage":21,"enemies":"3 Darklings","floor":36,"turns":14},{"damage":8,"enemies":"Jaw Worm Horde","floor":39,"turns":7},{"damage":9,"enemies":"Giant Head","floor":40,"turns":5},{"damage":11,"enemies":"Writhing Mass","floor":41,"turns":10},{"damage":67,"enemies":"Reptomancer","floor":46,"turns":9},{"damage":0,"enemies":"Mind Bloom Boss Battle","floor":47,"turns":5},{"damage":68,"enemies":"Donu and Deca","floor":50,"turns":11}],"seed_played":"1043929421533311901","potions_obtained":[{"floor":1.0,"key":"Dexterity Potion"},{"floor":4.0,"key":"Weak Potion"},{"floor":7.0,"key":"Dexterity Potion"},{"floor":8.0,"key":"ColorlessPotion"},{"floor":10.0,"key":"Fire Potion"},{"floor":13.0,"key":"Energy Potion"}],"is_trial":false,"path_per_floor":["M","M","M","M","M","E","M","M","T","M","R","E","M","M","R","B",null,"M","$","?","M","$","?","E","R","T","?","M","E","M","M","R","B",null,"M","M","$","?","M","E","M","$","T","?","?","E","?","$","R","B",null],"character_chosen":"IRONCLAD","items_purchased":["Disarm","Shockwave","Barricade","Sling","Inflame","Orrery","Evolve","Flash of Steel","Feel No Pain"],"campfire_rested":1,"item_purchase_floors":[19,19,19,22,22,37,42,42,48],"current_hp_per_floor":[87,88,88,66,65,42,48,43,43,49,49,54,57,56,56,43,88,87,88,88,85,91,91,54,54,54,54,55,31,31,41,41,40,106,95,84,99,99,101,98,97,112,112,112,97,40,46,61,98,40],"gold":79,"neow_bonus":"TEN_PERCENT_HP_BONUS","is_daily":false,"chose_seed":false,"campfire_upgraded":4,"win_rate":0.0,"timestamp":1612136431,"path_taken":["M","M","M","M","M","E","M","M","T","M","R","E","M","M","R","BOSS","M","$","?","M","$","?","E","R","T","?","M","E","M","?","R","BOSS","M","M","$","?","M","E","M","$","T","?","?","E","?","?","R","BOSS"],"items_purchased_type":["Card","Card","Card","Relic","Card","Relic","Card","Card","Card"],"build_version":"2020-12-22","purchased_purges":1,"victory":true,"max_hp_per_floor":[88,88,88,88,88,88,88,88,88,88,88,88,88,88,88,88,88,88,88,88,91,91,91,94,94,94,94,98,102,102,106,106,106,106,110,114,114,114,118,118,122,122,122,122,122,126,126,126,126,130],"relic_stats":{"Sozu":7,"counters":[29,203],"MealTicket":52,"Pen Nib":[23],"Champion Belt":[2],"MawBank":24,"obtain_stats":[{"Lantern":9,"Pen Nib":6,"Omamori":29,"Sling":22,"Ancient Tea Set":40,"MawBank":46,"Burning Blood":0,"Sozu":17,"SlaversCollar":34,"Orrery":37,"MealTicket":12,"Champion Belt":47,"Unceasing Top":24,"Paper Frog":26},{"Lantern":8,"Pen Nib":6,"Omamori":18,"Sling":15,"Ancient Tea Set":25,"MawBank":27,"Burning Blood":0,"Sozu":13,"SlaversCollar":21,"Orrery":23,"MealTicket":10,"Champion Belt":28,"Unceasing Top":16,"Paper Frog":16},{"Lantern":38,"Pen Nib":29,"Omamori":106,"Sling":80,"Ancient Tea Set":168,"MawBank":187,"Burning Blood":0,"Sozu":71,"SlaversCollar":133,"Orrery":156,"MealTicket":53,"Champion Belt":192,"Unceasing Top":91,"Paper Frog":91}],"Burning Blood":169,"Unceasing Top":[20]},"card_choices":[{"not_picked":["Pummel","Heavy Blade"],"picked":"Intimidate","floor":1.0},{"not_picked":["Clothesline","Wild Strike"],"picked":"Battle Trance","floor":2.0},{"not_picked":["Clothesline","Pommel Strike"],"picked":"Uppercut","floor":3.0},{"not_picked":["Blood for Blood","Rupture"],"picked":"Cleave","floor":4.0},{"not_picked":["Entrench","Flex"],"picked":"Flame Barrier","floor":5.0},{"not_picked":["Dark Embrace","Heavy Blade"],"picked":"Power Through","floor":6.0},{"not_picked":["Dual Wield","Power Through"],"picked":"Intimidate","floor":7.0},{"not_picked":["Armaments","Flame Barrier"],"picked":"Burning Pact","floor":8.0},{"not_picked":["Twin Strike","Flex"],"picked":"Shrug It Off","floor":10.0},{"not_picked":["Pummel","Demon Form"],"picked":"Sword Boomerang","floor":12.0},{"not_picked":["Twin Strike","Pommel Strike"],"picked":"Sword Boomerang","floor":13.0},{"not_picked":["Headbutt","Warcry"],"picked":"Uppercut","floor":14.0},{"not_picked":["Demon Form","Impervious"],"picked":"Feed","floor":16.0},{"not_picked":["Shrug It Off+1","Iron Wave"],"picked":"True Grit+1","floor":18},{"not_picked":["Perfected Strike","Clothesline","Thunderclap"],"picked":"SKIP","floor":21},{"not_picked":["Carnage","Havoc+1","Clothesline"],"picked":"SKIP","floor":24},{"not_picked":["Immolate","Inflame"],"picked":"Disarm","floor":28},{"not_picked":["Clothesline","Second Wind"],"picked":"Fiend Fire","floor":29},{"not_picked":["Searing Blow","Ghostly Armor"],"picked":"Armaments+1","floor":30},{"not_picked":["Seeing Red","Burning Pact+1"],"picked":"Shrug It Off","floor":31},{"not_picked":["Offering","Fiend Fire"],"picked":"Demon Form","floor":33},{"not_picked":["Intimidate+1","Searing Blow+1"],"picked":"Wild Strike","floor":35},{"not_picked":["Inflame+1","Flex"],"picked":"Entrench+1","floor":36},{"not_picked":["Flex+1","Clothesline"],"picked":"Entrench+1","floor":37},{"not_picked":["Dual Wield","Heavy Blade+1"],"picked":"True Grit+1","floor":37},{"not_picked":["Clash","Metallicize"],"picked":"Cleave+1","floor":37},{"not_picked":["True Grit","Warcry"],"picked":"Inflame+1","floor":37},{"not_picked":["Clash","Rampage+1"],"picked":"Fiend Fire","floor":37},{"not_picked":["Reckless Charge","Body Slam"],"picked":"Battle Trance+1","floor":39},{"not_picked":["Warcry","Wild Strike+1","Flex+1"],"picked":"SKIP","floor":40},{"not_picked":["Cleave","Hemokinesis+1","Iron Wave"],"picked":"SKIP","floor":41},{"not_picked":["Deep Breath","Jack Of All Trades"],"picked":"Master of Strategy","floor":44},{"not_picked":["Twin Strike+1","Entrench"],"picked":"Fire Breathing","floor":46},{"not_picked":["Clothesline+1","Second Wind"],"picked":"Burning Pact+1","floor":47}],"player_experience":786570,"relics_obtained":[{"floor":6.0,"key":"Pen Nib"},{"floor":9.0,"key":"Lantern"},{"floor":12.0,"key":"MealTicket"},{"floor":24,"key":"Unceasing Top"},{"floor":26,"key":"Paper Frog"},{"floor":29,"key":"Omamori"},{"floor":40,"key":"Ancient Tea Set"},{"floor":46,"key":"MawBank"},{"floor":47,"key":"Champion Belt"}],"event_choices":[{"damage_healed":0,"gold_gain":99,"player_choice":"Stole From Cult","damage_taken":0,"max_hp_gain":0,"max_hp_loss":0,"event_name":"Nest","floor":20,"gold_loss":0},{"damage_healed":0,"gold_gain":0,"player_choice":"Read","damage_taken":0,"max_hp_gain":0,"max_hp_loss":0,"event_name":"The Library","floor":23,"gold_loss":0,"cards_obtained":["True Grit"]},{"damage_healed":0,"gold_gain":0,"player_choice":"Ignored","damage_taken":0,"max_hp_gain":0,"max_hp_loss":0,"event_name":"Vampires","floor":27,"gold_loss":0},{"cards_removed":["Strike_R"],"damage_healed":0,"gold_gain":0,"player_choice":"Removed Attack","damage_taken":0,"max_hp_gain":0,"max_hp_loss":0,"event_name":"Falling","floor":38,"gold_loss":0},{"damage_healed":0,"gold_gain":0,"player_choice":"Memory 1","damage_taken":0,"max_hp_gain":0,"max_hp_loss":0,"event_name":"SensoryStone","floor":44,"gold_loss":0},{"damage_healed":0,"gold_gain":0,"player_choice":"Embrace Madness","damage_taken":15,"max_hp_gain":0,"max_hp_loss":0,"event_name":"Winding Halls","floor":45,"gold_loss":0,"cards_obtained":["Madness","Madness"]},{"damage_healed":0,"gold_gain":0,"player_choice":"Fight","damage_taken":0,"max_hp_gain":0,"max_hp_loss":0,"event_name":"MindBloom","floor":47,"gold_loss":0}],"is_beta":false,"boss_relics":[{"not_picked":["Coffee Dripper","Calling Bell"],"picked":"Sozu"},{"not_picked":["Snecko Eye","Tiny House"],"picked":"SlaversCollar"}],"items_purged_floors":[19],"is_endless":false,"potions_floor_spawned":[1,4,7,8,10,13,18,24,30,33,36,40,46],"ascension_level":0}}