{"host":"7tqog9fnhs0gxmti","time":1612080763,"event":{"mods":["AchievementEnabler","Act Like it!","Astrologer","BaseMod","Beaked The Cultist","CapriCore","Colored Map","Colored Powertips","Downfall","Hermit","Highlight Path","Koishi","Marisa????????","Minty Spire (QoL Compilation)","Quick Restart","Random Character Button","Rare Cards Sparkle","Robot Space Explorer","Somnambulant","StSLib","The Bug Knight","The Construct","The Cursed","The Disciple","The Gatherer","The Hayseed","The Marked","Wandering Minibosses","everything is the same but u backflip on backflip"],"gold_per_floor":[109,184,108,73,73,105,35,35,35,47,47,47,11,24,24,154,154,169,169,169],"floor_reached":19,"language":"ENG","playtime":1056,"items_purged":[],"score":163,"play_id":"d09ab708-d0db-4f86-a17f-47958ab0f039","local_time":"20210131161243","is_ascension_mode":false,"campfire_choices":[{"floor":8.0,"key":"REST"},{"data":"somnambulantmod: LightSleeper","floor":11.0,"key":"SMITH"},{"data":"somnambulantmod: ImpenetrableMind","floor":15.0,"key":"SMITH"}],"circlet_count":0,"master_deck":["somnambulantmod: SomnambulantStrike","somnambulantmod: SomnambulantStrike","somnambulantmod: SomnambulantStrike+1","somnambulantmod: SomnambulantStrike","somnambulantmod: SomnambulantStrike","somnambulantmod: Defend_Somnambulant","somnambulantmod: Defend_Somnambulant","somnambulantmod: Defend_Somnambulant","somnambulantmod: Defend_Somnambulant","somnambulantmod: Defend_Somnambulant","somnambulantmod: QuickNap+1","somnambulantmod: PrimingPunch","somnambulantmod: Bruise","somnambulantmod: DeeperSleep","somnambulantmod: RecurringDream","somnambulantmod: LightSleeper+1","somnambulantmod: Hush","Injury","somnambulantmod: ImpenetrableMind+1","somnambulantmod: Unmake+1"],"relics":["somnambulantmod: DreamJournal","HollowMod:QueensCombRelic","Lantern","Pantograph","Golden Idol","Coffee Dripper"],"acts_visited":["Exordium","TheCity"],"potions_floor_usage":[16,16],"damage_taken":[{"damage":12.0,"enemies":"2 Louse","floor":1.0,"turns":4.0},{"damage":29.0,"enemies":"Lagavulin","floor":6.0,"turns":9.0},{"damage":0.0,"enemies":"Small Slimes","floor":10.0,"turns":3.0},{"damage":5.0,"enemies":"Jaw Worm","floor":14.0,"turns":5.0},{"damage":29,"enemies":"The Guardian","floor":16,"turns":15},{"damage":17,"enemies":"Spheric Guardian","floor":18,"turns":5},{"damage":40,"enemies":"Shell Parasite","floor":19,"turns":5}],"seed_played":"-3883665046311415847","potions_obtained":[{"floor":6.0,"key":"BlessingOfTheForge"},{"floor":10.0,"key":"Regen Potion"},{"floor":16,"key":"FearPotion"}],"is_trial":false,"path_per_floor":["M","?","$","?","?","E","$","R","T","M","R","?","$","M","R","B",null,"M","M"],"character_chosen":"THE_SOMNAMBULANT","items_purchased":["somnambulantmod: DeeperSleep","somnambulantmod: LightSleeper","somnambulantmod: ImpenetrableMind"],"campfire_rested":1,"item_purchase_floors":[3,7,13],"current_hp_per_floor":[58,47,47,64,46,17,17,32,32,44,44,44,44,43,43,34,48,31,0,0],"gold":169,"neow_bonus":"UPGRADE_CARD","is_daily":false,"chose_seed":false,"campfire_upgraded":2,"win_rate":0.0,"timestamp":1612080763,"path_taken":["M","?","$","?","?","E","$","R","T","M","R","?","?","M","R","BOSS","M","M"],"items_purchased_type":["Card","Card","Card"],"build_version":"2020-12-22","purchased_purges":0,"victory":false,"max_hp_per_floor":[70,70,70,70,46,46,46,48,48,48,48,48,48,48,48,48,48,48,48,48],"card_choices":[{"not_picked":["somnambulantmod: Unmake","somnambulantmod: Trauma"],"picked":"somnambulantmod: Bruise","floor":1.0},{"not_picked":["somnambulantmod: Bloom","somnambulantmod: Remember"],"picked":"somnambulantmod: RecurringDream","floor":6.0},{"not_picked":["somnambulantmod: SnuggleUp","somnambulantmod: Repression"],"picked":"somnambulantmod: Hush","floor":10.0},{"not_picked":["somnambulantmod: Harden","somnambulantmod: SnuggleUp","somnambulantmod: MindWave"],"picked":"SKIP","floor":14.0},{"not_picked":["somnambulantmod: Pinch","somnambulantmod: MindWave+1"],"picked":"somnambulantmod: Unmake+1","floor":18}],"player_experience":920795,"relics_obtained":[{"floor":6.0,"key":"Lantern"},{"floor":9.0,"key":"Pantograph"}],"event_choices":[{"damage_healed":0.0,"max_hp_gain":0.0,"max_hp_loss":0.0,"gold_gain":75.0,"event_name":"World of Goop","player_choice":"Gather Gold","floor":2.0,"gold_loss":0.0,"damage_taken":11.0},{"damage_healed":17.0,"max_hp_gain":0.0,"max_hp_loss":0.0,"gold_gain":0.0,"event_name":"The Cleric","player_choice":"Healed","floor":4.0,"gold_loss":35.0,"damage_taken":0.0},{"damage_healed":0.0,"max_hp_gain":0.0,"max_hp_loss":0.0,"gold_gain":0.0,"event_name":"Scrap Ooze","player_choice":"Success","floor":5.0,"gold_loss":0.0,"damage_taken":7.0,"relics_obtained":["HollowMod:QueensCombRelic"]},{"damage_healed":0.0,"max_hp_gain":0.0,"max_hp_loss":0.0,"gold_gain":0.0,"event_name":"Golden Idol","player_choice":"Take Wound","floor":12.0,"gold_loss":0.0,"damage_taken":0.0,"relics_obtained":["Golden Idol"],"cards_obtained":["Injury"]}],"is_beta":false,"boss_relics":[{"not_picked":["Empty Cage","Astrolabe"],"picked":"Coffee Dripper"}],"items_purged_floors":[],"is_endless":false,"potions_floor_spawned":[6,10,16],"killed_by":"Shell Parasite","ascension_level":0}}