{"host":"uv5ws9rdk87e8i5k","time":1612069206,"event":{"mods":["AchievementEnabler","BaseMod","Colored Map","Minty Spire (QoL Compilation)","Permanent Neow","Quick Restart","StSLib","SuperFastMode","The Necromancer"],"gold_per_floor":[11,29,41,51,126,126,157,157,157,184,184,210,224,224,224,320,320,333,333,349,363,383,410,187,204,227,227,257,257,257,274,274,378,678,702,714,737,768,3,29,46,46,95,105,105,105,105,115,115,115,115],"floor_reached":50,"language":"ENG","playtime":3156,"items_purged":["Strike_R+1"],"score":933,"play_id":"e99ae298-bda0-4f75-b831-30e1b4fbd8c7","local_time":"20210130230006","is_ascension_mode":true,"campfire_choices":[{"data":"Spot Weakness","floor":6.0,"key":"SMITH"},{"data":"Havoc","floor":8.0,"key":"SMITH"},{"floor":15.0,"key":"REST"},{"floor":27.0,"key":"REST"},{"data":"Limit Break","floor":29.0,"key":"SMITH"},{"floor":32.0,"key":"REST"},{"floor":42.0,"key":"REST"},{"data":"Flame Barrier","floor":46.0,"key":"SMITH"},{"floor":49.0,"key":"REST"}],"circlet_count":0,"master_deck":["Strike_R+1","Strike_R+1","Strike_R+1","Strike_R+1","Defend_R+1","Defend_R+1","Defend_R+1","Bash","Headbutt","Havoc+1","Infernal Blade","Spot Weakness+1","Wild Strike","Infernal Blade","Whirlwind","Shockwave","Demon Form+1","Pommel Strike","Limit Break+1","Pommel Strike+1","Warcry+1","Spot Weakness+1","Seeing Red","Flame Barrier+1","Flame Barrier+1","Feed","CurseOfTheBell","Heavy Blade+1","Seeing Red+1","Headbutt","Limit Break+1","Parasite","Havoc+1"],"relics":["Burning Blood","Ginger","InkBottle","Kunai","MealTicket","Potion Belt","Gambling Chip","Darkstone Periapt","Velvet Choker","Ice Cream","Orrery","Bag of Marbles","Matryoshka","Calling Bell","MawBank","Ornamental Fan","Old Coin","Bottled Tornado","DollysMirror","Toy Ornithopter","Bottled Lightning","Art of War","Blood Vial"],"acts_visited":["Exordium","TheCity","TheBeyond"],"potions_floor_usage":[50,50,50],"damage_taken":[{"damage":2.0,"enemies":"Small Slimes","floor":1.0,"turns":4.0},{"damage":9.0,"enemies":"Jaw Worm","floor":2.0,"turns":3.0},{"damage":0.0,"enemies":"Cultist","floor":3.0,"turns":2.0},{"damage":13.0,"enemies":"Blue Slaver","floor":4.0,"turns":2.0},{"damage":20.0,"enemies":"Lagavulin","floor":7.0,"turns":4.0},{"damage":19.0,"enemies":"3 Sentries","floor":10.0,"turns":5.0},{"damage":24.0,"enemies":"Gremlin Nob","floor":12.0,"turns":4.0},{"damage":8.0,"enemies":"2 Fungi Beasts","floor":13.0,"turns":3.0},{"damage":18.0,"enemies":"Slime Boss","floor":16.0,"turns":7.0},{"damage":19.0,"enemies":"Shell Parasite","floor":18.0,"turns":5.0},{"damage":22.0,"enemies":"2 Thieves","floor":20.0,"turns":2.0},{"damage":13.0,"enemies":"3 Cultists","floor":21.0,"turns":4.0},{"damage":22.0,"enemies":"Centurion and Healer","floor":22.0,"turns":4.0},{"damage":0.0,"enemies":"Gremlin Leader","floor":23.0,"turns":4.0},{"damage":25.0,"enemies":"Shelled Parasite and Fungi","floor":25.0,"turns":4.0},{"damage":17.0,"enemies":"Book of Stabbing","floor":28.0,"turns":3.0},{"damage":12.0,"enemies":"Cultist and Chosen","floor":31.0,"turns":4.0},{"damage":22.0,"enemies":"Collector","floor":33.0,"turns":6.0},{"damage":27.0,"enemies":"3 Shapes","floor":35.0,"turns":3.0},{"damage":42.0,"enemies":"3 Darklings","floor":37.0,"turns":3.0},{"damage":9.0,"enemies":"Spire Growth","floor":38.0,"turns":4.0},{"damage":0.0,"enemies":"Giant Head","floor":40.0,"turns":5.0},{"damage":27.0,"enemies":"Writhing Mass","floor":41.0,"turns":3.0},{"damage":25.0,"enemies":"3 Darklings","floor":44.0,"turns":6.0},{"damage":19.0,"enemies":"Transient","floor":48.0,"turns":5.0},{"damage":76,"enemies":"Donu and Deca","floor":50,"turns":4}],"seed_played":"9062970954050249558","potions_obtained":[{"floor":3.0,"key":"FearPotion"},{"floor":4.0,"key":"AttackPotion"},{"floor":13.0,"key":"Dexterity Potion"},{"floor":16.0,"key":"DuplicationPotion"},{"floor":20.0,"key":"BlessingOfTheForge"},{"floor":22.0,"key":"EntropicBrew"},{"floor":23.0,"key":"LiquidMemories"},{"floor":28.0,"key":"FearPotion"},{"floor":37.0,"key":"Dexterity Potion"},{"floor":38.0,"key":"ColorlessPotion"},{"floor":41.0,"key":"FearPotion"},{"floor":48.0,"key":"FearPotion"}],"is_trial":false,"path_per_floor":["M","M","M","M","?","R","E","R","T","E","?","E","M","T","R","B",null,"M","?","M","M","M","E","$","M","T","R","E","R","?","M","R","B",null,"M","?","M","M","$","E","M","R","T","M","?","R","?","M","R","B"],"character_chosen":"IRONCLAD","items_purchased":["Orrery","EssenceOfSteel","Bottled Tornado","DollysMirror","DuplicationPotion","Energy Potion","Explosive Potion","Toy Ornithopter"],"campfire_rested":5,"item_purchase_floors":[24,24,39,39,39,39,39,39],"current_hp_per_floor":[76,73,79,72,61,61,47,47,47,34,27,9,7,7,31,19,65,52,52,36,29,13,19,34,15,15,39,28,28,28,22,46,30,74,56,56,20,17,32,43,33,61,61,44,44,44,44,38,66,7,7],"gold":115,"neow_bonus":"ONE_RARE_RELIC","is_daily":false,"chose_seed":false,"campfire_upgraded":4,"win_rate":0.0,"timestamp":1612069206,"path_taken":["M","M","M","M","?","R","E","R","T","E","?","E","M","?","R","BOSS","M","?","?","M","M","E","$","M","T","R","E","R","?","M","R","BOSS","M","?","M","M","$","E","M","R","T","M","?","R","?","M","R","BOSS"],"items_purchased_type":["Relic","Potion","Relic","Relic","Potion","Potion","Potion","Relic"],"build_version":"2020-12-22","purchased_purges":1,"victory":false,"max_hp_per_floor":[80,80,80,80,80,80,80,80,80,80,80,80,80,80,80,80,80,80,80,80,80,80,80,80,80,80,80,80,80,80,80,80,80,86,89,89,89,89,89,89,95,95,95,95,95,95,95,95,95,95,95],"card_choices":[{"not_picked":["Anger","Seeing Red"],"picked":"Headbutt","floor":1.0},{"not_picked":["True Grit","Wild Strike"],"picked":"Havoc","floor":2.0},{"not_picked":["Iron Wave","Disarm"],"picked":"Infernal Blade","floor":3.0},{"not_picked":["Evolve","Combust"],"picked":"Spot Weakness","floor":4.0},{"not_picked":["Searing Blow","Sever Soul"],"picked":"Wild Strike","floor":7.0},{"not_picked":["Ghostly Armor","Iron Wave"],"picked":"Infernal Blade","floor":10.0},{"not_picked":["Anger","Headbutt"],"picked":"Whirlwind","floor":12.0},{"not_picked":["Sword Boomerang","Headbutt"],"picked":"Shockwave","floor":13.0},{"not_picked":["Impervious","Fiend Fire"],"picked":"Demon Form","floor":16.0},{"not_picked":["Headbutt","Flame Barrier+1"],"picked":"Pommel Strike","floor":18.0},{"not_picked":["Shockwave+1","Twin Strike","Clothesline+1"],"picked":"SKIP","floor":20.0},{"not_picked":["Body Slam","Perfected Strike"],"picked":"Limit Break","floor":21.0},{"not_picked":["Entrench","Shrug It Off","Disarm+1"],"picked":"SKIP","floor":22.0},{"not_picked":["Entrench","Exhume"],"picked":"Pommel Strike+1","floor":23.0},{"not_picked":["Flex","Power Through"],"picked":"Warcry+1","floor":24.0},{"not_picked":["Thunderclap","Metallicize"],"picked":"Spot Weakness+1","floor":24.0},{"not_picked":["Thunderclap","Sword Boomerang+1"],"picked":"Seeing Red","floor":24.0},{"not_picked":["Clothesline","Havoc"],"picked":"Flame Barrier+1","floor":25.0},{"not_picked":["Disarm+1","Havoc"],"picked":"Flame Barrier","floor":28.0},{"not_picked":["Uppercut","Thunderclap","Cleave"],"picked":"SKIP","floor":31.0},{"not_picked":["Fiend Fire","Brutality"],"picked":"Feed","floor":33.0},{"not_picked":["Wild Strike+1","Seeing Red"],"picked":"Heavy Blade+1","floor":35.0},{"not_picked":["Anger","Rupture+1"],"picked":"Seeing Red+1","floor":37.0},{"not_picked":["Sword Boomerang+1","Flex+1"],"picked":"Headbutt","floor":38.0},{"not_picked":["Flex+1","True Grit","Twin Strike"],"picked":"SKIP","floor":40.0},{"not_picked":["True Grit","Corruption"],"picked":"Havoc+1","floor":41.0},{"not_picked":["True Grit","Dark Embrace+1","Rage"],"picked":"SKIP","floor":44.0},{"not_picked":["Armaments","Shrug It Off+1","Havoc"],"picked":"SKIP","floor":48.0}],"player_experience":315245,"relics_obtained":[{"floor":7.0,"key":"InkBottle"},{"floor":9.0,"key":"Kunai"},{"floor":10.0,"key":"MealTicket"},{"floor":12.0,"key":"Gambling Chip"},{"floor":14.0,"key":"Darkstone Periapt"},{"floor":23.0,"key":"Ice Cream"},{"floor":26.0,"key":"Bag of Marbles"},{"floor":28.0,"key":"Matryoshka"},{"floor":34.0,"key":"MawBank"},{"floor":34.0,"key":"Ornamental Fan"},{"floor":34.0,"key":"Old Coin"},{"floor":40.0,"key":"Bottled Lightning"},{"floor":43.0,"key":"Art of War"},{"floor":43.0,"key":"Blood Vial"}],"event_choices":[{"damage_healed":0.0,"max_hp_gain":0.0,"max_hp_loss":0.0,"gold_gain":75.0,"event_name":"World of Goop","player_choice":"Gather Gold","floor":5.0,"gold_loss":0.0,"damage_taken":11.0},{"damage_healed":0.0,"max_hp_gain":0.0,"max_hp_loss":0.0,"gold_gain":0.0,"event_name":"Scrap Ooze","player_choice":"Success","floor":11.0,"gold_loss":0.0,"damage_taken":7.0,"relics_obtained":["Potion Belt"]},{"damage_healed":0.0,"max_hp_gain":0.0,"max_hp_loss":0.0,"gold_gain":0.0,"event_name":"Upgrade Shrine","player_choice":"Upgraded","floor":19.0,"gold_loss":0.0,"damage_taken":0.0,"cards_upgraded":["Demon Form"]},{"damage_healed":0.0,"max_hp_gain":0.0,"max_hp_loss":0.0,"gold_gain":0.0,"event_name":"Back to Basics","player_choice":"Simplicity","floor":30.0,"gold_loss":0.0,"damage_taken":0.0,"cards_upgraded":["Strike_R","Strike_R","Strike_R","Strike_R","Strike_R","Defend_R","Defend_R","Defend_R","Defend_R"]},{"damage_healed":0.0,"max_hp_gain":0.0,"max_hp_loss":0.0,"gold_gain":0.0,"event_name":"SensoryStone","player_choice":"Memory 1","floor":36.0,"gold_loss":0.0,"damage_taken":0.0},{"cards_removed":["Defend_R"],"damage_healed":0.0,"max_hp_gain":0.0,"max_hp_loss":0.0,"gold_gain":0.0,"event_name":"Falling","player_choice":"Removed Skill","floor":45.0,"gold_loss":0.0,"damage_taken":0.0},{"damage_healed":0.0,"max_hp_gain":0.0,"max_hp_loss":0.0,"gold_gain":0.0,"event_name":"SecretPortal","player_choice":"Ignored","floor":47.0,"gold_loss":0.0,"damage_taken":0.0}],"is_beta":false,"boss_relics":[{"not_picked":["Busted Crown","Pandora\u0027s Box"],"picked":"Velvet Choker"},{"not_picked":["Cursed Key","Astrolabe"],"picked":"Calling Bell"}],"items_purged_floors":[39],"is_endless":false,"potions_floor_spawned":[3,4,13,16,20,22,23,28,37,38,41,48],"killed_by":"Donu and Deca","ascension_level":9}}