{"host":"BaronFel","time":1612122234,"event":{"mods":["BaseMod","Filter the Spire","Highlight Path","Minty Spire (QoL Compilation)","Relic Stats","ojb\u0027s Info Mod"],"gold_per_floor":[109,153,153,153,153,185,185,225,250,285,285,302,302,318,318,395,395,437,452,11,59,102,131,144,144,144],"floor_reached":25,"language":"ENG","playtime":1928,"items_purged":["Strike_P"],"score":570,"play_id":"927bb811-8601-4693-8a47-b05dcf5361b9","local_time":"20210131134354","is_ascension_mode":true,"campfire_choices":[{"data":"Collect","floor":7.0,"key":"SMITH"},{"floor":11.0,"key":"REST"},{"data":"Protect","floor":13.0,"key":"SMITH"},{"data":"Vigilance","floor":15.0,"key":"SMITH"}],"circlet_count":0,"master_deck":["AscendersBane","Strike_P","Strike_P+1","Defend_P+1","Defend_P+1","Eruption+1","Vigilance+1","SignatureMove+1","Ragnarok+1","Wish+1","Adaptation","SashWhip+1","Collect+1","Protect+1","Vengeance","SpiritShield","ClearTheMind","DeceiveReality","Establishment","Evaluate+1"],"relics":["Astrolabe","Potion Belt","Bronze Scales","Happy Flower","Fusion Hammer","Membership Card","Whetstone","Mummified Hand","Boot"],"acts_visited":["Exordium","TheCity"],"potions_floor_usage":[23,24,25],"damage_taken":[{"damage":7.0,"enemies":"2 Louse","floor":1.0,"turns":4.0},{"damage":10.0,"enemies":"Small Slimes","floor":2.0,"turns":5.0},{"damage":14.0,"enemies":"Lagavulin","floor":6.0,"turns":7.0},{"damage":1.0,"enemies":"Jaw Worm","floor":8.0,"turns":3.0},{"damage":12.0,"enemies":"3 Sentries","floor":10.0,"turns":5.0},{"damage":0.0,"enemies":"Large Slime","floor":12.0,"turns":7.0},{"damage":0.0,"enemies":"Looter","floor":14.0,"turns":2.0},{"damage":28.0,"enemies":"The Guardian","floor":16.0,"turns":5.0},{"damage":8.0,"enemies":"Chosen","floor":18.0,"turns":5.0},{"damage":6.0,"enemies":"2 Thieves","floor":19.0,"turns":3.0},{"damage":0,"enemies":"Snecko","floor":21,"turns":3},{"damage":24,"enemies":"Chosen and Byrds","floor":22,"turns":5},{"damage":0,"enemies":"Gremlin Leader","floor":23,"turns":2},{"damage":1,"enemies":"Snake Plant","floor":24,"turns":2},{"damage":17,"enemies":"Slavers","floor":25,"turns":2}],"seed_played":"3388807727953210599","potions_obtained":[{"floor":6.0,"key":"SpeedPotion"},{"floor":8.0,"key":"Explosive Potion"},{"floor":10.0,"key":"Strength Potion"},{"floor":16.0,"key":"SpeedPotion"},{"floor":18.0,"key":"Energy Potion"},{"floor":22,"key":"FearPotion"}],"is_trial":false,"path_per_floor":["M","M","?","?","?","E","R","M","T","E","R","M","R","M","R","B",null,"M","M","$","M","M","E","M","E"],"character_chosen":"WATCHER","items_purchased":["Membership Card","Whetstone","Mummified Hand","ClearTheMind"],"campfire_rested":1,"item_purchase_floors":[20,20,20,20],"current_hp_per_floor":[54,44,44,66,46,32,32,31,31,19,39,39,39,39,39,11,54,46,40,40,40,16,16,15,0,0],"gold":144,"neow_bonus":"BOSS_RELIC","is_daily":false,"chose_seed":false,"campfire_upgraded":3,"win_rate":0.0,"timestamp":1612122234,"path_taken":["M","M","?","?","?","E","R","M","T","E","R","M","R","M","R","BOSS","M","M","$","M","M","E","M","E"],"items_purchased_type":["Relic","Relic","Relic","Card"],"build_version":"2020-12-18","purchased_purges":1,"victory":false,"max_hp_per_floor":[68,68,68,68,68,68,68,68,68,68,68,68,68,68,68,68,68,68,68,68,68,68,68,68,68,68],"relic_stats":{"Happy Flower":[12],"counters":[15,60],"Mummified Hand":[4],"Astrolabe":["SignatureMove","Ragnarok","Wish"],"Bronze Scales":[102],"Whetstone":["Strike_P","Eruption"],"Boot":[6],"obtain_stats":[{"Potion Belt":6,"Happy Flower":10,"Mummified Hand":20,"Astrolabe":0,"Bronze Scales":9,"Fusion Hammer":17,"Membership Card":20,"Whetstone":20,"PureWater":0,"Boot":23},{"Potion Belt":3,"Happy Flower":5,"Mummified Hand":10,"Astrolabe":0,"Bronze Scales":4,"Fusion Hammer":8,"Membership Card":10,"Whetstone":10,"PureWater":0,"Boot":13},{"Potion Belt":16,"Happy Flower":24,"Mummified Hand":46,"Astrolabe":0,"Bronze Scales":19,"Fusion Hammer":38,"Membership Card":46,"Whetstone":46,"PureWater":0,"Boot":56}]},"card_choices":[{"not_picked":["Evaluate","EmptyBody"],"picked":"Adaptation","floor":1.0},{"not_picked":["Weave","CutThroughFate"],"picked":"SashWhip","floor":2.0},{"not_picked":["Pray","EmptyFist"],"picked":"Collect","floor":6.0},{"not_picked":["Worship","CrushJoints"],"picked":"Protect","floor":8.0},{"not_picked":["ForeignInfluence","Protect"],"picked":"Vengeance","floor":10.0},{"not_picked":["CutThroughFate","WindmillStrike","FlurryOfBlows"],"picked":"SKIP","floor":12.0},{"not_picked":["Protect","Prostrate","WindmillStrike"],"picked":"SKIP","floor":14.0},{"not_picked":["Alpha","Devotion"],"picked":"SpiritShield","floor":16.0},{"not_picked":["FlyingSleeves","BowlingBash","Evaluate"],"picked":"SKIP","floor":18.0},{"not_picked":["Nirvana","MentalFortress","ForeignInfluence"],"picked":"SKIP","floor":19.0},{"not_picked":["ForeignInfluence+1","EmptyMind","JustLucky+1"],"picked":"SKIP","floor":21},{"not_picked":["Sanctity","Collect+1"],"picked":"DeceiveReality","floor":22},{"not_picked":["Prostrate","Judgement"],"picked":"Establishment","floor":23},{"not_picked":["Prostrate","EmptyFist"],"picked":"Evaluate+1","floor":24}],"player_experience":1113541,"relics_obtained":[{"floor":6.0,"key":"Potion Belt"},{"floor":9.0,"key":"Bronze Scales"},{"floor":10.0,"key":"Happy Flower"},{"floor":23,"key":"Boot"}],"event_choices":[{"damage_healed":0.0,"max_hp_gain":0.0,"max_hp_loss":0.0,"gold_gain":0.0,"event_name":"Living Wall","player_choice":"Grow","floor":3.0,"gold_loss":0.0,"damage_taken":0.0,"cards_upgraded":["SashWhip"]},{"damage_healed":22.0,"max_hp_gain":0.0,"max_hp_loss":0.0,"gold_gain":0.0,"event_name":"Big Fish","player_choice":"Banana","floor":4.0,"gold_loss":0.0,"damage_taken":0.0},{"damage_healed":0.0,"max_hp_gain":0.0,"max_hp_loss":0.0,"gold_gain":0.0,"event_name":"Shining Light","player_choice":"Entered Light","floor":5.0,"gold_loss":0.0,"damage_taken":20.0,"cards_upgraded":["Defend_P","Defend_P"]}],"is_beta":true,"boss_relics":[{"not_picked":["Busted Crown","Pandora\u0027s Box"],"picked":"Fusion Hammer"}],"items_purged_floors":[20],"is_endless":false,"potions_floor_spawned":[6,8,10,16,18,22],"killed_by":"Slavers","ascension_level":20}}