{"host":"«Â«˛","time":1612110850,"event":{"mods":["BaseMod","Colored Powertips","Minty Spire (QoL Compilation)","Quick Restart","Reimu£®≤©¿ˆ¡È√Œ£©","StSLib","UnlockEverythingMod"],"gold_per_floor":[109,62,62,62,62,88,88,88,88,88,88,52,52,52,52,148,148,166,166,81,10,10,10,10,370,397,397,397,416,128,76,76,176,176,188,188,45,56,56,56,56,56,56,56,0,32,32,32,32,32,32,32,32,64,64],"floor_reached":56,"language":"ZHS","playtime":2280,"items_purged":[],"score":1255,"play_id":"952e830c-3ad4-4cce-9578-fef447e6e867","local_time":"20210201003410","daily_mods":["SealedDeck","Specialized","Heirloom","Time Dilation","Flight"],"is_ascension_mode":false,"campfire_choices":[{"floor":7,"key":"RECALL"},{"floor":8,"key":"REST"},{"data":"KamiRite:ReiMu","floor":10,"key":"SMITH"},{"data":"KamiRite:ReiMu","floor":11,"key":"SMITH"},{"data":"KamiRite:ReiMu","floor":13,"key":"SMITH"},{"data":"KamiRite:ReiMu","floor":15,"key":"SMITH"},{"data":"InherentArray:ReiMu","floor":23,"key":"SMITH"},{"data":"KamiRite:ReiMu","floor":24,"key":"SMITH"},{"floor":27,"key":"REST"},{"data":"MikOfLucky:ReiMu","floor":28,"key":"SMITH"},{"data":"MikOfLucky:ReiMu","floor":32,"key":"SMITH"},{"data":"Gathering:ReiMu","floor":40,"key":"SMITH"},{"data":"CeremonyResonance:ReiMu","floor":41,"key":"SMITH"},{"data":"PrayRite:ReiMu","floor":42,"key":"SMITH"},{"data":"SubAcupoint:ReiMu","floor":44,"key":"SMITH"},{"data":"Authority:ReiMu","floor":47,"key":"SMITH"},{"floor":49,"key":"REST"},{"data":"Dreaming:ReiMu","floor":52,"key":"SMITH"}],"circlet_count":0,"master_deck":["KamiRite:ReiMu+1","KamiRite:ReiMu+1","KamiRite:ReiMu+1","KamiRite:ReiMu+1","KamiRite:ReiMu+1","SubAcupoint:ReiMu+1","SubAcupoint:ReiMu","MikOfLucky:ReiMu+1","RainPray2:ReiMu","InherentArray:ReiMu+1","SafetyPray:ReiMu","LovePray:ReiMu","LovePray:ReiMu","Gathering:ReiMu+1","CareerPray:ReiMu","Amulet:ReiMu","MikOfLucky:ReiMu+1","PrayRite:ReiMu+1","Authority:ReiMu+1","RainPray2:ReiMu","CeremonyResonance:ReiMu+1","SubAcupoint:ReiMu","Dreaming:ReiMu+1","CareerPray:ReiMu","CareerPray:ReiMu","Thinking Ahead"],"relics":["FlyPower:ReiMu","Du-Vu Doll","Oddly Smooth Stone","Bag of Marbles","Pen Nib","Ornamental Fan","Lee\u0027s Waffle","DonationBox:ReiMu","RuthlessExorcism:ReiMu","Mummified Hand","Red Mask","Ginger","Lizard Tail"],"acts_visited":["Exordium","TheCity","TheBeyond","TheEnding"],"potions_floor_usage":[29,54,55,55],"damage_taken":[{"damage":0,"enemies":"Cultist","floor":1,"turns":3},{"damage":0,"enemies":"3 Sentries","floor":6,"turns":7},{"damage":25,"enemies":"The Guardian","floor":16,"turns":6},{"damage":6,"enemies":"3 Byrds","floor":18,"turns":5},{"damage":1,"enemies":"2 Thieves","floor":29,"turns":4},{"damage":3,"enemies":"Collector","floor":33,"turns":6},{"damage":6,"enemies":"Orb Walker","floor":35,"turns":3},{"damage":20,"enemies":"3 Shapes","floor":38,"turns":4},{"damage":0,"enemies":"Nemesis","floor":46,"turns":3},{"damage":7,"enemies":"Donu and Deca","floor":50,"turns":6},{"damage":13,"enemies":"Shield and Spear","floor":54,"turns":5},{"damage":46,"enemies":"The Heart","floor":55,"turns":9}],"seed_played":"6108699850533808717","potions_obtained":[{"floor":6,"key":"FearPotion"},{"floor":29,"key":"LiquidFlight:ReiMu"},{"floor":35,"key":"BlessingOfTheForge"},{"floor":38,"key":"EssenceOfSteel"},{"floor":54,"key":"DistilledChaos"}],"is_trial":true,"path_per_floor":["M","$","$","?","?","E","R","R","T","R","R","$","R","?","R","B",null,"M","?","?","$","?","R","R","?","T","R","R","M","$","$","R","B",null,"M","?","$","M","?","R","R","R","T","R","?","E","R","?","R","B",null,"R","$","E","B",null],"character_chosen":"REIMU","items_purchased":["Amulet:ReiMu","MikOfLucky:ReiMu","Authority:ReiMu","CeremonyResonance:ReiMu","Lee\u0027s Waffle","SubAcupoint:ReiMu","RuthlessExorcism:ReiMu"],"campfire_rested":3,"item_purchase_floors":[2,12,21,30,30,31,37],"current_hp_per_floor":[65,65,65,70,58,58,58,70,70,70,70,70,70,70,70,45,70,64,51,51,51,51,51,51,15,15,37,37,36,82,82,82,79,82,76,81,81,61,61,61,61,61,61,61,61,61,61,61,78,71,78,78,78,65,19],"gold":64,"neow_bonus":"","is_daily":false,"chose_seed":false,"campfire_upgraded":14,"win_rate":0.0,"timestamp":1612110850,"path_taken":["M","$","$","?","?","E","R","R","T","R","R","$","R","?","R","BOSS","M","?","?","?","?","R","R","?","T","R","R","?","$","$","R","BOSS","M","?","$","?","?","R","R","R","T","R","?","E","R","?","R","BOSS","R","$","E","BOSS"],"items_purchased_type":["Card","Card","Card","Card","Relic","Card","Relic"],"build_version":"2020-12-18","purchased_purges":0,"victory":true,"max_hp_per_floor":[65,65,65,70,70,70,70,70,70,70,70,70,70,70,70,70,70,70,75,75,75,75,75,75,75,75,75,75,75,82,82,82,82,82,82,82,82,82,82,82,82,82,82,82,82,82,82,78,78,78,78,78,78,78,78],"card_choices":[{"not_picked":["EmergencyTakeOff:ReiMu","SubAcupoint:ReiMu"],"picked":"CareerPray:ReiMu","floor":1},{"not_picked":["YinYangSign:ReiMu","YinYangSange:ReiMu","Enchanting:ReiMu"],"picked":"SKIP","floor":6},{"not_picked":["YinYang:ReiMu","Authority:ReiMu"],"picked":"PrayRite:ReiMu","floor":16},{"not_picked":["OrbThrow:ReiMu","Meditation:ReiMu","ForcedLanding:ReiMu"],"picked":"SKIP","floor":18},{"not_picked":["TakeOff:ReiMu","AirStrike:ReiMu"],"picked":"RainPray2:ReiMu","floor":29},{"not_picked":["CardOfSanctity:ReiMu","Authority:ReiMu"],"picked":"Dreaming:ReiMu","floor":33},{"not_picked":["SpringWay:ReiMu+1","OrbThrow:ReiMu"],"picked":"CareerPray:ReiMu","floor":35},{"not_picked":["YinYangSign:ReiMu+1","SubcavityInstant:ReiMu+1"],"picked":"CareerPray:ReiMu","floor":38},{"not_picked":["HandOfGreed","Forethought"],"picked":"Thinking Ahead","floor":39},{"not_picked":["TightArray:ReiMu","FoulBorder2:ReiMu","SpiritualOutbreak2:ReiMu+1"],"picked":"SKIP","floor":46},{"not_picked":["OctopathBindingBorder2:ReiMu","EmergencyTakeOff:ReiMu","Meditation:ReiMu+1"],"picked":"SKIP","floor":54}],"player_experience":249612,"relics_obtained":[{"floor":6,"key":"Bag of Marbles"},{"floor":9,"key":"Pen Nib"},{"floor":43,"key":"Mummified Hand"},{"floor":46,"key":"Ginger"},{"floor":54,"key":"Lizard Tail"}],"event_choices":[{"damage_healed":0,"gold_gain":0,"player_choice":"Donut","damage_taken":0,"max_hp_gain":5,"max_hp_loss":0,"event_name":"Big Fish","floor":4,"gold_loss":0},{"damage_healed":0,"gold_gain":0,"player_choice":"Success","damage_taken":12,"relics_obtained":["Oddly Smooth Stone"],"max_hp_gain":0,"max_hp_loss":0,"event_name":"Scrap Ooze","floor":5,"gold_loss":0},{"damage_healed":0,"gold_gain":0,"player_choice":"Searched \u00270\u0027 times","damage_taken":0,"max_hp_gain":0,"max_hp_loss":0,"event_name":"Dead Adventurer","floor":14,"gold_loss":0},{"damage_healed":0,"gold_gain":0,"player_choice":"Shed Blood","damage_taken":18,"max_hp_gain":5,"max_hp_loss":0,"event_name":"Forgotten Altar","floor":19,"gold_loss":0},{"damage_healed":0,"gold_gain":0,"player_choice":"Obtained Relic","damage_taken":0,"relics_obtained":["Ornamental Fan"],"max_hp_gain":0,"max_hp_loss":0,"event_name":"Addict","floor":20,"gold_loss":85},{"damage_healed":0,"gold_gain":0,"player_choice":"Ignored","damage_taken":0,"max_hp_gain":0,"max_hp_loss":0,"event_name":"Ghosts","floor":22,"gold_loss":0},{"damage_healed":0,"gold_gain":360,"player_choice":"GOLD GOLD GOLD GOLD ","damage_taken":36,"max_hp_gain":0,"max_hp_loss":0,"event_name":"Knowing Skull","floor":25,"potions_obtained":[],"gold_loss":0,"cards_obtained":[]},{"cards_removed":["AirStrike:ReiMu"],"damage_healed":5,"gold_gain":0,"player_choice":"Offered Common","damage_taken":0,"max_hp_gain":0,"max_hp_loss":0,"event_name":"Bonfire Elementals","floor":36,"gold_loss":0},{"cards_removed":["AirStrike:ReiMu"],"damage_healed":5,"gold_gain":0,"player_choice":"Offered Special","damage_taken":0,"max_hp_gain":0,"max_hp_loss":0,"event_name":"Bonfire Elementals","floor":36,"gold_loss":0},{"damage_healed":0,"gold_gain":0,"player_choice":"Memory 1","damage_taken":0,"max_hp_gain":0,"max_hp_loss":0,"event_name":"SensoryStone","floor":39,"gold_loss":0},{"damage_healed":0,"gold_gain":0,"player_choice":"Paid","damage_taken":0,"relics_obtained":["Red Mask"],"max_hp_gain":0,"max_hp_loss":0,"event_name":"Tomb of Lord Red Mask","floor":45,"gold_loss":56},{"damage_healed":0,"gold_gain":0,"player_choice":"Max HP","damage_taken":0,"max_hp_gain":0,"max_hp_loss":4,"event_name":"Winding Halls","floor":48,"gold_loss":0}],"is_beta":true,"boss_relics":[{"not_picked":["Velvet Choker","Empty Cage","Runic Pyramid"]},{"not_picked":["Snecko Eye","Coffee Dripper"],"picked":"DonationBox:ReiMu"}],"items_purged_floors":[],"is_endless":false,"potions_floor_spawned":[6,29,35,38,54],"ascension_level":0}}