{"host":"tzyzz5n7hg2ni9q2","time":1612060140,"event":{"mods":["BaseMod","Minty Spire (QoL Compilation)","Quick Restart"],"gold_per_floor":[212,387,387,61,75,75,88,88,157,187,200,275,275,275,275,378,378,392,410,429,138,152,152,186,35,90,90,27,42,42,61,61,164,164,183,183,201,201,212,212,228,228,228,260,260,275,275,86,86,86],"floor_reached":51,"language":"ENG","playtime":2109,"items_purged":["Strike_G"],"score":1011,"play_id":"4bfdb9e0-c6cb-41ed-b10e-f45ed06b3111","local_time":"20210131032900","is_ascension_mode":true,"campfire_choices":[{"data":"Noxious Fumes","floor":6,"key":"SMITH"},{"data":"Tools of the Trade","floor":8,"key":"SMITH"},{"floor":13,"key":"REST"},{"data":"Noxious Fumes","floor":15,"key":"SMITH"},{"floor":23,"key":"REST"},{"floor":27,"key":"REST"},{"data":"Footwork","floor":30,"key":"SMITH"},{"data":"Accuracy","floor":32,"key":"SMITH"},{"data":"Survivor","floor":40,"key":"SMITH"},{"data":"Neutralize","floor":42,"key":"SMITH"},{"data":"Flying Knee","floor":47,"key":"SMITH"},{"data":"Defend_G","floor":49,"key":"SMITH"}],"circlet_count":0,"master_deck":["Strike_G","Strike_G","Strike_G","Defend_G+1","Defend_G","Defend_G","Defend_G","Defend_G","Survivor+1","Neutralize+1","Flying Knee+1","Noxious Fumes+1","Backflip+1","Tools of the Trade+1","Noxious Fumes+1","Burst+1","Cloak And Dagger+1","Footwork+1","Blur+1","Blur+1","Adrenaline+1","Leg Sweep+1","Accuracy+1","Doppelganger+1","Cloak And Dagger+1","Dash+1","Adrenaline+1"],"relics":["Ring of the Serpent","Letter Opener","Toxic Egg 2","Smiling Mask","Shuriken","Tiny Chest","Oddly Smooth Stone","Lantern","Dream Catcher","Sozu","Bird Faced Urn","Bottled Flame","Blood Vial"],"acts_visited":["Exordium","TheCity","TheBeyond"],"potions_floor_usage":[24,50,50],"damage_taken":[{"damage":0,"enemies":"Small Slimes","floor":1,"turns":3},{"damage":4,"enemies":"Jaw Worm","floor":5,"turns":4},{"damage":0,"enemies":"Cultist","floor":7,"turns":4},{"damage":29,"enemies":"Gremlin Nob","floor":10,"turns":5},{"damage":2,"enemies":"2 Fungi Beasts","floor":11,"turns":4},{"damage":20,"enemies":"Slime Boss","floor":16,"turns":9},{"damage":6,"enemies":"Shell Parasite","floor":18,"turns":8},{"damage":0,"enemies":"Chosen","floor":19,"turns":5},{"damage":18,"enemies":"Snake Plant","floor":20,"turns":6},{"damage":8,"enemies":"Centurion and Healer","floor":22,"turns":8},{"damage":20,"enemies":"Gremlin Leader","floor":24,"turns":9},{"damage":0,"enemies":"3 Cultists","floor":29,"turns":5},{"damage":0,"enemies":"Snecko","floor":31,"turns":6},{"damage":0,"enemies":"Automaton","floor":33,"turns":11},{"damage":14,"enemies":"3 Darklings","floor":35,"turns":4},{"damage":3,"enemies":"Orb Walker","floor":37,"turns":3},{"damage":0,"enemies":"Spire Growth","floor":39,"turns":5},{"damage":5,"enemies":"Jaw Worm Horde","floor":41,"turns":5},{"damage":0,"enemies":"Reptomancer","floor":44,"turns":7},{"damage":6,"enemies":"3 Darklings","floor":46,"turns":5},{"damage":12,"enemies":"Donu and Deca","floor":50,"turns":8}],"seed_played":"8043270126774006766","potions_obtained":[{"floor":1,"key":"PowerPotion"},{"floor":5,"key":"ColorlessPotion"},{"floor":11,"key":"CunningPotion"},{"floor":22,"key":"PowerPotion"},{"floor":31,"key":"PowerPotion"}],"is_trial":false,"path_per_floor":["M","?","?","$","M","R","M","R","T","E","M","?","R","?","R","B",null,"M","M","M","$","M","R","E","$","T","R","?","M","R","M","R","B",null,"M","?","M","T","M","R","M","R","T","E","?","M","R","$","R","B",null],"character_chosen":"THE_SILENT","items_purchased":["Letter Opener","Noxious Fumes","Shuriken","Blur+1","Oddly Smooth Stone","Adrenaline+1"],"campfire_rested":3,"item_purchase_floors":[4,4,21,21,25,48],"current_hp_per_floor":[63,63,63,63,59,59,59,59,59,30,28,17,38,38,38,18,57,51,51,33,33,25,46,26,26,26,47,47,47,47,47,47,47,64,50,50,47,47,57,57,60,60,60,70,70,70,70,70,70,64],"gold":86,"neow_bonus":"HUNDRED_GOLD","is_daily":false,"chose_seed":false,"campfire_upgraded":9,"win_rate":0.0,"timestamp":1612060140,"path_taken":["M","?","?","$","M","R","M","R","T","E","?","?","R","?","R","BOSS","M","M","?","?","M","R","E","$","T","R","?","?","R","M","R","BOSS","M","?","M","?","M","R","?","R","T","E","?","M","R","$","R","BOSS"],"items_purchased_type":["Relic","Card","Relic","Card","Relic","Card"],"build_version":"2020-12-22","purchased_purges":1,"victory":true,"max_hp_per_floor":[70,70,70,70,70,70,70,70,70,70,70,70,70,70,70,70,70,70,70,70,70,70,70,70,70,70,70,70,70,70,70,70,70,70,70,70,70,70,70,70,70,70,70,70,70,70,70,70,70,70],"card_choices":[{"not_picked":["Expertise","Endless Agony"],"picked":"Flying Knee","floor":1},{"not_picked":["Sucker Punch","Acrobatics"],"picked":"Backflip","floor":5},{"not_picked":["Dagger Spray","Quick Slash"],"picked":"Tools of the Trade","floor":7},{"not_picked":["Flechettes","Deadly Poison+1"],"picked":"Noxious Fumes","floor":10},{"not_picked":["Dagger Throw","Acrobatics+1","Slice"],"picked":"SKIP","floor":11},{"not_picked":["Phantasmal Killer+1","Venomology+1"],"picked":"Burst+1","floor":16},{"not_picked":["Catalyst+1","Blade Dance+1"],"picked":"Cloak And Dagger+1","floor":18},{"not_picked":["Crippling Poison+1","Masterful Stab"],"picked":"Footwork","floor":19},{"not_picked":["Underhanded Strike","Terror+1"],"picked":"Blur+1","floor":20},{"not_picked":["Predator","PiercingWail+1","Tactician+1"],"picked":"SKIP","floor":22},{"not_picked":["Heel Hook","Terror+1"],"picked":"Adrenaline+1","floor":24},{"not_picked":["Dagger Spray","Outmaneuver+1"],"picked":"Leg Sweep+1","floor":29},{"not_picked":["Quick Slash","Sucker Punch"],"picked":"Accuracy","floor":31},{"not_picked":["Grand Finale","Storm of Steel+1"],"picked":"Doppelganger+1","floor":33},{"not_picked":["Bane","Backflip+1"],"picked":"Cloak And Dagger+1","floor":35},{"not_picked":["Flechettes+1","Well Laid Plans"],"picked":"Dash+1","floor":37},{"not_picked":["Cloak And Dagger+1","Eviscerate+1","Blade Dance+1"],"picked":"SKIP","floor":39},{"not_picked":["Sucker Punch+1","Tactician+1","Underhanded Strike+1"],"picked":"SKIP","floor":41},{"not_picked":["Masterful Stab+1","Poisoned Stab","Deflect+1"],"picked":"SKIP","floor":44},{"not_picked":["Noxious Fumes+1","Predator+1","Bane"],"picked":"SKIP","floor":46}],"player_experience":292308,"relics_obtained":[{"floor":9,"key":"Toxic Egg 2"},{"floor":10,"key":"Smiling Mask"},{"floor":24,"key":"Tiny Chest"},{"floor":26,"key":"Lantern"},{"floor":38,"key":"Bird Faced Urn"},{"floor":43,"key":"Bottled Flame"},{"floor":44,"key":"Blood Vial"}],"event_choices":[{"damage_healed":0,"gold_gain":175,"player_choice":"AGREE","damage_taken":0,"max_hp_gain":0,"max_hp_loss":0,"event_name":"Liars Game","floor":2,"gold_loss":0,"cards_obtained":["Doubt"]},{"cards_removed":["Doubt"],"damage_healed":0,"gold_gain":0,"player_choice":"Purged","damage_taken":0,"max_hp_gain":0,"max_hp_loss":0,"event_name":"Purifier","floor":3,"gold_loss":0},{"damage_healed":0,"gold_gain":75,"player_choice":"Gather Gold","damage_taken":11,"max_hp_gain":0,"max_hp_loss":0,"event_name":"World of Goop","floor":12,"gold_loss":0},{"damage_healed":0,"gold_gain":0,"player_choice":"Forge","damage_taken":0,"max_hp_gain":0,"max_hp_loss":0,"event_name":"Accursed Blacksmith","floor":14,"gold_loss":0,"cards_upgraded":["Backflip"]},{"damage_healed":0,"gold_gain":0,"player_choice":"Paid Gold","damage_taken":0,"relics_obtained":["Dream Catcher"],"max_hp_gain":0,"max_hp_loss":0,"event_name":"WeMeetAgain","floor":28,"gold_loss":63},{"cards_removed":["Strike_G"],"damage_healed":0,"gold_gain":0,"player_choice":"Removed Attack","damage_taken":0,"max_hp_gain":0,"max_hp_loss":0,"event_name":"Falling","floor":36,"gold_loss":0},{"damage_healed":0,"gold_gain":0,"player_choice":"Ignored","damage_taken":0,"max_hp_gain":0,"max_hp_loss":0,"event_name":"Tomb of Lord Red Mask","floor":45,"gold_loss":0}],"is_beta":false,"boss_relics":[{"not_picked":["Runic Pyramid","Pandora\u0027s Box"],"picked":"Ring of the Serpent"},{"not_picked":["SacredBark","SlaversCollar"],"picked":"Sozu"}],"items_purged_floors":[48],"is_endless":false,"potions_floor_spawned":[1,5,11,20,22,31,41,46],"ascension_level":6}}