{"host":"rq7gz685gkaokql0","time":1612066077,"event":{"mods":["BaseMod","Hubris","Infinite Spire","Minty Spire (QoL Compilation)","Replay The Spire","StSLib"],"gold_per_floor":[114,127,127,127,146,146,177,177,177,177,195,220,220,131,131,203,203,218,218,218,218,128,138,138],"floor_reached":23,"language":"ENG","playtime":597,"items_purged":["Sickly"],"score":390,"play_id":"ea41792d-dad8-4fa8-9f0f-6ae1a721d2d9","local_time":"20210130180757","is_ascension_mode":true,"campfire_choices":[{"data":"Spot Weakness","floor":6,"key":"SMITH"},{"data":"Demon Form","floor":8,"key":"SMITH"},{"floor":15,"key":"REST"}],"circlet_count":0,"master_deck":["AscendersBane","Strike_R","Strike_R","Strike_R+1","Strike_R","Strike_R","Defend_R","Defend_R","Defend_R","Defend_R","Bash","ReplayTheSpireMod:Stacked","Sword Boomerang","Spot Weakness+1","Demon Form+1","Flame Barrier","Sword Boomerang","Metallicize","Limit Break","CommonCold","ReplayTheSpireMod:Splinters","Ghostly Armor","infinitespire:Starlight","Ghostly","Ghostly","Ghostly","ReplayTheSpireMod:Muscle Training"],"relics":["Burning Blood","NeowsBlessing","Chameleon Ring","HornCleat","hubris:Icosahedron","ReplayTheSpireMod:Lightbulb","Replay:Ancient Bell","Potion Belt","Eternal Feather","hubris:CuriousFeather","Replay:Bandana"],"acts_visited":["Exordium","TheCity"],"potions_floor_usage":[11,23,23],"damage_taken":[{"damage":0,"enemies":"Cultist","floor":1,"turns":1},{"damage":0,"enemies":"Jaw Worm","floor":2,"turns":1},{"damage":0,"enemies":"Small Slimes","floor":5,"turns":1},{"damage":32,"enemies":"Gremlin Nob","floor":7,"turns":4},{"damage":18,"enemies":"3 Louse","floor":11,"turns":3},{"damage":12,"enemies":"Lagavulin","floor":12,"turns":7},{"damage":12,"enemies":"The Guardian","floor":16,"turns":7},{"damage":30,"enemies":"Shell Parasite","floor":18,"turns":4},{"damage":12,"enemies":"2 Thieves","floor":22,"turns":5},{"damage":14,"enemies":"Slavers","floor":23,"turns":1}],"seed_played":"-2796636598231193792","potions_obtained":[{"floor":1,"key":"DistilledChaos"},{"floor":7,"key":"ColorlessPotion"},{"floor":12,"key":"Dexterity Potion"},{"floor":18,"key":"Ancient Potion"}],"is_trial":false,"path_per_floor":["M","M","?","?","M","R","E","R","T","?","M","E","?","$","R","B",null,"M","AVR","?","?","M","E"],"character_chosen":"IRONCLAD","items_purchased":["Metallicize"],"campfire_rested":1,"item_purchase_floors":[14],"current_hp_per_floor":[74,75,75,75,75,75,49,49,49,49,37,31,31,31,53,47,68,44,44,37,10,14,0,0],"gold":138,"neow_bonus":"THREE_ENEMY_KILL","is_daily":false,"chose_seed":false,"campfire_upgraded":2,"win_rate":0.0,"timestamp":1612066077,"path_taken":["M","?","?","?","M","R","E","R","T","?","M","E","?","$","R","BOSS","M","AVR","?","?","M","E"],"items_purchased_type":["Card"],"build_version":"2020-12-22","purchased_purges":1,"victory":false,"max_hp_per_floor":[75,75,75,75,75,75,75,75,75,75,75,75,75,75,75,75,75,75,75,37,37,37,37,37],"card_choices":[{"not_picked":["Infernal Blade","Warcry"],"picked":"ReplayTheSpireMod:Stacked","floor":1},{"not_picked":["Anger","Run Through"],"picked":"Sword Boomerang","floor":2},{"not_picked":["Heavy Blade","Anger"],"picked":"Spot Weakness","floor":5},{"not_picked":["Flex","Pummel"],"picked":"Demon Form","floor":7},{"not_picked":["Flex","Heavy Blade"],"picked":"Flame Barrier","floor":11},{"not_picked":["Headbutt","Havoc"],"picked":"Sword Boomerang","floor":12},{"not_picked":["Impervious","Feed"],"picked":"Limit Break","floor":16},{"not_picked":["Replay:Hysterical Blindness","Doubt"],"picked":"CommonCold","floor":17},{"not_picked":["Amnesia","Regret"],"picked":"ReplayTheSpireMod:Splinters","floor":17},{"not_picked":["Pain","CurseOfTheBell"],"picked":"Sickly","floor":17},{"not_picked":["Clothesline","Sentinel"],"picked":"Ghostly Armor","floor":18},{"not_picked":["Replay:Undeath\u0027s Touch","Flex"],"picked":"ReplayTheSpireMod:Muscle Training","floor":22}],"player_experience":1222138,"relics_obtained":[{"floor":7,"key":"Chameleon Ring"},{"floor":9,"key":"HornCleat"},{"floor":12,"key":"ReplayTheSpireMod:Lightbulb"}],"event_choices":[{"damage_healed":0,"gold_gain":0,"player_choice":"Leave","damage_taken":0,"max_hp_gain":0,"max_hp_loss":0,"event_name":"The Cleric","floor":4,"gold_loss":0},{"damage_healed":0,"gold_gain":0,"player_choice":"Ignored","damage_taken":0,"max_hp_gain":0,"max_hp_loss":0,"event_name":"Golden Wing","floor":13,"gold_loss":0},{"damage_healed":0,"gold_gain":0,"player_choice":"Became a Ghost","damage_taken":0,"max_hp_gain":0,"max_hp_loss":38,"event_name":"Ghosts","floor":20,"gold_loss":0,"cards_obtained":["Ghostly","Ghostly","Ghostly"]}],"is_beta":false,"boss_relics":[{"not_picked":["SlaversCollar","Fusion Hammer"],"picked":"Replay:Ancient Bell"},{"not_picked":["King of Hearts","Pet Ghost"],"picked":"Potion Belt"},{"not_picked":["Letter Opener","hubris:SphereOfDissonance"],"picked":"Eternal Feather"},{"not_picked":["Prayer Wheel","Girya"],"picked":"hubris:CuriousFeather"}],"items_purged_floors":[19],"is_endless":false,"potions_floor_spawned":[1,7,12,18],"killed_by":"Slavers","ascension_level":20}}