{"host":"3jpcvpprzj9sjffh","time":1612098543,"event":{"mods":["AchievementEnabler","BaseMod","Colored Map","Minty Spire (QoL Compilation)","Rare Cards Sparkle","SuperFastMode","everything is the same but u backflip on backflip"],"gold_per_floor":[112,132,57,73,86,115,115,64,88,104,130,130,145,155,155,257,257,269,180,192,192,206,239,259,259,283,295,329,349,98,98,98,193,193,207,207,207,207],"floor_reached":37,"language":"KOR","playtime":1155,"items_purged":["Defend_R","Defend_R"],"score":448,"play_id":"971de738-f3ae-4ede-bfa1-3ad1bb864e0b","local_time":"20210131220903","is_ascension_mode":false,"campfire_choices":[{"data":"Perfected Strike","floor":7,"key":"SMITH"},{"floor":12,"key":"REST"},{"data":"Uppercut","floor":15,"key":"SMITH"},{"floor":32,"key":"REST"}],"circlet_count":0,"master_deck":["Strike_R","Strike_R","Strike_R","Strike_R","Defend_R","Bash","Perfected Strike+1","Dropkick","Perfected Strike","Pommel Strike","Shockwave","Shrug It Off","Perfected Strike+1","Pommel Strike","Uppercut+1","Dual Wield","Feed","Impervious","Dual Wield","Finesse","Anger","Twin Strike","Inflame+1","Heavy Blade","Double Tap","Spot Weakness","Limit Break","Perfected Strike+1"],"relics":["Burning Blood","Regal Pillow","Orichalcum","Blood Vial","Fusion Hammer","MutagenicStrength","Frozen Egg 2","Nunchaku","Bronze Scales","Happy Flower","Runic Cube"],"acts_visited":["Exordium","TheCity","TheBeyond"],"potions_floor_usage":[11,23,28,33,33,37],"damage_taken":[{"damage":4,"enemies":"Small Slimes","floor":1,"turns":3},{"damage":0,"enemies":"2 Louse","floor":2,"turns":2},{"damage":0,"enemies":"Cultist","floor":4,"turns":2},{"damage":4,"enemies":"Exordium Thugs","floor":5,"turns":3},{"damage":28,"enemies":"3 Sentries","floor":6,"turns":6},{"damage":5,"enemies":"Looter","floor":10,"turns":2},{"damage":24,"enemies":"Lagavulin","floor":11,"turns":4},{"damage":1,"enemies":"Blue Slaver","floor":13,"turns":2},{"damage":13,"enemies":"Exordium Thugs","floor":14,"turns":3},{"damage":10,"enemies":"Slime Boss","floor":16,"turns":7},{"damage":0,"enemies":"Chosen","floor":18,"turns":3},{"damage":8,"enemies":"Shell Parasite","floor":20,"turns":4},{"damage":0,"enemies":"Snake Plant","floor":22,"turns":4},{"damage":11,"enemies":"Gremlin Leader","floor":23,"turns":7},{"damage":9,"enemies":"Centurion and Healer","floor":24,"turns":4},{"damage":25,"enemies":"Shelled Parasite and Fungi","floor":27,"turns":3},{"damage":28,"enemies":"Slavers","floor":28,"turns":4},{"damage":15,"enemies":"Snake Plant","floor":29,"turns":2},{"damage":34,"enemies":"Collector","floor":33,"turns":6},{"damage":26,"enemies":"3 Darklings","floor":35,"turns":3},{"damage":58,"enemies":"Donu and Deca","floor":37,"turns":3}],"seed_played":"7419581040273528510","potions_obtained":[{"floor":5,"key":"SteroidPotion"},{"floor":6,"key":"Swift Potion"},{"floor":10,"key":"CultistPotion"},{"floor":13,"key":"BlessingOfTheForge"},{"floor":14,"key":"HeartOfIron"},{"floor":23,"key":"DuplicationPotion"},{"floor":29,"key":"Ancient Potion"},{"floor":33,"key":"PowerPotion"}],"is_trial":false,"path_per_floor":["M","M","$","M","M","E","R","$","T","M","E","R","M","M","R","B",null,"M","$","M","?","M","E","M","?","T","M","E","M","$","?","R","B",null,"M","?","B"],"character_chosen":"IRONCLAD","items_purchased":["Pommel Strike","Finesse","Happy Flower"],"campfire_rested":2,"item_purchase_floors":[8,19,30],"current_hp_per_floor":[72,72,72,72,72,50,50,50,50,51,33,69,72,65,65,66,75,75,75,73,73,75,70,69,69,69,52,32,25,25,25,62,36,75,55,55,0,0],"gold":207,"neow_bonus":"TRANSFORM_TWO_CARDS","is_daily":false,"chose_seed":false,"campfire_upgraded":2,"win_rate":0.0,"timestamp":1612098543,"path_taken":["M","M","$","M","M","E","R","$","T","M","E","R","M","M","R","BOSS","M","$","M","?","M","E","M","?","T","?","E","M","$","?","R","BOSS","M","?","BOSS"],"items_purchased_type":["Card","Card","Relic"],"build_version":"2020-12-22","purchased_purges":2,"victory":false,"max_hp_per_floor":[72,72,72,72,72,72,72,72,72,72,72,72,72,72,72,75,75,75,75,75,75,75,75,75,75,75,75,75,75,75,75,75,75,75,75,75,75,75],"card_choices":[{"not_picked":["Clash","Body Slam"],"picked":"Perfected Strike","floor":1},{"not_picked":["Cleave","Thunderclap"],"picked":"Pommel Strike","floor":2},{"not_picked":["Clash","Power Through"],"picked":"Shockwave","floor":4},{"not_picked":["Hemokinesis","Rage"],"picked":"Shrug It Off","floor":5},{"not_picked":["Armaments","Anger"],"picked":"Perfected Strike","floor":6},{"not_picked":["Intimidate","Carnage"],"picked":"Uppercut","floor":10},{"not_picked":["Battle Trance","Sword Boomerang","Body Slam"],"picked":"SKIP","floor":11},{"not_picked":["Entrench","Pummel"],"picked":"Dual Wield","floor":13},{"not_picked":["Infernal Blade","Warcry"],"picked":"Feed","floor":14},{"not_picked":["Barricade","Reaper"],"picked":"Impervious","floor":16},{"not_picked":["Metallicize","Shockwave"],"picked":"Dual Wield","floor":18},{"not_picked":["Pommel Strike","Headbutt"],"picked":"Anger","floor":20},{"not_picked":["Whirlwind+1","Combust"],"picked":"Twin Strike","floor":22},{"not_picked":["Rupture+1","True Grit","Shrug It Off"],"picked":"SKIP","floor":23},{"not_picked":["Sword Boomerang","Warcry"],"picked":"Inflame+1","floor":24},{"not_picked":["Shrug It Off+1","Hemokinesis+1"],"picked":"Heavy Blade","floor":27},{"not_picked":["Clash+1","Infernal Blade+1"],"picked":"Double Tap","floor":28},{"not_picked":["Sword Boomerang","Clothesline"],"picked":"Spot Weakness","floor":29},{"not_picked":["Brutality+1","Juggernaut+1"],"picked":"Limit Break","floor":33},{"not_picked":["Rage","Battle Trance+1"],"picked":"Perfected Strike+1","floor":35}],"player_experience":303761,"relics_obtained":[{"floor":6,"key":"Regal Pillow"},{"floor":9,"key":"Orichalcum"},{"floor":11,"key":"Blood Vial"},{"floor":23,"key":"Frozen Egg 2"},{"floor":26,"key":"Nunchaku"},{"floor":28,"key":"Bronze Scales"}],"event_choices":[{"damage_healed":0,"gold_gain":0,"player_choice":"Inject Mutagens","damage_taken":0,"relics_obtained":["MutagenicStrength"],"max_hp_gain":0,"max_hp_loss":0,"event_name":"Drug Dealer","floor":21,"gold_loss":0},{"damage_healed":0,"gold_gain":0,"player_choice":"Upgraded","damage_taken":0,"max_hp_gain":0,"max_hp_loss":0,"event_name":"Upgrade Shrine","floor":25,"gold_loss":0,"cards_upgraded":["Perfected Strike"]},{"damage_healed":0,"gold_gain":0,"player_choice":"Ignored","damage_taken":0,"max_hp_gain":0,"max_hp_loss":0,"event_name":"Ghosts","floor":31,"gold_loss":0},{"damage_healed":0,"gold_gain":0,"player_choice":"Took Portal","damage_taken":0,"max_hp_gain":0,"max_hp_loss":0,"event_name":"SecretPortal","floor":36,"gold_loss":0}],"is_beta":false,"boss_relics":[{"not_picked":["Pandora\u0027s Box","Philosopher\u0027s Stone"],"picked":"Fusion Hammer"},{"not_picked":["Runic Dome","Cursed Key"],"picked":"Runic Cube"}],"items_purged_floors":[3,30],"is_endless":false,"potions_floor_spawned":[5,6,10,13,14,18,23,29,33],"killed_by":"Donu and Deca","ascension_level":0}}