{"host":"w9njud19qyl0lpz1","time":1612073096,"event":{"mods":["BaseMod","Infinite Spire","Minty Spire (QoL Compilation)","StSLib"],"gold_per_floor":[134,134,134,59,96,96,96,121,121,121,159,159,199,264,264,388,388,400,132,171,171,38,38,38,49,97,97,22,22,22],"floor_reached":29,"language":"ENG","playtime":1858,"items_purged":["Normality"],"score":221,"play_id":"ba75869b-82f6-4a27-a7eb-6a8e9cbe3762","local_time":"20210131010456","is_ascension_mode":false,"campfire_choices":[{"data":"HandOfGreed","floor":6.0,"key":"SMITH"},{"data":"Shrug It Off","floor":10.0,"key":"SMITH"},{"data":"Heavy Blade","floor":12,"key":"SMITH"},{"data":"Anger","floor":15,"key":"SMITH"},{"data":"Magnetism","floor":23,"key":"SMITH"},{"data":"Infernal Blade","floor":27,"key":"SMITH"}],"circlet_count":0,"master_deck":["Bash","HandOfGreed+1","Anger+1","Shrug It Off+1","Carnage","Heavy Blade+1","Battle Trance","Bludgeon","Sever Soul","Sentinel","Exhume","Infernal Blade+1","Cleave","Burning Pact","Seeing Red","Inflame","Juggernaut","Second Wind","Magnetism+1","Discovery"],"relics":["Burning Blood","Vajra","Mercury Hourglass","Pandora\u0027s Box","Membership Card","Blood Vial","Gambling Chip","Happy Flower","Toy Ornithopter"],"acts_visited":["Exordium","TheCity"],"potions_floor_usage":[18,20,20,20],"damage_taken":[{"damage":9.0,"enemies":"Small Slimes","floor":1.0,"turns":5.0},{"damage":1.0,"enemies":"Jaw Worm","floor":5.0,"turns":4.0},{"damage":23.0,"enemies":"Lagavulin","floor":8.0,"turns":5.0},{"damage":0.0,"enemies":"Cultist","floor":11.0,"turns":2.0},{"damage":0,"enemies":"2 Fungi Beasts","floor":13,"turns":2},{"damage":8,"enemies":"Gremlin Gang","floor":14,"turns":5},{"damage":51,"enemies":"The Guardian","floor":16,"turns":10},{"damage":10,"enemies":"2 Thieves","floor":18,"turns":2},{"damage":8,"enemies":"Shell Parasite","floor":20,"turns":2},{"damage":22,"enemies":"3 Cultists","floor":25,"turns":4},{"damage":67,"enemies":"Slavers","floor":29,"turns":3}],"seed_played":"6709619897222902877","potions_obtained":[{"floor":8.0,"key":"Fire Potion"},{"floor":13,"key":"DuplicationPotion"},{"floor":16,"key":"SneckoOil"},{"floor":18,"key":"Weak Potion"},{"floor":25,"key":"ElixirPotion"}],"is_trial":false,"path_per_floor":["M","?","?","$","M","R","?","E","T","R","M","R","M","M","R","B",null,"M","$","M","?","$","R","AVR","M","T","R","$","E"],"character_chosen":"IRONCLAD","items_purchased":["Membership Card","Blood Vial","Inflame","Magnetism","Discovery","Toy Ornithopter"],"campfire_rested":0,"item_purchase_floors":[19,19,19,22,22,28],"current_hp_per_floor":[77,77,77,77,80,80,80,63,63,63,69,69,75,73,73,28,80,76,76,76,76,76,76,76,62,62,62,62,0,0],"gold":22,"neow_bonus":"RANDOM_COLORLESS_2","is_daily":false,"chose_seed":false,"campfire_upgraded":6,"win_rate":0.0,"timestamp":1612073096,"path_taken":["M","?","?","$","?","R","?","E","T","R","?","R","M","M","R","BOSS","M","?","M","?","?","R","AVR","M","T","R","$","E"],"items_purchased_type":["Relic","Relic","Card","Card","Card","Relic"],"build_version":"2020-12-22","purchased_purges":1,"victory":false,"max_hp_per_floor":[80,80,80,80,80,80,80,80,80,80,80,80,80,80,80,80,80,80,80,80,80,80,80,80,80,80,80,80,80,80],"card_choices":[{"not_picked":["Secret Technique","Violence"],"picked":"HandOfGreed","floor":0.0},{"not_picked":["Pommel Strike","Twin Strike","Havoc"],"picked":"SKIP","floor":1.0},{"not_picked":["Flex","Havoc"],"picked":"Shrug It Off","floor":5.0},{"not_picked":["Rampage","Perfected Strike"],"picked":"Carnage","floor":8.0},{"not_picked":["Havoc","Disarm"],"picked":"Heavy Blade","floor":11},{"not_picked":["Dropkick","Clothesline"],"picked":"Battle Trance","floor":13},{"not_picked":["Body Slam","Sever Soul","Dropkick"],"picked":"SKIP","floor":14},{"not_picked":["Offering","Corruption"],"picked":"Bludgeon","floor":16},{"not_picked":["Combust+1","True Grit+1"],"picked":"Seeing Red","floor":18},{"not_picked":["Anger","Metallicize","Shrug It Off"],"picked":"SKIP","floor":20},{"not_picked":["Reckless Charge","Clothesline","Iron Wave"],"picked":"SKIP","floor":25}],"player_experience":2326752,"relics_obtained":[{"floor":8.0,"key":"Vajra"},{"floor":9.0,"key":"Mercury Hourglass"},{"floor":26,"key":"Happy Flower"}],"event_choices":[{"damage_healed":0.0,"max_hp_gain":0.0,"max_hp_loss":0.0,"gold_gain":0.0,"cards_transformed":["Strike_R"],"event_name":"Living Wall","player_choice":"Change","floor":3.0,"gold_loss":0.0,"damage_taken":0.0,"cards_obtained":["Anger"]},{"damage_healed":0.0,"max_hp_gain":0.0,"max_hp_loss":0.0,"gold_gain":0.0,"event_name":"NoteForYourself","player_choice":"Ignored","floor":7.0,"gold_loss":0.0,"damage_taken":0.0},{"damage_healed":0,"gold_gain":0,"cards_transformed":["Dark Embrace","Dual Wield"],"player_choice":"Became Test Subject","damage_taken":0,"max_hp_gain":0,"max_hp_loss":0,"event_name":"Drug Dealer","floor":21,"gold_loss":0,"cards_obtained":["Juggernaut","Second Wind"]}],"is_beta":false,"boss_relics":[{"not_picked":["SlaversCollar","Runic Cube"],"picked":"Pandora\u0027s Box"}],"items_purged_floors":[4],"is_endless":false,"potions_floor_spawned":[8,13,16,18,25],"killed_by":"Slavers","ascension_level":0}}