{"host":"ocll6kdfqxraqtza","time":1612074356,"event":{"mods":["2.2 Compatiblity","Act Like it!","Aspiration","BaseMod","Better Third Choice","Gensokyo","Hallownest","Hermit","Hubris","Jorbs\u0027s Wanderer Trilogy","Luminous","Marisa（霧雨　魔理沙）","Minty Spire (QoL Compilation)","Reimu（博??梦）","Replay The Spire","Shade Mod","StSLib","The Alterego","The Bug Knight","The Cursed","The Hierophant","The Marked","The Runesmith","TheBandit","Wandering Minibosses"],"gold_per_floor":[110,163,181,181,181,207,207,242,242,242,261,271,283,65,65,160,160,177,21,21,36,49,80,80,112,112,112,112,138,138,148,148,251,351,368,368,368,368,384,415,427,427,427,453,465,475,475,500,500,500,500,500,355,381,381],"floor_reached":56,"language":"ENG","playtime":2070,"items_purged":["theMarked:Strike"],"score":1681,"play_id":"ae8dd596-ec4f-40a5-91eb-46d952096aec","local_time":"20210131142556","is_ascension_mode":true,"campfire_choices":[{"data":"theMarked:MuscleMemory","floor":7,"key":"SMITH"},{"data":"theMarked:MysticalArsenal","floor":15,"key":"SMITH"},{"floor":24,"key":"RECALL"},{"data":"theMarked:Polarize","floor":27,"key":"SMITH"},{"floor":32,"key":"DIG"},{"data":"theMarked:TakeOffHeels","floor":42,"key":"SMITH"},{"data":"wanderingMiniBosses:FinaleOfPromise","floor":47,"key":"SMITH"},{"data":"hubris:TrickCloak","floor":49,"key":"SMITH"},{"data":"theMarked:Indomitable","floor":52,"key":"SMITH"}],"circlet_count":0,"master_deck":["theMarked:Strike","theMarked:Strike","theMarked:Defend","theMarked:SoldierOfQuellstein","theMarked:WardOff","theMarked:BanishingWave","theMarked:Convert","theMarked:Challenge","theMarked:MuscleMemory+1","theMarked:ChannelForce","theMarked:Seal","Apotheosis+1","theMarked:MysticalArsenal+1","theMarked:Convert","wanderingMiniBosses:FinaleOfPromise+1","theMarked:Overcharge","theMarked:BanishingWave","theMarked:Abjuration","Apotheosis+1","Skewer","Acrobatics","ReplayTheSpireMod:Speed Training","theMarked:HeightenedSenses+1","theMarked:Polarize+1","theMarked:Improvise+1","theMarked:Indomitable+1","theMarked:TwofoldDefense+1","theMarked:TakeOffHeels+1","theMarked:MuscleMemory+1","hubris:TrickCloak+1","PiercingWail","Dodge and Roll","theMarked:ShockingTouch+1","theMarked:Parkour+1","theMarked:ParalyzingBlade+1","theMarked:TurnInvisible","theMarked:SwordAndMagic+1","theMarked:RogueSparks+1","theMarked:TwofoldDefense+1","theMarked:MagusForm","theMarked:SwordAndMagic+1"],"relics":["theMarked:ArtifactOfAir","aspiration:Nostalgia","PureWater","Eternal Feather","Omamori","aspiration:FetidBarrel","hubris:AstralHammer","FaceOfCleric","wanderingMiniBosses:Blackblade","ClockworkSouvenir","Black Star","DollysMirror","Mango","Durian","Mercury Hourglass","Orichalcum","theMarked:VonisonLock","aspiration:AnachronicSnailShell","Simple Rune","Replay:Wanted Poster","Gensokyo:DualWield","hubris:SlimyHat","hubris:DeckOfHolding","Replay:WaspNest","Replay:Baseball","aspiration:SeaSaltIceCream","NeowsBlessing","Torii","hubris:BottledRain","hubris:MedicalManual","White Beast Statue"],"acts_visited":["Exordium","Gensokyo:Gensokyoer","Gensokyo:Gensokyoest","TheEnding"],"potions_floor_usage":[22,23,33,40,50,55,55],"damage_taken":[{"damage":0,"enemies":"Cultist","floor":1,"turns":3},{"damage":0,"enemies":"Small Slimes","floor":3,"turns":3},{"damage":6,"enemies":"Gremlin Nob","floor":6,"turns":3},{"damage":8,"enemies":"3 Sentries","floor":8,"turns":4},{"damage":0,"enemies":"2 Louse","floor":11,"turns":2},{"damage":10,"enemies":"Exordium Thugs","floor":12,"turns":6},{"damage":0,"enemies":"Large Slime","floor":13,"turns":2},{"damage":0,"enemies":"Fading Forest","floor":16,"turns":4},{"damage":0,"enemies":"Gensokyo:AngelMirror","floor":18,"turns":2},{"damage":0,"enemies":"Gensokyo:2_Gloops","floor":21,"turns":2},{"damage":6,"enemies":"Gensokyo:Swordslinger","floor":22,"turns":2},{"damage":21,"enemies":"Gensokyo:Koishi","floor":23,"turns":4},{"damage":0,"enemies":"Gensokyo:Reisen","floor":25,"turns":3},{"damage":18,"enemies":"Gensokyo:Tenshi","floor":29,"turns":2},{"damage":0,"enemies":"Gensokyo:Wraith","floor":31,"turns":4},{"damage":4,"enemies":"Gensokyo:Eiki","floor":33,"turns":5},{"damage":0,"enemies":"Gensokyo:3_Bats","floor":35,"turns":3},{"damage":0,"enemies":"Gensokyo:AncientGuardian","floor":39,"turns":3},{"damage":0,"enemies":"Gensokyo:Doremy","floor":40,"turns":2},{"damage":5,"enemies":"Gensokyo:Dusk_and_Dawn","floor":41,"turns":3},{"damage":6,"enemies":"Gensokyo:Kasen","floor":44,"turns":3},{"damage":0,"enemies":"Gensokyo:SeedOfUnknown","floor":45,"turns":1},{"damage":0,"enemies":"Gensokyo:4_Bats","floor":46,"turns":1},{"damage":0,"enemies":"Gensokyo:Doremy","floor":48,"turns":1},{"damage":0,"enemies":"Gensokyo:Scarlet_Devils","floor":50,"turns":1},{"damage":1,"enemies":"Shield and Spear","floor":54,"turns":3},{"damage":32,"enemies":"The Heart","floor":55,"turns":3}],"seed_played":"6998562144754482544","potions_obtained":[{"floor":6,"key":"theMarked:SummonPotion"},{"floor":12,"key":"Swift Potion"},{"floor":16,"key":"LifebloodPotion"},{"floor":21,"key":"DuplicationPotion"},{"floor":22,"key":"ColorlessPotion"},{"floor":23,"key":"Explosive Potion"},{"floor":25,"key":"CultistPotion"},{"floor":35,"key":"Cursed Concoction"},{"floor":40,"key":"SkillPotion"},{"floor":48,"key":"Energy Potion"},{"floor":54,"key":"FearPotion"}],"is_trial":false,"path_per_floor":["M","?","M","?","?","E","R","E","T","?","M","M","M","$","R","B",null,"M","$","?","M","M","E","R","E","T","R","?","E","?","M","R","B",null,"M","$","?","?","M","E","M","R","T","E","M","M","R","E","R","B",null,"R","$","E","B",null],"character_chosen":"THE_DEFAULT","items_purchased":["ClockworkSouvenir","DollysMirror","theMarked:MagusForm"],"campfire_rested":0,"item_purchase_floors":[14,19,53],"current_hp_per_floor":[70,42,42,42,42,36,48,40,40,40,41,32,33,33,48,49,74,75,75,75,76,71,70,88,89,89,98,98,81,81,82,100,97,101,102,102,102,102,103,104,100,105,105,100,101,102,108,109,109,110,110,110,110,110,79],"gold":381,"neow_bonus":"NOSTALGIA","is_daily":false,"chose_seed":false,"campfire_upgraded":7,"win_rate":0.0,"timestamp":1612074356,"path_taken":["M","?","?","?","?","E","R","E","T","?","M","?","M","$","R","BOSS","M","$","?","?","M","E","R","E","T","R","?","E","?","M","R","BOSS","M","$","?","?","M","E","M","R","T","E","M","?","R","E","R","BOSS","R","$","E","BOSS"],"items_purchased_type":["Relic","Relic","Card"],"build_version":"2020-12-22","purchased_purges":1,"victory":true,"max_hp_per_floor":[70,70,70,70,70,70,70,70,70,70,71,72,73,73,73,74,74,75,75,75,76,77,97,97,98,98,98,98,99,99,100,100,101,101,102,102,102,102,103,104,105,105,105,106,107,108,108,109,109,110,110,110,110,111,112],"card_choices":[{"not_picked":["theMarked:Standoff","theMarked:Frustration"],"picked":"theMarked:WardOff","floor":1},{"not_picked":["theMarked:Standoff","theMarked:WardOff"],"picked":"theMarked:BanishingWave","floor":2},{"not_picked":["theMarked:Frustration","theMarked:Opportunist"],"picked":"theMarked:Convert","floor":2},{"not_picked":["theMarked:Aftermath","theMarked:TakeCover"],"picked":"theMarked:Challenge","floor":3},{"not_picked":["theMarked:WardOff","theMarked:Frustration"],"picked":"theMarked:MysticalArsenal","floor":6},{"not_picked":["theMarked:TheMission","theMarked:TunnelVision"],"picked":"theMarked:Improvise","floor":8},{"not_picked":["theMarked:Memento","theMarked:Improvise"],"picked":"theMarked:Convert","floor":11},{"not_picked":[],"picked":"wanderingMiniBosses:FinaleOfPromise","floor":12},{"not_picked":["theMarked:SwordAndMagic","theMarked:Improvise"],"picked":"theMarked:Overcharge","floor":12},{"not_picked":["theMarked:EmpowerWeapon","theMarked:RepellingDischarge"],"picked":"theMarked:BanishingWave","floor":13},{"not_picked":["theMarked:ThrowWeapon","theMarked:SuspiciousRaven"],"picked":"theMarked:Abjuration","floor":16},{"not_picked":["theMarked:Electrify","theMarked:Improvise","theMarked:RepellingDischarge"],"picked":"SKIP","floor":18},{"not_picked":["theMarked:Frustration","theMarked:Overcharge"],"picked":"theMarked:HeightenedSenses+1","floor":21},{"not_picked":["theMarked:EmpowerWeapon","theMarked:RepellingDischarge"],"picked":"theMarked:Polarize","floor":22},{"not_picked":["theMarked:FavorableWinds","theMarked:EmpowerWeapon"],"picked":"theMarked:Improvise+1","floor":23},{"not_picked":["theMarked:TakeCover","theMarked:MuscleMemory"],"picked":"theMarked:Indomitable","floor":25},{"not_picked":["theMarked:ComboAttacks","theMarked:ChainLightning"],"picked":"theMarked:TwofoldDefense+1","floor":29},{"not_picked":["theMarked:PowerFlow","theMarked:ElectricStrings+1","theMarked:Indomitable"],"picked":"SKIP","floor":31},{"not_picked":["theMarked:UnarmedFury","theMarked:Vacuum"],"picked":"theMarked:TakeOffHeels","floor":33},{"not_picked":["theMarked:TakeCover","theMarked:Frustration+1"],"picked":"theMarked:MuscleMemory+1","floor":35},{"not_picked":["theMarked:PowerFlow+1","theMarked:Improvise"],"picked":"theMarked:ShockingTouch+1","floor":39},{"not_picked":["theMarked:Electrify","theMarked:BanishingStrike+1"],"picked":"theMarked:Parkour+1","floor":40},{"not_picked":["theMarked:BanishingStrike","theMarked:AttractMetal"],"picked":"theMarked:ParalyzingBlade+1","floor":41},{"not_picked":["theMarked:ChainLightning","theMarked:ChannelForce"],"picked":"theMarked:TurnInvisible","floor":44},{"not_picked":["theMarked:AttractMetal","theMarked:HeightenedSenses"],"picked":"theMarked:SwordAndMagic+1","floor":45},{"not_picked":["theMarked:Seal","theMarked:ChainLightning+1"],"picked":"theMarked:RogueSparks+1","floor":46},{"not_picked":["theMarked:ChannelForce","theMarked:Standoff"],"picked":"theMarked:TwofoldDefense+1","floor":48},{"not_picked":["theMarked:Convert","theMarked:ResourceFulStrike+1"],"picked":"theMarked:SwordAndMagic+1","floor":54}],"player_experience":489390,"relics_obtained":[{"floor":2,"key":"Eternal Feather"},{"floor":6,"key":"Omamori"},{"floor":8,"key":"aspiration:FetidBarrel"},{"floor":9,"key":"hubris:AstralHammer"},{"floor":12,"key":"wanderingMiniBosses:Blackblade"},{"floor":23,"key":"Mango"},{"floor":23,"key":"Durian"},{"floor":25,"key":"Mercury Hourglass"},{"floor":25,"key":"Orichalcum"},{"floor":29,"key":"theMarked:VonisonLock"},{"floor":29,"key":"aspiration:AnachronicSnailShell"},{"floor":32,"key":"Simple Rune"},{"floor":40,"key":"hubris:SlimyHat"},{"floor":40,"key":"hubris:DeckOfHolding"},{"floor":43,"key":"Replay:WaspNest"},{"floor":44,"key":"Replay:Baseball"},{"floor":44,"key":"aspiration:SeaSaltIceCream"},{"floor":48,"key":"Torii"},{"floor":48,"key":"hubris:BottledRain"},{"floor":54,"key":"hubris:MedicalManual"},{"floor":54,"key":"White Beast Statue"}],"event_choices":[{"damage_healed":42,"gold_gain":0,"player_choice":"Embrace","damage_taken":0,"max_hp_gain":0,"max_hp_loss":70,"event_name":"betterThird:BetterShining","floor":5,"gold_loss":0},{"damage_healed":0,"gold_gain":0,"player_choice":"Trade","damage_taken":0,"relics_obtained":["FaceOfCleric"],"max_hp_gain":0,"max_hp_loss":0,"event_name":"FaceTrader","floor":10,"gold_loss":0}],"is_beta":false,"boss_relics":[{"not_picked":["theMarked:BronzeBlade","aspiration:SilentSkillbook"],"picked":"Black Star"},{"not_picked":["hubris:ScarierMask","hubris:Stopwatch"],"picked":"Replay:Wanted Poster"}],"items_purged_floors":[14],"is_endless":false,"potions_floor_spawned":[6,12,16,21,22,23,25,31,35,40,45,48,54],"ascension_level":1}}