{"host":"iittsup1ixgwip8e","time":1612133896,"event":{"mods":["A Magickal Journey","Aspiration","BaseMod","Challenge The Spire","Clockwork Mod","Colored Powertips","Conspire","Downfall","Energized Spire","Exacting","GifTheSpireLib","Halation","Hermit","Hubris","Infinite Spire","Mari Mod (Legacy)","Mari\u0027s V1 Patch","Marisa????????","Mimic Mod","Minty Spire (QoL Compilation)","Quick Restart","READ ME - Guardian Mod","Reliquary","Replay The Spire","Shop Mod","Spikes Relics","Spire Arcade","StSLib","Stuff the Spire","The Animator","The Cursed","The Disciple","The Jungle","The Marked","The Runesmith","The Servant 0.9.4","The Valiant","The Vixen"],"gold_per_floor":[115,115,143,43,86,147,117,163,227,227,272,272,312,360,360,385,385],"floor_reached":16,"language":"ENG","playtime":2331,"items_purged":[],"score":135,"play_id":"80b29bb2-3bf0-4c77-9428-d08ff7e82be3","local_time":"20210131175816","is_ascension_mode":false,"campfire_choices":[{"floor":12,"key":"RECALL"},{"floor":15,"key":"REST"}],"circlet_count":0,"master_deck":["Strike_B","Strike_B","Strike_B","Strike_B","Defend_B","Defend_B","Defend_B","Defend_B","Zap","Dualcast","Slimebound:CorrosiveSpit","Strike_Valiant","Doom and Gloom","Redo","conspire:SpireCoStock","conspire:SpireCoStock","Self Repair","Cold Snap","Creative AI","BasicCrystalCard","FIFO Queue","Panic Button","White Noise"],"relics":["Cracked Core","FossilizedHelix","Winged Necklace","Question Card","MiniBlackHole"],"acts_visited":["Exordium"],"potions_floor_usage":[8,11,14,14,16],"damage_taken":[{"damage":1,"enemies":"Cultist","floor":1,"turns":3},{"damage":4,"enemies":"conspire:RoseBush","floor":3,"turns":3},{"damage":14,"enemies":"Jaw Worm","floor":5,"turns":4},{"damage":40,"enemies":"Lagavulin","floor":6,"turns":6},{"damage":0,"enemies":"Gremlin Nob","floor":8,"turns":3},{"damage":3,"enemies":"Exordium Wildlife","floor":9,"turns":5},{"damage":30,"enemies":"Exordium Wildlife","floor":11,"turns":7},{"damage":0,"enemies":"Large Slime","floor":13,"turns":9},{"damage":20,"enemies":"Large Slime","floor":14,"turns":7},{"damage":47,"enemies":"Hexaghost","floor":16,"turns":11}],"seed_played":"-8216334306732803148","potions_obtained":[{"floor":6,"key":"champ:CounterPotion"},{"floor":7,"key":"DuplicationPotion"},{"floor":7,"key":"conspire:TimeTravelPotion"},{"floor":8,"key":"Elixir"},{"floor":11,"key":"sneckomod:MuddlingPotion"}],"is_trial":false,"path_per_floor":["M","T","M","?","M","E","?","E","MIM","?","M","R","MIM","M","R","B"],"character_chosen":"DEFECT","items_purchased":[],"campfire_rested":1,"item_purchase_floors":[],"current_hp_per_floor":[88,88,84,84,70,37,37,44,48,48,18,18,25,26,52,5,5],"gold":385,"neow_bonus":"TWENTY_PERCENT_HP_BONUS","is_daily":false,"chose_seed":false,"campfire_upgraded":0,"win_rate":0.0,"timestamp":1612133896,"path_taken":["M","?","?","?","M","E","?","E","MIM","?","?","R","?","M","R","BOSS"],"items_purchased_type":[],"build_version":"2020-12-22","purchased_purges":0,"victory":false,"max_hp_per_floor":[89,89,89,89,89,89,89,89,89,89,89,89,89,89,89,89,89],"card_choices":[{"not_picked":["BasicCrystalCard","ReplayTheSpireMod:Repulse"],"picked":"Doom and Gloom","floor":1},{"not_picked":["Doom and Gloom","FTL"],"picked":"Redo","floor":3},{"not_picked":["BasicCrystalCard","hubris:Ukulele"],"picked":"Self Repair","floor":5},{"not_picked":["StuffTheSpire:CleanHardDrive","Streamline"],"picked":"Cold Snap","floor":6},{"not_picked":["StuffTheSpire:LoadUp","Leap"],"picked":"Creative AI","floor":8},{"not_picked":["Melter","Stack","Leap"],"picked":"BasicCrystalCard","floor":9},{"not_picked":["RefreshScreen","Ball Lightning","Skim"],"picked":"FIFO Queue","floor":11},{"not_picked":["Barrage","Hologram","Sweeping Beam"],"picked":"Panic Button","floor":13},{"not_picked":["StuffTheSpire:ShieldGenerator","Redo","FIFO Queue"],"picked":"White Noise","floor":14}],"player_experience":137882,"relics_obtained":[{"floor":2,"key":"FossilizedHelix"},{"floor":6,"key":"Winged Necklace"},{"floor":8,"key":"Question Card"},{"floor":13,"key":"MiniBlackHole"}],"event_choices":[{"damage_healed":0,"gold_gain":0,"player_choice":"Invest 2","damage_taken":0,"max_hp_gain":0,"max_hp_loss":0,"event_name":"conspire:Investor","floor":4,"gold_loss":0},{"damage_healed":0,"gold_gain":0,"player_choice":"Bought 2 Potions","damage_taken":0,"max_hp_gain":0,"max_hp_loss":0,"event_name":"The Woman in Blue","floor":7,"gold_loss":0},{"damage_healed":0,"gold_gain":0,"player_choice":"Ignored","damage_taken":0,"max_hp_gain":0,"max_hp_loss":0,"event_name":"NoteForYourself","floor":10,"gold_loss":0}],"is_beta":false,"boss_relics":[],"items_purged_floors":[],"is_endless":false,"potions_floor_spawned":[6,8,11],"killed_by":"Hexaghost","ascension_level":0}}