{"host":"2js2pxuugveqjuf7","time":1612056003,"event":{"mods":["BaseMod","Colored Map","Minty Spire (QoL Compilation)","Quick Restart","Random Character Button","Relic Stats","StSLib"],"gold_per_floor":[114,114,16,16,31,65,65,65,88,98,115,125,142,172,172,296,296,266,266,12,12,12,12,12,111,193,193,193,227,10,22,22,120,120,139,193,243,259,286,286,318,593,619,49,66,78,2,80,80,80,80,80,5,34,34],"floor_reached":56,"language":"ENG","playtime":6655,"items_purged":["Strike_B","Defend_B","Regret"],"score":1606,"play_id":"9d810ef7-97d0-4c0c-91b5-4317a5e726e9","local_time":"20210130192003","is_ascension_mode":true,"campfire_choices":[{"data":"Darkness","floor":7.0,"key":"SMITH"},{"floor":15.0,"key":"REST"},{"data":"Defragment","floor":23.0,"key":"SMITH"},{"floor":28.0,"key":"REST"},{"data":"Chill","floor":32.0,"key":"SMITH"},{"data":"Buffer","floor":40.0,"key":"SMITH"},{"floor":49.0,"key":"RECALL"},{"data":"Darkness","floor":52.0,"key":"SMITH"}],"circlet_count":0,"master_deck":["Strike_B","Strike_B","Defend_B","Defend_B","Zap","Dualcast","Recycle","Barrage","Compile Driver","Darkness+1","Defragment+1","Creative AI","Dramatic Entrance","Buffer+1","Capacitor","Redo","Conserve Battery","White Noise","Force Field","Echo Form","Sweeping Beam","Writhe","Loop+1","Chill+1","Glacier","Creative AI+1","Static Discharge+1","Storm+1","Conserve Battery+1","Defragment+1","Loop+1","Fission","Secret Technique","Static Discharge+1","Lockon","Reboot","Hologram","Ball Lightning+1","Darkness+1","White Noise","Defragment+1","Rainbow","Backflip+1"],"relics":["FrozenCore","NeowsBlessing","Tiny Chest","Bag of Marbles","Dream Catcher","MutagenicStrength","Runic Capacitor","Akabeko","Bird Faced Urn","Frozen Egg 2","The Courier","Cables","Membership Card","Bottled Tornado","Busted Crown","Gambling Chip","StoneCalendar","Blood Vial","Boot","DollysMirror","Emotion Chip","PrismaticShard","Singing Bowl","DataDisk"],"acts_visited":["Exordium","TheCity","TheBeyond","TheEnding"],"potions_floor_usage":[55,55],"damage_taken":[{"damage":0.0,"enemies":"2 Louse","floor":1.0,"turns":1.0},{"damage":0.0,"enemies":"Jaw Worm","floor":5.0,"turns":1.0},{"damage":0.0,"enemies":"Gremlin Nob","floor":6.0,"turns":1.0},{"damage":6.0,"enemies":"Cultist","floor":10.0,"turns":3.0},{"damage":4.0,"enemies":"Blue Slaver","floor":11.0,"turns":3.0},{"damage":17.0,"enemies":"Red Slaver","floor":12.0,"turns":4.0},{"damage":7.0,"enemies":"Large Slime","floor":13.0,"turns":4.0},{"damage":21.0,"enemies":"3 Sentries","floor":14.0,"turns":6.0},{"damage":0.0,"enemies":"Slime Boss","floor":16.0,"turns":6.0},{"damage":30.0,"enemies":"2 Thieves","floor":18.0,"turns":5.0},{"damage":26.0,"enemies":"Gremlin Leader","floor":29.0,"turns":5.0},{"damage":0.0,"enemies":"Spheric Guardian","floor":31.0,"turns":6.0},{"damage":26.0,"enemies":"Collector","floor":33.0,"turns":7.0},{"damage":6.0,"enemies":"Orb Walker","floor":35.0,"turns":6.0},{"damage":34.0,"enemies":"2 Orb Walkers","floor":36.0,"turns":5.0},{"damage":0.0,"enemies":"Mind Bloom Boss Battle","floor":37.0,"turns":9.0},{"damage":8.0,"enemies":"3 Shapes","floor":38.0,"turns":3.0},{"damage":26.0,"enemies":"Nemesis","floor":41.0,"turns":5.0},{"damage":29.0,"enemies":"Spire Growth","floor":45.0,"turns":5.0},{"damage":12.0,"enemies":"3 Darklings","floor":46.0,"turns":3.0},{"damage":47.0,"enemies":"Donu and Deca","floor":50.0,"turns":6.0},{"damage":19.0,"enemies":"Shield and Spear","floor":54.0,"turns":5.0},{"damage":94,"enemies":"The Heart","floor":55,"turns":5}],"seed_played":"8844598944125012673","potions_obtained":[{"floor":6.0,"key":"Block Potion"},{"floor":12.0,"key":"LiquidMemories"},{"floor":13.0,"key":"BlessingOfTheForge"},{"floor":14.0,"key":"ColorlessPotion"},{"floor":18.0,"key":"LiquidMemories"},{"floor":29.0,"key":"PowerPotion"},{"floor":33.0,"key":"Explosive Potion"},{"floor":35.0,"key":"Strength Potion"},{"floor":36.0,"key":"Fruit Juice"},{"floor":41.0,"key":"ColorlessPotion"},{"floor":46.0,"key":"FocusPotion"}],"is_trial":false,"path_per_floor":["M","?","$","?","M","E","R","?","T","M","M","M","M","E","R","B",null,"M","?","$","T","?","R","?","?","T","T","R","E","$","M","R","B",null,"M","?","?","M","T","R","E","?","T","$","M","M","$","T","R","B",null,"R","$","E","B",null],"character_chosen":"DEFECT","items_purchased":["Barrage","Runic Capacitor","Membership Card","Bottled Tornado","DollysMirror","Emotion Chip","Loop+1","Fission","Secret Technique","Static Discharge+1","Strength Potion","EssenceOfDarkness","Lockon","Reboot","Hologram","PrismaticShard","White Noise","Defragment+1","Rainbow"],"campfire_rested":2,"item_purchase_floors":[3,20,30,30,44,44,44,44,44,44,44,44,44,44,44,47,47,53,53],"current_hp_per_floor":[68,61,61,61,61,61,61,61,61,55,51,34,27,6,28,28,63,33,33,33,33,33,33,19,19,19,19,43,35,35,53,53,47,72,80,56,80,80,80,80,76,76,76,81,66,66,66,66,66,49,76,76,76,81,9],"gold":34,"neow_bonus":"THREE_ENEMY_KILL","is_daily":false,"chose_seed":false,"campfire_upgraded":5,"win_rate":0.0,"timestamp":1612056003,"path_taken":["M","?","?","?","?","E","R","?","T","M","M","M","?","E","R","BOSS","M","?","$","?","?","R","?","?","T","?","R","E","?","M","R","BOSS","M","?","?","M","?","R","E","?","T","$","?","M","?","?","R","BOSS","R","$","E","BOSS"],"items_purchased_type":["Card","Relic","Relic","Relic","Relic","Relic","Card","Card","Card","Card","Potion","Potion","Card","Card","Card","Relic","Card","Card","Card"],"build_version":"2020-12-22","purchased_purges":3,"victory":true,"max_hp_per_floor":[75,75,75,75,75,75,75,75,75,75,75,75,75,75,75,75,75,75,75,75,75,75,75,80,80,80,80,80,80,80,80,80,80,80,80,80,80,80,80,80,80,80,80,85,85,85,85,85,85,85,85,85,85,85,85],"relic_stats":{"Singing Bowl":0,"counters":[23,101],"StoneCalendar":[0],"Boot":[13],"FrozenCore":[39],"Cables":[67,25,41,1,0],"Blood Vial":10,"Dream Catcher":2,"Emotion Chip":[65,45,14,6,0],"Busted Crown":16,"Bird Faced Urn":[226],"Gambling Chip":[7],"Tiny Chest":4,"obtain_stats":[{"Singing Bowl":48,"StoneCalendar":37,"Runic Capacitor":20,"Bottled Tornado":30,"Boot":43,"PrismaticShard":47,"FrozenCore":17,"Blood Vial":41,"Dream Catcher":14,"Emotion Chip":44,"DollysMirror":44,"Gambling Chip":36,"Tiny Chest":6,"Cracked Core":0,"NeowsBlessing":0,"The Courier":27,"Frozen Egg 2":26,"Akabeko":21,"Cables":29,"DataDisk":54,"Busted Crown":34,"MutagenicStrength":19,"Bird Faced Urn":22,"Bag of Marbles":9,"Membership Card":30},{"Singing Bowl":20,"StoneCalendar":16,"Runic Capacitor":10,"Bottled Tornado":11,"Boot":18,"PrismaticShard":20,"FrozenCore":9,"Blood Vial":18,"Dream Catcher":8,"Emotion Chip":18,"DollysMirror":18,"Gambling Chip":15,"Tiny Chest":3,"Cracked Core":0,"NeowsBlessing":0,"The Courier":10,"Frozen Egg 2":10,"Akabeko":10,"Cables":11,"DataDisk":22,"Busted Crown":13,"MutagenicStrength":10,"Bird Faced Urn":10,"Bag of Marbles":3,"Membership Card":11},{"Singing Bowl":88,"StoneCalendar":72,"Runic Capacitor":34,"Bottled Tornado":39,"Boot":80,"PrismaticShard":88,"FrozenCore":29,"Blood Vial":80,"Dream Catcher":23,"Emotion Chip":80,"DollysMirror":80,"Gambling Chip":63,"Tiny Chest":3,"Cracked Core":0,"NeowsBlessing":0,"The Courier":34,"Frozen Egg 2":34,"Akabeko":34,"Cables":39,"DataDisk":97,"Busted Crown":52,"MutagenicStrength":34,"Bird Faced Urn":34,"Bag of Marbles":3,"Membership Card":39}]},"card_choices":[{"not_picked":["Barrage","Beam Cell"],"picked":"Recycle","floor":1.0},{"not_picked":["Rip and Tear","Redo"],"picked":"Compile Driver","floor":5.0},{"not_picked":["Steam","Compile Driver"],"picked":"Darkness","floor":6.0},{"not_picked":["Aggregate","Ball Lightning"],"picked":"Buffer","floor":10.0},{"not_picked":["Gash","Compile Driver"],"picked":"Capacitor","floor":11.0},{"not_picked":["Stack","Auto Shields"],"picked":"Redo","floor":12.0},{"not_picked":["Steam","Streamline"],"picked":"Conserve Battery","floor":13.0},{"not_picked":["Self Repair","Compile Driver"],"picked":"White Noise","floor":14.0},{"not_picked":["Double Energy","Compile Driver"],"picked":"Force Field","floor":15.0},{"not_picked":["Fission","Seek"],"picked":"Echo Form","floor":16.0},{"not_picked":["Gash","Steam+1"],"picked":"Sweeping Beam","floor":18.0},{"not_picked":["Skim","Darkness"],"picked":"Loop+1","floor":28.0},{"not_picked":["Coolheaded","Melter"],"picked":"Chill","floor":29.0},{"not_picked":["Stack","Go for the Eyes"],"picked":"Glacier","floor":31.0},{"not_picked":["Seek","Thunder Strike"],"picked":"Creative AI+1","floor":33.0},{"not_picked":[],"picked":"Static Discharge+1","floor":35.0},{"not_picked":[],"picked":"Storm+1","floor":37.0},{"not_picked":["Streamline"],"picked":"SKIP","floor":38.0},{"not_picked":[],"picked":"Conserve Battery+1","floor":41.0},{"not_picked":[],"picked":"Ball Lightning+1","floor":45.0},{"not_picked":[],"picked":"Darkness","floor":46.0},{"not_picked":[],"picked":"Backflip+1","floor":54.0}],"player_experience":333954,"relics_obtained":[{"floor":6.0,"key":"Tiny Chest"},{"floor":9.0,"key":"Bag of Marbles"},{"floor":14.0,"key":"Dream Catcher"},{"floor":21.0,"key":"Akabeko"},{"floor":26.0,"key":"Frozen Egg 2"},{"floor":27.0,"key":"The Courier"},{"floor":29.0,"key":"Cables"},{"floor":36.0,"key":"Gambling Chip"},{"floor":37.0,"key":"StoneCalendar"},{"floor":41.0,"key":"Blood Vial"},{"floor":43.0,"key":"Boot"},{"floor":48.0,"key":"Singing Bowl"},{"floor":54.0,"key":"DataDisk"}],"event_choices":[{"cards_removed":["Defend_B"],"damage_healed":0.0,"max_hp_gain":0.0,"max_hp_loss":0.0,"gold_gain":0.0,"event_name":"Golden Wing","player_choice":"Card Removal","floor":2.0,"gold_loss":0.0,"damage_taken":7.0},{"cards_removed":["Strike_B"],"damage_healed":0.0,"max_hp_gain":0.0,"max_hp_loss":0.0,"gold_gain":0.0,"event_name":"Bonfire Elementals","player_choice":"Offered Basic","floor":4.0,"gold_loss":0.0,"damage_taken":0.0},{"damage_healed":0.0,"max_hp_gain":0.0,"max_hp_loss":0.0,"gold_gain":0.0,"event_name":"Match and Keep!","player_choice":"3 cards matched","floor":8.0,"gold_loss":0.0,"damage_taken":0.0,"cards_obtained":["Defragment","Creative AI","Dramatic Entrance"]},{"damage_healed":0.0,"max_hp_gain":0.0,"max_hp_loss":0.0,"gold_gain":0.0,"event_name":"Drug Dealer","player_choice":"Inject Mutagens","floor":19.0,"gold_loss":0.0,"damage_taken":0.0,"relics_obtained":["MutagenicStrength"]},{"damage_healed":0.0,"max_hp_gain":0.0,"max_hp_loss":0.0,"gold_gain":0.0,"event_name":"The Mausoleum","player_choice":"Opened","floor":22.0,"gold_loss":0.0,"damage_taken":0.0,"relics_obtained":["Bird Faced Urn"],"cards_obtained":["Writhe"]},{"damage_healed":0.0,"max_hp_gain":5.0,"max_hp_loss":0.0,"gold_gain":0.0,"event_name":"Forgotten Altar","player_choice":"Shed Blood","floor":24.0,"gold_loss":0.0,"damage_taken":19.0},{"damage_healed":0.0,"max_hp_gain":0.0,"max_hp_loss":0.0,"gold_gain":99.0,"event_name":"Nest","player_choice":"Stole From Cult","floor":25.0,"gold_loss":0.0,"damage_taken":0.0},{"damage_healed":0.0,"max_hp_gain":0.0,"max_hp_loss":0.0,"gold_gain":0.0,"event_name":"Mysterious Sphere","player_choice":"Fight","floor":36.0,"gold_loss":0.0,"damage_taken":0.0},{"damage_healed":0.0,"max_hp_gain":0.0,"max_hp_loss":0.0,"gold_gain":0.0,"event_name":"MindBloom","player_choice":"Fight","floor":37.0,"gold_loss":0.0,"damage_taken":0.0},{"damage_healed":0.0,"max_hp_gain":0.0,"max_hp_loss":0.0,"gold_gain":275.0,"event_name":"Golden Shrine","player_choice":"Desecrate","floor":42.0,"gold_loss":0.0,"damage_taken":0.0,"cards_obtained":["Regret"]}],"is_beta":false,"boss_relics":[{"not_picked":["Runic Dome","Sozu"],"picked":"FrozenCore"},{"not_picked":["SacredBark","Cursed Key"],"picked":"Busted Crown"}],"items_purged_floors":[3,20,44],"is_endless":false,"potions_floor_spawned":[6,12,13,14,18,29,33,35,36,41,45,46],"ascension_level":7}}