{"host":"xp5rvh2jwe2ejyfm","time":1612128108,"event":{"mods":["Aspiration","BaseMod","BetterRewards","Colored Powertips","Conspire","Downfall","Duelist Mod","GifTheSpireLib","Gremlin Mod","Hermit","Hubris","Minty Spire (QoL Compilation)","Robot Space Explorer","StSLib","The Blackbeard","The Clintock","The Construct","The Cursed","The Disciple","The Forsaken","The Hierophant","The Necromancer","The Runesmith","The Servant 0.9.4"],"gold_per_floor":[109,123,198,208,218,248,266,266,266],"floor_reached":8,"language":"ENG","playtime":327,"items_purged":[],"score":60,"play_id":"6127f78d-4054-4be7-9f7d-a5911a8a0a03","local_time":"20210131162148","is_ascension_mode":false,"campfire_choices":[],"circlet_count":0,"master_deck":["TheCursedMod:Strike_TheCursed","TheCursedMod:Strike_TheCursed","TheCursedMod:Strike_TheCursed","TheCursedMod:Strike_TheCursed","TheCursedMod:Defend_TheCursed","TheCursedMod:Defend_TheCursed","TheCursedMod:Defend_TheCursed","TheCursedMod:Defend_TheCursed","TheCursedMod:CursedWand","TheCursedMod:CleanUpWorkshop","TheCursedMod:Dregs","TheCursedMod:ManaBullet","TheCursedMod:FuryStrike","TheCursedMod:SpreadPlague","TheCursedMod:SmokeScreen","TheCursedMod:CircleOfCorruption","TheCursedMod:ForbiddenAlchemy"],"relics":["TheCursedMod:BlackMagic101","aspiration:Nostalgia","PureWater","Slimebound:StickyStick"],"acts_visited":["Exordium"],"potions_floor_usage":[6,8,8,8,8,8,8],"damage_taken":[{"damage":0,"enemies":"2 Louse","floor":1,"turns":2},{"damage":1,"enemies":"Jaw Worm","floor":2,"turns":3},{"damage":0,"enemies":"Cultist","floor":4,"turns":3},{"damage":12,"enemies":"Exordium Thugs","floor":5,"turns":4},{"damage":21,"enemies":"Gremlin Nob","floor":6,"turns":5},{"damage":4,"enemies":"Large Slime","floor":7,"turns":6},{"damage":31,"enemies":"Lagavulin","floor":8,"turns":3}],"seed_played":"5426985705129314280","potions_obtained":[{"floor":1,"key":"LiquidBronze"},{"floor":4,"key":"Fire Potion"},{"floor":7,"key":"hexamod:SoulburnPotion"}],"is_trial":false,"path_per_floor":["M","M","?","M","M","E","M","E"],"character_chosen":"THE_CURSED","items_purchased":[],"campfire_rested":0,"item_purchase_floors":[],"current_hp_per_floor":[75,74,63,63,51,30,26,0,0],"gold":266,"neow_bonus":"NOSTALGIA","is_daily":false,"chose_seed":false,"campfire_upgraded":0,"win_rate":0.0,"timestamp":1612128108,"path_taken":["M","M","?","M","M","E","M","E"],"items_purchased_type":[],"build_version":"2020-12-22","purchased_purges":0,"victory":false,"max_hp_per_floor":[75,75,75,75,75,75,75,75,75],"card_choices":[{"not_picked":["TheCursedMod:Evocation","TheCursedMod:AshesToAshes"],"picked":"TheCursedMod:ManaBullet","floor":1},{"not_picked":["TheCursedMod:FleshFromBone","TheCursedMod:RavingStaff"],"picked":"TheCursedMod:FuryStrike","floor":2},{"not_picked":["TheCursedMod:CircleOfFocus","TheCursedMod:RapidMovement"],"picked":"TheCursedMod:SpreadPlague","floor":4},{"not_picked":["TheCursedMod:SaltUponWound","TheCursedMod:CursedAmulet"],"picked":"TheCursedMod:SmokeScreen","floor":5},{"not_picked":["TheCursedMod:Torture","TheCursedMod:CursedArmor"],"picked":"TheCursedMod:CircleOfCorruption","floor":6},{"not_picked":["TheCursedMod:SoulCrush","TheCursedMod:ReleasedStrength"],"picked":"TheCursedMod:ForbiddenAlchemy","floor":7}],"player_experience":369475,"relics_obtained":[{"floor":6,"key":"Slimebound:StickyStick"}],"event_choices":[{"damage_healed":0,"gold_gain":75,"player_choice":"Gather Gold","damage_taken":11,"max_hp_gain":0,"max_hp_loss":0,"event_name":"World of Goop","floor":3,"gold_loss":0}],"is_beta":false,"boss_relics":[],"items_purged_floors":[],"is_endless":false,"potions_floor_spawned":[1,4,7],"killed_by":"Lagavulin","ascension_level":0}}