{"host":"yx5rao87132cy5xq","time":1612089271,"event":{"mods":["2.2 Compatiblity","AchievementEnabler","BaseMod","Bestiary","Colored Map","Colored Powertips","Minty Spire (QoL Compilation)","Quick Restart","Relic Stats","Slay-I","SuperFastMode"],"gold_per_floor":[113,113,132,132,147,175,175,175,202,30,108,143,166,166,166,246,255,282,282,282,17,26,51,51,77,153,187,207,207,207],"floor_reached":29,"language":"ENG","playtime":4496,"items_purged":["Armaments"],"score":477,"play_id":"4f4a1001-58e1-4a68-8979-51b78b1b4e1c","local_time":"20210131113431","is_ascension_mode":true,"campfire_choices":[{"data":"Uppercut","floor":7.0,"key":"SMITH"},{"data":"Double Tap","floor":15.0,"key":"SMITH"},{"floor":24,"key":"REST"}],"circlet_count":0,"master_deck":["AscendersBane","Strike_R+1","Strike_R+1","Strike_R+1","Strike_R+1","Strike_R+1","Defend_R+1","Defend_R+1","Defend_R+1","Defend_R+1","Bash","Uppercut+1","Hemokinesis","Double Tap+1","Feel No Pain","Berserk","CurseOfTheBell","Disarm","Apotheosis","Power Through","Cleave","Rupture","Brutality","Intimidate+1"],"relics":["Burning Blood","Akabeko","CeramicFish","Lee\u0027s Waffle","Strawberry","Calling Bell","Bronze Scales","Eternal Feather","Ginger","Blue Candle","Toy Ornithopter"],"acts_visited":["Exordium","TheCity"],"potions_floor_usage":[25,27],"damage_taken":[{"damage":8.0,"enemies":"Jaw Worm","floor":1.0,"turns":5.0},{"damage":1.0,"enemies":"2 Louse","floor":3.0,"turns":4.0},{"damage":6.0,"enemies":"Small Slimes","floor":5.0,"turns":3.0},{"damage":21.0,"enemies":"Lagavulin","floor":6.0,"turns":5.0},{"damage":14.0,"enemies":"Gremlin Nob","floor":12.0,"turns":3.0},{"damage":7.0,"enemies":"Blue Slaver","floor":13.0,"turns":2.0},{"damage":50.0,"enemies":"Hexaghost","floor":16.0,"turns":11.0},{"damage":12,"enemies":"Chosen","floor":18,"turns":4},{"damage":0,"enemies":"3 Byrds","floor":23,"turns":3},{"damage":45,"enemies":"Cultist and Chosen","floor":25,"turns":7},{"damage":14,"enemies":"Book of Stabbing","floor":27,"turns":5},{"damage":18,"enemies":"Snecko","floor":28,"turns":5},{"damage":37,"enemies":"Slavers","floor":29,"turns":3}],"seed_played":"2112209850632603050","potions_obtained":[{"floor":5.0,"key":"SpeedPotion"},{"floor":6.0,"key":"Dexterity Potion"},{"floor":12.0,"key":"ColorlessPotion"}],"is_trial":false,"path_per_floor":["M","?","M","?","M","E","R","?","T","$","?","E","M","?","R","B",null,"M","?","?","$","?","M","R","M","T","E","M","E"],"character_chosen":"IRONCLAD","items_purchased":["Lee\u0027s Waffle","Apotheosis"],"campfire_rested":1,"item_purchase_floors":[10,21],"current_hp_per_floor":[73,73,78,53,53,38,38,38,38,89,89,88,87,87,87,43,83,77,77,48,48,48,54,96,57,57,49,37,0,0],"gold":207,"neow_bonus":"TEN_PERCENT_HP_BONUS","is_daily":false,"chose_seed":false,"campfire_upgraded":2,"win_rate":0.0,"timestamp":1612089271,"path_taken":["M","?","M","?","M","E","R","?","T","$","?","E","M","?","R","BOSS","M","?","?","$","?","M","R","?","T","E","M","E"],"items_purchased_type":["Relic","Card"],"build_version":"2020-12-22","purchased_purges":1,"victory":false,"max_hp_per_floor":[82,82,82,82,82,82,82,82,82,89,89,96,96,96,96,96,96,96,96,101,101,101,101,101,101,101,101,101,101,101],"relic_stats":{"Lee\u0027s Waffle":51,"counters":[13,59],"CeramicFish":99,"Bronze Scales":[148],"Blue Candle":[0],"Eternal Feather":12,"Ginger":[11],"obtain_stats":[{"Calling Bell":17,"Lee\u0027s Waffle":10,"CeramicFish":9,"Strawberry":12,"Bronze Scales":17,"Blue Candle":26,"Eternal Feather":17,"Ginger":17,"Burning Blood":0,"Akabeko":6,"Toy Ornithopter":27},{"Calling Bell":7,"Lee\u0027s Waffle":4,"CeramicFish":4,"Strawberry":5,"Bronze Scales":7,"Blue Candle":10,"Eternal Feather":7,"Ginger":7,"Burning Blood":0,"Akabeko":4,"Toy Ornithopter":11},{"Calling Bell":33,"Lee\u0027s Waffle":17,"CeramicFish":17,"Strawberry":20,"Bronze Scales":33,"Blue Candle":47,"Eternal Feather":33,"Ginger":33,"Burning Blood":0,"Akabeko":17,"Toy Ornithopter":52}],"Burning Blood":72,"Toy Ornithopter":0},"card_choices":[{"not_picked":["Twin Strike","Burning Pact"],"picked":"Uppercut","floor":1.0},{"not_picked":["Body Slam","Havoc"],"picked":"Hemokinesis","floor":3.0},{"not_picked":["Clothesline","Sentinel"],"picked":"Anger","floor":5.0},{"not_picked":["Wild Strike","Clash"],"picked":"Double Tap","floor":6.0},{"not_picked":["Twin Strike","Carnage"],"picked":"Armaments","floor":12.0},{"not_picked":["Uppercut","Dual Wield"],"picked":"Feel No Pain","floor":13.0},{"not_picked":["Bludgeon","Feed"],"picked":"Berserk","floor":16.0},{"not_picked":["Havoc","Body Slam"],"picked":"Disarm","floor":18},{"not_picked":["Rampage","Clash"],"picked":"Cleave","floor":23},{"not_picked":["Evolve","Havoc"],"picked":"Rupture","floor":25},{"not_picked":["Burning Pact","Clash"],"picked":"Brutality","floor":27},{"not_picked":["Armaments","Wild Strike"],"picked":"Intimidate+1","floor":28}],"player_experience":926956,"relics_obtained":[{"floor":6.0,"key":"Akabeko"},{"floor":9.0,"key":"CeramicFish"},{"floor":12.0,"key":"Strawberry"},{"floor":17.0,"key":"Bronze Scales"},{"floor":17.0,"key":"Eternal Feather"},{"floor":17.0,"key":"Ginger"},{"floor":26,"key":"Blue Candle"},{"floor":27,"key":"Toy Ornithopter"}],"event_choices":[{"damage_healed":0.0,"max_hp_gain":0.0,"max_hp_loss":0.0,"gold_gain":0.0,"event_name":"The Cleric","player_choice":"Leave","floor":2.0,"gold_loss":0.0,"damage_taken":0.0},{"damage_healed":0.0,"max_hp_gain":0.0,"max_hp_loss":0.0,"gold_gain":0.0,"event_name":"Shining Light","player_choice":"Entered Light","floor":4.0,"gold_loss":0.0,"damage_taken":25.0,"cards_upgraded":["Defend_R","Strike_R"]},{"damage_healed":0.0,"max_hp_gain":0.0,"max_hp_loss":0.0,"gold_gain":0.0,"event_name":"Golden Idol","player_choice":"Ignored","floor":8.0,"gold_loss":0.0,"damage_taken":0.0},{"damage_healed":0.0,"max_hp_gain":0.0,"max_hp_loss":0.0,"gold_gain":78.0,"event_name":"Golden Wing","player_choice":"Gained Gold","floor":11.0,"gold_loss":0.0,"damage_taken":0.0},{"damage_healed":0.0,"max_hp_gain":0.0,"max_hp_loss":0.0,"gold_gain":0.0,"event_name":"Liars Game","player_choice":"Ignored","floor":14.0,"gold_loss":0.0,"damage_taken":0.0},{"damage_healed":0,"gold_gain":0,"player_choice":"Simplicity","damage_taken":0,"max_hp_gain":0,"max_hp_loss":0,"event_name":"Back to Basics","floor":19,"gold_loss":0,"cards_upgraded":["Strike_R","Strike_R","Strike_R","Strike_R","Defend_R","Defend_R","Defend_R"]},{"damage_healed":0,"gold_gain":0,"player_choice":"Shed Blood","damage_taken":34,"max_hp_gain":5,"max_hp_loss":0,"event_name":"Forgotten Altar","floor":20,"gold_loss":0},{"damage_healed":0,"gold_gain":0,"cards_transformed":["Anger"],"player_choice":"Transformed","damage_taken":0,"max_hp_gain":0,"max_hp_loss":0,"event_name":"Transmorgrifier","floor":22,"gold_loss":0,"cards_obtained":["Power Through"]}],"is_beta":false,"boss_relics":[{"not_picked":["Runic Dome","Pandora\u0027s Box"],"picked":"Calling Bell"}],"items_purged_floors":[21],"is_endless":false,"potions_floor_spawned":[5,6,12,23],"killed_by":"Slavers","ascension_level":16}}