{"host":"ei424ha2zqt1xblg","time":1612099777,"event":{"mods":["BaseMod","Downfall","Minty Spire (QoL Compilation)","MostiFishMod","StSLib","TestMod","Waifu the Spire","Yakumo Yukari mod","Yuyuko"],"gold_per_floor":[-1301,-1288,-1276,-1260,-1260,0,23,85,103,3,18,31,64,64,75,172,172,172,184,199,267,267,167,167,267,285,313,328,341,371,383,400,499,499,399,412,424,471,471,506,506,537,559,586,610,622,634,86,99,99,99,124,48,48,48,48],"floor_reached":57,"language":"ZHS","playtime":1663,"items_purged":["champ:Defend","champ:DeathBlow"],"score":1657,"play_id":"b93174bc-f3e3-4f79-8833-83d461df3fff","local_time":"20210131212937","is_ascension_mode":false,"campfire_choices":[{"data":"champ:Execute","floor":1.0,"key":"SMITH"},{"data":"champ:Taunt","floor":10.0,"key":"SMITH"},{"floor":18.0,"key":"RECALL"},{"data":"champ:ArenaPreparation","floor":23.0,"key":"SMITH"},{"data":"champ:Duel","floor":35,"key":"SMITH"},{"data":"expansioncontent:PolyBeam","floor":47,"key":"SMITH"},{"data":"champ:HoldFirm","floor":54,"key":"SMITH"}],"circlet_count":0,"master_deck":["champ:Strike","champ:Strike","champ:Strike","champ:Strike","champ:Defend","champ:Defend+1","champ:Defend+1","champ:Execute+1","champ:Taunt+1","champ:Duel+1","champ:FanOfKnives","champ:ArenaPreparation+1","champ:Backstep","champ:HoldFirm+1","champ:CalledShot","champ:SteelEdge","champ:SkillfulDodge","champ:TornadoPunch+1","champ:Haymaker+1","champ:Duel+1","expansioncontent:PolyBeam+1","champ:GladiatorStyle"],"relics":["champ:ChampionCrown","testmod-TestBox","DaveBox","SynthV:MejaisSoulstealer","testmod-IntensifyImprint","downfall:ShatteredFragment","War Paint","downfall:HeartBlessingBlue","Lantern","PatriotShield","ChiLing","Chi","Ling","Bag of Marbles","downfall:HeartBlessingRed","testmod-Antiphasic","testmod-Hope","testmod-Justice","FeatherPendant","downfall:HeartBlessingGreen","MostiFishMod:Haymaker","Singing Bowl","MawBank","testmod-FatalChain","testmod-Charity","Guardian:PocketSentry"],"acts_visited":["Exordium","TheCity","TheBeyond","TheEnding"],"potions_floor_usage":[56],"damage_taken":[{"damage":12.0,"enemies":"2 Louse","floor":2.0,"turns":2.0},{"damage":10.0,"enemies":"Jaw Worm","floor":3.0,"turns":3.0},{"damage":25.0,"enemies":"Cultist","floor":4.0,"turns":3.0},{"damage":25.0,"enemies":"downfall:FleeingMerchant","floor":6.0,"turns":4.0},{"damage":0.0,"enemies":"Gremlin Nob","floor":8.0,"turns":2.0},{"damage":10.0,"enemies":"2 Fungi Beasts","floor":9.0,"turns":2.0},{"damage":0.0,"enemies":"Red Slaver","floor":11.0,"turns":1.0},{"damage":5.0,"enemies":"Exordium Thugs","floor":12.0,"turns":3.0},{"damage":25.0,"enemies":"3 Sentries","floor":13.0,"turns":2.0},{"damage":0.0,"enemies":"3 Louse","floor":15.0,"turns":1.0},{"damage":25.0,"enemies":"IC_STATUS_ARCHETYPE","floor":16.0,"turns":6.0},{"damage":5.0,"enemies":"3 Byrds","floor":19.0,"turns":2.0},{"damage":0.0,"enemies":"Snecko","floor":20.0,"turns":1.0},{"damage":40.0,"enemies":"downfall:FleeingMerchant","floor":21.0,"turns":3.0},{"damage":0,"enemies":"Cultist and Chosen","floor":26,"turns":2},{"damage":2,"enemies":"Slavers","floor":27,"turns":1},{"damage":5,"enemies":"Snake Plant","floor":28,"turns":1},{"damage":6,"enemies":"3 Cultists","floor":29,"turns":2},{"damage":15,"enemies":"Gremlin Leader","floor":30,"turns":1},{"damage":1,"enemies":"Shelled Parasite and Fungi","floor":31,"turns":2},{"damage":1,"enemies":"Snake Plant","floor":32,"turns":1},{"damage":2,"enemies":"WA_ARCHETYPE_CALM","floor":33,"turns":2},{"damage":1,"enemies":"Orb Walker","floor":36,"turns":1},{"damage":1,"enemies":"3 Shapes","floor":37,"turns":1},{"damage":15,"enemies":"2 Orb Walkers","floor":38,"turns":2},{"damage":1,"enemies":"Reptomancer","floor":40,"turns":2},{"damage":22,"enemies":"Transient","floor":42,"turns":3},{"damage":0,"enemies":"Spire Growth","floor":43,"turns":1},{"damage":0,"enemies":"Sphere and 2 Shapes","floor":44,"turns":1},{"damage":0,"enemies":"4 Shapes","floor":45,"turns":1},{"damage":2,"enemies":"Maw","floor":49,"turns":1},{"damage":0,"enemies":"SI_POISON_ARCHETYPE","floor":50,"turns":2},{"damage":0,"enemies":"downfall:CharBossMerchant","floor":52,"turns":2},{"damage":6,"enemies":"downfall:NeowBoss","floor":55,"turns":5},{"damage":50,"enemies":"downfall:NeowBossFinal","floor":56,"turns":3}],"seed_played":"-6023932176953369792","potions_obtained":[{"floor":2.0,"key":"Swift Potion"},{"floor":3.0,"key":"Strength Potion"},{"floor":9.0,"key":"SteroidPotion"},{"floor":13.0,"key":"SteroidPotion"},{"floor":43,"key":"FearPotion"}],"is_trial":false,"path_per_floor":["R","M","M","M","?","$","T","?","M","R","M","M","E","?","M","B",null,"R","M","M","$","?","R","T","?","M","E","M","M","E","M","M","B",null,"R","M","M","?","?","E","T","M","M","M","M","?","R","$","M","B",null,"E","$","R","B","B",null],"character_chosen":"THE_CHAMP","items_purchased":["ChiLing","testmod-FatalChain","testmod-Charity","champ:GladiatorStyle"],"campfire_rested":0,"item_purchase_floors":[21,48,48,53],"current_hp_per_floor":[99,97,97,97,70,70,70,70,70,80,80,80,80,80,80,80,109,109,109,109,104,104,104,104,104,104,102,102,101,101,100,99,97,109,109,108,107,107,107,108,108,108,110,112,114,108,108,108,109,109,126,129,129,129,123,113],"gold":48,"neow_bonus":"TEN_PERCENT_HP_BONUS","is_daily":false,"chose_seed":false,"campfire_upgraded":6,"win_rate":0.0,"timestamp":1612099777,"path_taken":["R","M","M","M","?","$","T","?","M","R","M","M","E","?","M","BOSS","R","M","M","$","?","R","T","?","M","E","M","M","E","M","M","BOSS","R","M","M","?","?","E","T","M","M","?","M","?","R","$","M","BOSS","E","$","R","BOSS","BOSS"],"items_purchased_type":["Relic","Relic","Relic","Card"],"build_version":"2020-12-22","purchased_purges":2,"victory":true,"max_hp_per_floor":[99,99,99,99,99,99,99,99,99,109,109,109,109,109,109,109,109,109,109,109,109,109,109,109,109,109,109,109,109,109,109,109,109,109,109,109,109,109,109,111,111,113,115,117,119,123,123,123,126,126,126,129,129,129,129,129],"card_choices":[{"not_picked":["champ:PreemptiveStrike","champ:FocusedDefense"],"picked":"champ:Duel","floor":2.0},{"not_picked":["champ:Encircle","champ:Haymaker"],"picked":"champ:FanOfKnives","floor":3.0},{"not_picked":["champ:BladeFlurry","champ:CrownThrow"],"picked":"champ:DeathBlow","floor":4.0},{"not_picked":["champ:FlashCut","champ:PerfectedStrike"],"picked":"champ:ArenaPreparation","floor":6.0},{"not_picked":["champ:DefensiveShout","champ:ShieldWall"],"picked":"champ:Backstep","floor":8.0},{"not_picked":["champ:Backstep","champ:CrookedStrike","champ:GutPunch"],"picked":"SKIP","floor":9.0},{"not_picked":["champ:Circumvent","champ:ArenaPreparation"],"picked":"champ:HoldFirm","floor":11.0},{"not_picked":["champ:PreemptiveStrike","champ:PerfectedStrike","champ:RecklessLeap"],"picked":"SKIP","floor":12.0},{"not_picked":["champ:CrookedStrike","champ:Haymaker"],"picked":"champ:CalledShot","floor":13.0},{"not_picked":["champ:StanceDance","champ:IronFortress","champ:FaceSlap"],"picked":"SKIP","floor":15.0},{"not_picked":["champ:MurderStrike","champ:SwordThrow"],"picked":"champ:SteelEdge","floor":16.0},{"not_picked":["champ:AdrenalArmor","champ:FocusedBerserking+1","champ:Encircle"],"picked":"SKIP","floor":19.0},{"not_picked":["champ:FocusedDefense","champ:CrownThrow+1","champ:PerfectedStrike"],"picked":"SKIP","floor":20.0},{"not_picked":["champ:RapidStrikes+1","champ:CrownThrow","champ:StanceDance"],"picked":"SKIP","floor":21.0},{"not_picked":["champ:PreciseThrust+1","champ:Shatter"],"picked":"champ:SkillfulDodge","floor":26},{"not_picked":["champ:StanceDance","champ:Shatter","champ:BladeFlurry+1"],"picked":"SKIP","floor":27},{"not_picked":["champ:RapidStrikes","champ:Backstep+1"],"picked":"champ:TornadoPunch+1","floor":28},{"not_picked":["champ:BladeFlurry","champ:BringItOn+1","champ:VampiricStrike"],"picked":"SKIP","floor":29},{"not_picked":["champ:PreciseThrust","champ:FlashCut","champ:EndlessRage"],"picked":"SKIP","floor":30},{"not_picked":["champ:BringItOn+1","champ:DefensiveShout","champ:Haymaker"],"picked":"SKIP","floor":31},{"not_picked":["champ:GutPunch","champ:FocusedBerserking","champ:Backstep"],"picked":"SKIP","floor":32},{"not_picked":["champ:GutPunch","champ:BerserkersShout+1","champ:FlashCut+1"],"picked":"SKIP","floor":36},{"not_picked":["champ:GutPunch","champ:BerserkersShout+1","champ:FlashCut+1"],"picked":"SKIP","floor":36},{"not_picked":["champ:EnragedBash+1","champ:TornadoPunch","champ:Haymaker+1"],"picked":"SKIP","floor":37},{"not_picked":["champ:EnragedBash+1","champ:TornadoPunch"],"picked":"champ:Haymaker+1","floor":37},{"not_picked":["champ:IgnorePain","champ:HeartStrike","champ:GutPunch+1"],"picked":"Singing Bowl","floor":40},{"not_picked":["champ:Shatter","champ:CalledShot+1","champ:GutPunch+1"],"picked":"Singing Bowl","floor":42},{"not_picked":["champ:BladeFlurry+1","champ:TornadoPunch+1","champ:DefensiveShout"],"picked":"Singing Bowl","floor":43},{"not_picked":["champ:EnGarde+1","champ:PreemptiveStrike+1","champ:Parry+1"],"picked":"Singing Bowl","floor":44},{"not_picked":["champ:HeartStrike+1","champ:Haymaker","champ:IronFortress+1"],"picked":"Singing Bowl","floor":45},{"not_picked":["expansioncontent:Hexaburn","expansioncontent:GuardianWhirl"],"picked":"expansioncontent:PolyBeam","floor":46},{"not_picked":["expansioncontent:PrepareCrush","expansioncontent:YouAreMine","expansioncontent:HyperBeam"],"picked":"Singing Bowl","floor":46},{"not_picked":["expansioncontent:HyperBeam","expansioncontent:AwakenDeath","expansioncontent:DecaShield"],"picked":"Singing Bowl","floor":46},{"not_picked":["champ:UltimateStance","champ:GutPunch","champ:Circumvent"],"picked":"Singing Bowl","floor":49},{"not_picked":["champ:EnragedBash+1","champ:DeathBlow+1","champ:PreemptiveStrike"],"picked":"Singing Bowl","floor":52}],"player_experience":505924,"relics_obtained":[{"floor":13.0,"key":"Lantern"},{"floor":24.0,"key":"testmod-Antiphasic"},{"floor":27,"key":"testmod-Hope"},{"floor":30,"key":"testmod-Justice"},{"floor":38,"key":"MostiFishMod:Haymaker"},{"floor":40,"key":"Singing Bowl"},{"floor":41,"key":"MawBank"},{"floor":52,"key":"Guardian:PocketSentry"}],"event_choices":[{"damage_healed":0,"gold_gain":0,"player_choice":"Fight","damage_taken":0,"max_hp_gain":0,"max_hp_loss":0,"event_name":"Mysterious Sphere","floor":38,"gold_loss":0}],"is_beta":false,"boss_relics":[{"not_picked":["EE1DDrone","RhineFirstAidKit"],"picked":"PatriotShield"},{"not_picked":["SacredBark","testmod-BatchProcessingSystem"],"picked":"FeatherPendant"}],"items_purged_floors":[21,48],"is_endless":false,"potions_floor_spawned":[2,3,9,11,12,13,26,29,30,31,38,40,43,52],"ascension_level":0}}