{"host":"ed3mvzyt8tykicbm","time":1612067269,"event":{"mods":["AchievementEnabler","BaseMod","Colored Map","Colored Powertips","Googly Eyes","Minty Spire (QoL Compilation)","Quick Restart","Replay The Spire","StSLib","The Blackbeard"],"gold_per_floor":[116,116,133,133,133,133,133,133,147,177,200,217,217,228,284,310,310,409,409,428,428,498,517,517,547,558,574,600,68,68,48,65,91,91,190,190,209,209,209,223,235,280,280,296,296,296,316,333,187,201,201,201,201],"floor_reached":52,"language":"ENG","playtime":2931,"items_purged":[],"score":824,"play_id":"193c3c9e-d5f0-4944-bbeb-82bb89dde873","local_time":"20210130232749","is_ascension_mode":true,"campfire_choices":[{"data":"Barricade","floor":6.0,"key":"SMITH"},{"floor":13.0,"key":"REST"},{"floor":17.0,"key":"DIG"},{"floor":30.0,"key":"REST"},{"data":"Fire Breathing","floor":34.0,"key":"SMITH"},{"data":"Metallicize","floor":46.0,"key":"SMITH"},{"data":"Panacea","floor":51.0,"key":"SMITH"}],"circlet_count":0,"master_deck":["Strike_R+1","Strike_R+1","Strike_R+1","Defend_R","Defend_R+1","Defend_R+1","Bash","Metallicize+1","Headbutt","Barricade+1","Wild Strike","Fire Breathing+1","True Grit","Body Slam","Headbutt","Spot Weakness","Life Link","Demon Form","Clothesline+1","Carnage+1","Warcry","Uppercut","Power Through","Body Slam","ReplayReversal+1","Bash","Armaments+1","Parasite","Rage+1","ReplayReversal","Panacea+1"],"relics":["Black Blood","Dream Catcher","CaptainsWheel","War Paint","Replay:Rubber Ducky","ReplayTheSpireMod:Spearhead","Oddly Smooth Stone","Busted Crown","Replay:Bottled Eggs","Ice Cream","Tiny Chest","Another Sword","Toolbox","Anchor","ReplayTheSpireMod:Lightbulb","Mango"],"acts_visited":["Exordium","TheCity","TheBeyond"],"potions_floor_usage":[52,52],"damage_taken":[{"damage":1.0,"enemies":"Cultist","floor":1.0,"turns":3.0},{"damage":4.0,"enemies":"Small Slimes","floor":3.0,"turns":5.0},{"damage":0.0,"enemies":"Jaw Worm","floor":9.0,"turns":3.0},{"damage":51.0,"enemies":"3 Sentries","floor":10.0,"turns":12.0},{"damage":16.0,"enemies":"Exordium Thugs","floor":12.0,"turns":5.0},{"damage":0.0,"enemies":"Large Slime","floor":14.0,"turns":5.0},{"damage":16.0,"enemies":"Gremlin Nob","floor":15.0,"turns":5.0},{"damage":2.0,"enemies":"Gremlin Nob","floor":16.0,"turns":4.0},{"damage":0.0,"enemies":"Slime Boss","floor":18.0,"turns":11.0},{"damage":0.0,"enemies":"Spheric Guardian","floor":20.0,"turns":5.0},{"damage":12.0,"enemies":"3 Byrds","floor":23.0,"turns":6.0},{"damage":24.0,"enemies":"Book of Stabbing","floor":25.0,"turns":7.0},{"damage":5.0,"enemies":"Snecko","floor":26.0,"turns":5.0},{"damage":9.0,"enemies":"Chosen and Byrds","floor":27.0,"turns":6.0},{"damage":0.0,"enemies":"Centurion and Healer","floor":32.0,"turns":8.0},{"damage":78.0,"enemies":"Automaton","floor":35.0,"turns":9.0},{"damage":9.0,"enemies":"3 Darklings","floor":37.0,"turns":8.0},{"damage":0.0,"enemies":"3 Shapes","floor":40.0,"turns":5.0},{"damage":13.0,"enemies":"Writhing Mass","floor":41.0,"turns":6.0},{"damage":8.0,"enemies":"4 Shapes","floor":44.0,"turns":6.0},{"damage":8.0,"enemies":"Sphere and 2 Shapes","floor":47.0,"turns":7.0},{"damage":29.0,"enemies":"Maw","floor":48.0,"turns":8.0},{"damage":13.0,"enemies":"4 Shapes","floor":50.0,"turns":4.0},{"damage":87,"enemies":"Donu and Deca","floor":52,"turns":6}],"seed_played":"5723038349966748823","potions_obtained":[{"floor":1.0,"key":"BlessingOfTheForge"},{"floor":3.0,"key":"Reflective Coating"},{"floor":10.0,"key":"HeartOfIron"},{"floor":15.0,"key":"AttackPotion"},{"floor":20.0,"key":"Elixir"},{"floor":27.0,"key":"LiquidMemories"},{"floor":31.0,"key":"SpeedPotion"},{"floor":37.0,"key":"BlessingOfTheForge"},{"floor":40.0,"key":"Dexterity Potion"},{"floor":47.0,"key":"LiquidMemories"}],"is_trial":false,"path_per_floor":["M","T","M","?","?","R","PTL","PTL","M","E","T","M","R","M","?","E","R_BF","B",null,"M","?","T","M","?","E","M","M","T","$","R","?","M","T","R","B",null,"M","?","?","M","M","T","?","M","T","R","M","M","$","M","R","B"],"character_chosen":"IRONCLAD","items_purchased":["Power Through","Another Sword","Toolbox","Panacea","SkillPotion"],"campfire_rested":2,"item_purchase_floors":[29,29,29,49,49],"current_hp_per_floor":[85,85,87,80,80,80,80,80,86,41,41,31,57,63,53,57,57,63,82,88,88,88,82,74,56,57,54,54,54,80,80,86,86,86,14,70,73,73,73,85,84,84,84,88,102,102,102,85,85,84,84,0,0],"gold":201,"neow_bonus":"TEN_PERCENT_HP_BONUS","is_daily":false,"chose_seed":false,"campfire_upgraded":4,"win_rate":0.0,"timestamp":1612067269,"path_taken":["M","?","M","?","?","R","PTL","PTL","M","E","T","?","R","M","?","E","R_BF","BOSS","M","?","?","M","?","E","?","M","T","?","R","?","?","?","R","BOSS","M","?","?","M","?","?","?","M","T","R","M","M","$","M","R","BOSS"],"items_purchased_type":["Card","Relic","Relic","Card","Potion"],"build_version":"2020-12-22","purchased_purges":0,"victory":false,"max_hp_per_floor":[88,88,88,88,88,88,88,88,88,88,88,88,88,88,88,88,88,88,88,88,88,88,88,88,88,88,88,88,88,88,88,88,88,88,88,88,88,88,88,88,88,88,88,88,102,102,102,102,102,102,102,102,102],"card_choices":[{"not_picked":["ReplayTheSpireMod:Strike From Hell","Pummel"],"picked":"Metallicize","floor":1.0},{"not_picked":["Wild Strike","Searing Blow"],"picked":"Headbutt","floor":3.0},{"not_picked":["ReplayTheSpireMod:LeadingStrike","Blood for Blood"],"picked":"Wild Strike","floor":9.0},{"not_picked":["Defy Death","Exhume"],"picked":"Fire Breathing","floor":10.0},{"not_picked":["Wild Strike","Clothesline"],"picked":"True Grit","floor":12.0},{"not_picked":["Dropkick","Sword Boomerang"],"picked":"Body Slam","floor":13.0},{"not_picked":["Anger","Carnage"],"picked":"Headbutt","floor":14.0},{"not_picked":["Twin Strike","Searing Blow"],"picked":"Spot Weakness","floor":15.0},{"not_picked":["Sword Boomerang","Defy Death"],"picked":"Life Link","floor":16.0},{"not_picked":["Hemogenesis","Replay:Many Hands"],"picked":"Demon Form","floor":18.0},{"not_picked":[],"picked":"Clothesline+1","floor":20.0},{"not_picked":[],"picked":"Carnage+1","floor":23.0},{"not_picked":[],"picked":"Warcry","floor":25.0},{"not_picked":[],"picked":"Uppercut","floor":26.0},{"not_picked":["Pommel Strike"],"picked":"SKIP","floor":27.0},{"not_picked":[],"picked":"Body Slam","floor":32.0},{"not_picked":[],"picked":"ReplayReversal+1","floor":37.0},{"not_picked":[],"picked":"Armaments","floor":40.0},{"not_picked":[],"picked":"Rage+1","floor":41.0},{"not_picked":[],"picked":"ReplayReversal","floor":44.0},{"not_picked":["Pummel+1"],"picked":"SKIP","floor":47.0},{"not_picked":["Massacre+1"],"picked":"SKIP","floor":48.0},{"not_picked":["Havoc"],"picked":"SKIP","floor":50.0}],"player_experience":1017311,"relics_obtained":[{"floor":2.0,"key":"Dream Catcher"},{"floor":10.0,"key":"CaptainsWheel"},{"floor":11.0,"key":"War Paint"},{"floor":15.0,"key":"Replay:Rubber Ducky"},{"floor":16.0,"key":"ReplayTheSpireMod:Spearhead"},{"floor":17.0,"key":"Oddly Smooth Stone"},{"floor":22.0,"key":"Replay:Bottled Eggs"},{"floor":25.0,"key":"Ice Cream"},{"floor":28.0,"key":"Tiny Chest"},{"floor":33.0,"key":"Anchor"},{"floor":42.0,"key":"ReplayTheSpireMod:Lightbulb"},{"floor":45.0,"key":"Mango"}],"event_choices":[{"cards_removed":["Strike_R"],"damage_healed":0.0,"max_hp_gain":0.0,"max_hp_loss":0.0,"gold_gain":0.0,"event_name":"Golden Wing","player_choice":"Card Removal","floor":4.0,"gold_loss":0.0,"damage_taken":7.0},{"damage_healed":0.0,"max_hp_gain":0.0,"max_hp_loss":0.0,"gold_gain":0.0,"cards_transformed":["Defend_R"],"event_name":"Transmorgrifier","player_choice":"Transformed","floor":5.0,"gold_loss":0.0,"damage_taken":0.0,"cards_obtained":["Barricade"]},{"damage_healed":0.0,"max_hp_gain":0.0,"max_hp_loss":0.0,"gold_gain":0.0,"event_name":"Dead Adventurer","player_choice":"Searched \u00271\u0027 times","floor":15.0,"gold_loss":0.0,"damage_taken":0.0},{"damage_healed":0.0,"max_hp_gain":0.0,"max_hp_loss":0.0,"gold_gain":0.0,"event_name":"Vampires","player_choice":"Ignored","floor":21.0,"gold_loss":0.0,"damage_taken":0.0},{"damage_healed":0.0,"max_hp_gain":0.0,"max_hp_loss":0.0,"gold_gain":0.0,"event_name":"Wheel of Change","player_choice":"Damaged","floor":24.0,"gold_loss":0.0,"damage_taken":8.0},{"damage_healed":0.0,"max_hp_gain":0.0,"max_hp_loss":0.0,"gold_gain":0.0,"event_name":"The Woman in Blue","player_choice":"Bought 1 Potion","floor":31.0,"gold_loss":0.0,"damage_taken":0.0},{"cards_removed":["Strike_R"],"damage_healed":0.0,"max_hp_gain":0.0,"max_hp_loss":0.0,"gold_gain":0.0,"event_name":"Falling","player_choice":"Removed Attack","floor":38.0,"gold_loss":0.0,"damage_taken":0.0},{"damage_healed":0.0,"max_hp_gain":0.0,"max_hp_loss":0.0,"gold_gain":0.0,"event_name":"Match and Keep!","player_choice":"1 cards matched","floor":39.0,"gold_loss":0.0,"damage_taken":0.0,"cards_obtained":["Bash"]},{"damage_healed":0.0,"max_hp_gain":0.0,"max_hp_loss":0.0,"gold_gain":0.0,"event_name":"Upgrade Shrine","player_choice":"Upgraded","floor":43.0,"gold_loss":0.0,"damage_taken":0.0,"cards_upgraded":["Armaments"]}],"is_beta":false,"boss_relics":[{"not_picked":["Fusion Hammer","Replay:Drink Me"],"picked":"Busted Crown"},{"not_picked":["Replay:Wanted Poster","Runic Dome"],"picked":"Black Blood"}],"items_purged_floors":[],"is_endless":false,"potions_floor_spawned":[1,3,10,15,20,27,37,40,47],"killed_by":"Donu and Deca","ascension_level":9}}