{"host":"gyzmxzq2gvvih6do","time":1612096503,"event":{"mods":["BaseMod","BetterRewards","Colored Map","Colored Powertips","Duelist Mod","GifTheSpireLib","Googly Eyes","Hermit","Marisa????????","Minty Spire (QoL Compilation)","Quick Restart","StSLib","SuperFastMode","The Cursed","The Necromancer","The Servant 0.9.4","slay the spire mod where everything is the same but ironclad has a cowboy hat"],"gold_per_floor":[117,33,43,43,71,71,102,147,147,147,147,226,243,261,261,261,261],"floor_reached":16,"language":"ENG","playtime":973,"items_purged":[],"score":102,"play_id":"b544ddf7-5b60-4b0f-a108-ea02daa54f1a","local_time":"20210131053503","is_ascension_mode":false,"campfire_choices":[{"floor":6,"key":"RECALL"},{"data":"WitchOfGreed","floor":11,"key":"SMITH"},{"floor":15,"key":"REST"}],"circlet_count":0,"master_deck":["Strike_MRS","Strike_MRS","Strike_MRS","Strike_MRS","Defend_MRS","Defend_MRS","Defend_MRS","Defend_MRS","MasterSpark","UpSweep","MysteriousBeam","WitchOfGreed+1","RefractionSpark","IllusionStar","DeepEcoloBomb","AsteroidBelt","MysteriousBeam+1","MagicChant","ShootTheMoon","SatelliteIllusion"],"relics":["MiniHakkero","Tiny Chest","Dream Catcher","Mummified Hand"],"acts_visited":["Exordium"],"potions_floor_usage":[7,8,13,16,16,16],"damage_taken":[{"damage":1,"enemies":"Cultist","floor":1,"turns":3},{"damage":0,"enemies":"2 Louse","floor":3,"turns":1},{"damage":0,"enemies":"Small Slimes","floor":5,"turns":3},{"damage":14,"enemies":"Exordium Thugs","floor":7,"turns":4},{"damage":32,"enemies":"Lagavulin","floor":8,"turns":5},{"damage":2,"enemies":"Looter","floor":13,"turns":2},{"damage":11,"enemies":"Exordium Wildlife","floor":14,"turns":2},{"damage":39,"enemies":"The Guardian","floor":16,"turns":8}],"seed_played":"3761452397014368161","potions_obtained":[{"floor":3,"key":"Swift Potion"},{"floor":5,"key":"Fire Potion"},{"floor":7,"key":"StarNLove"},{"floor":8,"key":"ColorlessPotion"},{"floor":8,"key":"DuplicationPotion"},{"floor":13,"key":"FearPotion"}],"is_trial":false,"path_per_floor":["M","$","M","?","M","R","M","E","T","?","R","T","M","M","R","B"],"character_chosen":"MARISA","items_purchased":["WitchOfGreed","RefractionSpark"],"campfire_rested":1,"item_purchase_floors":[2,2],"current_hp_per_floor":[74,74,74,74,74,74,60,28,28,28,28,28,26,15,37,0,0],"gold":261,"neow_bonus":"RANDOM_COMMON_RELIC","is_daily":false,"chose_seed":false,"campfire_upgraded":1,"win_rate":0.0,"timestamp":1612096503,"path_taken":["M","$","?","?","M","R","M","E","T","?","R","?","?","M","R","BOSS"],"items_purchased_type":["Card","Card"],"build_version":"2020-12-22","purchased_purges":0,"victory":false,"max_hp_per_floor":[75,75,75,75,75,75,75,75,75,75,75,75,75,75,75,75,75],"card_choices":[{"not_picked":["GrandCross","WitchLeyline"],"picked":"MysteriousBeam","floor":1},{"not_picked":["DragonMeteor","WitchLeyline"],"picked":"IllusionStar","floor":3},{"not_picked":["MysteriousBeam","BlazeAway"],"picked":"DeepEcoloBomb","floor":5},{"not_picked":["DarkSpark","GasGiant"],"picked":"AsteroidBelt","floor":7},{"not_picked":["ChargeUpSpray","OpenUniverse"],"picked":"MysteriousBeam","floor":8},{"not_picked":["MysteriousBeam","6A"],"picked":"MagicChant","floor":13},{"not_picked":["GasGiant","NonDirectionalLaser"],"picked":"ShootTheMoon","floor":14},{"not_picked":["MeteoricShower","Robbery"],"picked":"SatelliteIllusion","floor":15}],"player_experience":89128,"relics_obtained":[{"floor":8,"key":"Dream Catcher"},{"floor":12,"key":"Mummified Hand"}],"event_choices":[{"damage_healed":0,"gold_gain":0,"player_choice":"Ignored","damage_taken":0,"max_hp_gain":0,"max_hp_loss":0,"event_name":"Golden Wing","floor":4,"gold_loss":0},{"damage_healed":0,"gold_gain":0,"player_choice":"Forge","damage_taken":0,"max_hp_gain":0,"max_hp_loss":0,"event_name":"Accursed Blacksmith","floor":10,"gold_loss":0,"cards_upgraded":["MysteriousBeam"]}],"is_beta":false,"boss_relics":[],"items_purged_floors":[],"is_endless":false,"potions_floor_spawned":[3,8,13],"killed_by":"The Guardian","ascension_level":0}}