{"host":"vyiqbz5w606ur92t","time":1612054945,"event":{"mods":["BaseMod","Downfall","Minty Spire (QoL Compilation)","StSLib"],"gold_per_floor":[99,115,115,131,146,56,56,88,73,73,73,96,126,166,190,202,202,202],"floor_reached":16,"language":"ENG","playtime":1283,"items_purged":["downfall:Malfunctioning"],"score":121,"play_id":"a34c1cf8-ca19-4f3c-b52d-3a5432b2268a","local_time":"20210131010225","is_ascension_mode":true,"campfire_choices":[{"floor":1,"key":"RECALL"},{"floor":10,"key":"REST"}],"circlet_count":0,"master_deck":["Guardian:Strike_Guardian","Guardian:Strike_Guardian","Guardian:Defend_Guardian","Guardian:Defend_Guardian","Guardian:Defend_Guardian","Guardian:CurlUp","Guardian:TwinSlam","Guardian:ShieldCharger","Guardian:PolyBeam","Guardian:Incinerate","Guardian:FloatingOrbs","Guardian:Recover","Regret","Guardian:FloatingOrbs","Guardian:TimeCapacitor","Guardian:Preprogram"],"relics":["Philosopher\u0027s Stone","Question Card","Ancient Tea Set","MawBank","Pen Nib"],"acts_visited":["Exordium"],"potions_floor_usage":[16],"damage_taken":[{"damage":5,"enemies":"Jaw Worm","floor":2,"turns":4},{"damage":2,"enemies":"Cultist","floor":4,"turns":4},{"damage":17,"enemies":"2 Louse","floor":5,"turns":3},{"damage":5,"enemies":"downfall:FleeingMerchant","floor":6,"turns":4},{"damage":19,"enemies":"Lagavulin","floor":8,"turns":7},{"damage":0,"enemies":"downfall:FleeingMerchant","floor":9,"turns":4},{"damage":12,"enemies":"Blue Slaver","floor":13,"turns":4},{"damage":17,"enemies":"Gremlin Nob","floor":14,"turns":5},{"damage":13,"enemies":"2 Fungi Beasts","floor":15,"turns":4},{"damage":19,"enemies":"SI_SHIV_ARCHETYPE","floor":16,"turns":7}],"seed_played":"-9075333778506041170","potions_obtained":[{"floor":5,"key":"Block Potion"},{"floor":8,"key":"DistilledChaos"},{"floor":14,"key":"Ancient Potion"}],"is_trial":false,"path_per_floor":["R","M","?","M","M","$","T","E","$","R","?","T","M","E","M","B"],"character_chosen":"GUARDIAN","items_purchased":[],"campfire_rested":1,"item_purchase_floors":[],"current_hp_per_floor":[80,75,75,73,56,51,51,32,32,56,56,56,44,27,14,0,0,0],"gold":202,"neow_bonus":"BOSS_RELIC","is_daily":false,"chose_seed":false,"campfire_upgraded":0,"win_rate":0.0,"timestamp":1612054945,"path_taken":["R","M","?","?","M","$","T","E","?","R","?","?","M","E","M","BOSS"],"items_purchased_type":[],"build_version":"2020-12-22","purchased_purges":1,"victory":false,"max_hp_per_floor":[80,80,80,80,80,80,80,80,80,80,80,80,80,80,80,80,80,80],"card_choices":[{"not_picked":["Guardian:TemporalShield","Guardian:Planning"],"picked":"Guardian:ShieldCharger","floor":2},{"not_picked":["Guardian:Harden","Guardian:RollAttack"],"picked":"Guardian:PolyBeam","floor":4},{"not_picked":["Guardian:PrimingBeam","Guardian:CrystalBeam"],"picked":"Guardian:Incinerate","floor":5},{"not_picked":["Guardian:TemporalStrike","Guardian:FastForward","Guardian:Suspension"],"picked":"SKIP","floor":6},{"not_picked":["Guardian:Gem_Yellow","Guardian:TemporalStrike"],"picked":"Guardian:FloatingOrbs","floor":8},{"not_picked":["Guardian:FloatingOrbs","Guardian:TemporalStrike","Guardian:Gem_Lightblue"],"picked":"Guardian:Recover","floor":9},{"not_picked":["Guardian:Gem_Cyan","Guardian:Gem_Lightblue","Guardian:PrismaticBarrier"],"picked":"Guardian:FloatingOrbs","floor":13},{"not_picked":["Guardian:ShieldSpikes","Guardian:Recover","Guardian:PolyBeam"],"picked":"Guardian:TimeCapacitor","floor":14},{"not_picked":["Guardian:Recover","Guardian:Gem_Green","Guardian:Incinerate"],"picked":"Guardian:Preprogram","floor":15}],"player_experience":1283025,"relics_obtained":[{"floor":8,"key":"Question Card"},{"floor":12,"key":"MawBank"},{"floor":14,"key":"Pen Nib"}],"event_choices":[{"damage_healed":0,"gold_gain":0,"player_choice":"Box","damage_taken":0,"relics_obtained":["Ancient Tea Set"],"max_hp_gain":0,"max_hp_loss":0,"event_name":"Big Fish","floor":11,"gold_loss":0,"cards_obtained":["Regret"]}],"is_beta":false,"boss_relics":[],"items_purged_floors":[6],"is_endless":false,"potions_floor_spawned":[5,8,14,15],"killed_by":"SI_SHIV_ARCHETYPE","ascension_level":2}}