{"host":"1hw3ks68c0zl1mxv","time":1612108447,"event":{"mods":["2.2 Compatiblity","Act Like it!","Ascension Reborn","Aspiration","BaseMod","BetterRewards","Colored Map","Colored Powertips","Conspire","Downfall","Energized Spire","GungeonMod","Halation","Hallownest","Hubris","Infinite Spire","Marisa????????","Mimic Mod","Minty Spire (QoL Compilation)","Quick Restart","Replay The Spire","Shop Mod","StSLib","The Bug Knight","The Construct","The Elementalist","The Necromancer","The Saiyan","The Servant 0.9.4","TheHero"],"gold_per_floor":[99,149,149,160,160,160,160,175,175,175,187,198,198,215,231,330,330,330,350,366,466,482,102,156,156,156,169,169,169,180,10,22,119,119,119,136,136,136,136,136,188,188,224,224,25,25,25,39,56,56],"floor_reached":51,"language":"ENG","playtime":4584,"items_purged":["Pain"],"score":535,"play_id":"2a6e37ac-7733-45ef-a549-5e74e0307d5f","local_time":"20210131085407","is_ascension_mode":false,"campfire_choices":[{"data":"Slimebound:CorrosiveSpit","floor":1.0,"key":"SMITH"},{"data":"Slimebound:SplitLeeching","floor":6.0,"key":"SMITH"},{"data":"Slimebound:Gluttony","floor":10.0,"key":"SMITH"},{"data":"Slimebound:GoopSpray","floor":13.0,"key":"SMITH"},{"data":"Slimebound:Equalize","floor":18.0,"key":"SMITH"},{"data":"Slimebound:GoopSpray","floor":26.0,"key":"SMITH"},{"data":"Slimebound:OozeBath","floor":29.0,"key":"SMITH"},{"data":"Slimebound:GoopSpray","floor":35.0,"key":"SMITH"},{"data":"Slimebound:RallyTheTroops","floor":44.0,"key":"SMITH"},{"data":"hubris:Insight","floor":46.0,"key":"SMITH"}],"circlet_count":0,"master_deck":["Slimebound:Strike_Slimebound","Slimebound:Strike_Slimebound","Slimebound:Strike_Slimebound","Slimebound:Tackle","Slimebound:Defend_Slimebound","Slimebound:Defend_Slimebound","Slimebound:Defend_Slimebound","Slimebound:Defend_Slimebound+1","Slimebound:Split+1","Slimebound:CorrosiveSpit+1","Slimebound:SplitLeeching+1","Slimebound:Gluttony+1","Slimebound:Equalize+1","Slimebound:GoopSpray+1","Slimebound:Schlurp","Slimebound:GoopSpray+1","Slimebound:OozeBath+1","Slimebound:GoopSpray+1","Slimebound:GoopSpray+1","Slimebound:LeechingTouch+1","Slimebound:RallyTheTroops+1","Slimebound:SplitLeeching+1","Slimebound:FormOfPuddle+1","Slimebound:ForwardTackle+1","Slimebound:Equalize","hubris:Insight+1","infinitespire:Gouge","Slimebound:Schlurp","Slimebound:MinionMaster"],"relics":["Slimebound:AbsorbEndCombat","Ancient Tea Set","DemoMod:VorpalBullet","WarpedTongs","White Beast Statue","DemoMod:PoisonVial","Centennial Puzzle","hubris:Backtick","DemoMod:GundromedaStrain","Toolbox","hubris:Towel","Boot","Turnip","Counterbalance","Medical Kit","Meat on the Bone","DemoMod:GlassGuonStoneRelic"],"acts_visited":["Exordium","TheCity","TheBeyond"],"potions_floor_usage":[50,50,50],"damage_taken":[{"damage":0.0,"enemies":"2 Louse","floor":4.0,"turns":2.0},{"damage":0.0,"enemies":"Small Slimes","floor":8.0,"turns":4.0},{"damage":2.0,"enemies":"Cultist","floor":11.0,"turns":4.0},{"damage":4.0,"enemies":"3 Louse","floor":12.0,"turns":4.0},{"damage":5.0,"enemies":"conspire:2 RoseBushes","floor":14.0,"turns":5.0},{"damage":18.0,"enemies":"Blue Slaver","floor":15.0,"turns":5.0},{"damage":28.0,"enemies":"WA_ARCHETYPE_RETAIN","floor":16.0,"turns":10.0},{"damage":3.0,"enemies":"Chosen","floor":19.0,"turns":5.0},{"damage":17.0,"enemies":"Spheric Guardian","floor":20.0,"turns":5.0},{"damage":33.0,"enemies":"downfall:LadyInBlue","floor":21.0,"turns":10.0},{"damage":20.0,"enemies":"Chosen and Byrds","floor":22.0,"turns":8.0},{"damage":4.0,"enemies":"downfall:FleeingMerchant","floor":23.0,"turns":4.0},{"damage":3.0,"enemies":"conspire:HollyBat","floor":27.0,"turns":6.0},{"damage":0.0,"enemies":"Snake Plant","floor":30.0,"turns":3.0},{"damage":3.0,"enemies":"downfall:FleeingMerchant","floor":31.0,"turns":4.0},{"damage":2.0,"enemies":"Shelled Parasite and Fungi","floor":32.0,"turns":5.0},{"damage":18.0,"enemies":"IC_MUSHROOM_ARCHETYPE","floor":33.0,"turns":4.0},{"damage":0.0,"enemies":"3 Shapes","floor":36.0,"turns":5.0},{"damage":2.0,"enemies":"3 Shapes","floor":40.0,"turns":8.0},{"damage":0.0,"enemies":"Orb Walker","floor":43.0,"turns":9.0},{"damage":3.0,"enemies":"downfall:FleeingMerchant","floor":45.0,"turns":4.0},{"damage":0.0,"enemies":"Orb Walker","floor":48.0,"turns":1.0},{"damage":12.0,"enemies":"3 Darklings","floor":49.0,"turns":5.0},{"damage":0,"enemies":"DF_ARCHETYPE_ORBS","floor":50,"turns":2}],"seed_played":"560109733617107315","potions_obtained":[{"floor":4.0,"key":"Ancient Potion"},{"floor":12.0,"key":"Slimebound:ThreeZeroPotion"},{"floor":15.0,"key":"Toxic Potion"},{"floor":16.0,"key":"SteroidPotion"},{"floor":20.0,"key":"Toxic Potion"},{"floor":21.0,"key":"Adrenaline Potion"},{"floor":21.0,"key":"Weak Potion"},{"floor":21.0,"key":"DemoMod:LeadSkinPotion"},{"floor":21.0,"key":"infinitespire:BlackPotion"},{"floor":22.0,"key":"SkillPotion"},{"floor":30.0,"key":"DistilledChaos"},{"floor":31.0,"key":"Slimebound:SlimedPotion"},{"floor":33.0,"key":"bronze:BurnAndBuffPotion"},{"floor":36.0,"key":"Dexterity Potion"},{"floor":40.0,"key":"Strength Potion"},{"floor":45.0,"key":"bronze:BurnAndBuffPotion"}],"is_trial":false,"path_per_floor":["R","?","?","M","?","R","T","M","?","R","M","M","R","M","M","B",null,"R","M","M","?","M","$","T","?","R","M","AVR","R","M","$","M","B",null,"R","M","?","?","?","?","T","?","MIM","R","$","R","AVR","M","M","B",null],"character_chosen":"SLIMEBOUND","items_purchased":["Slimebound:OozeBath","DemoMod:PoisonVial","Toolbox","Medical Kit","Slimebound:SlimedPotion","Meat on the Bone","hubris:Insight"],"campfire_rested":0,"item_purchase_floors":[23,23,31,45,45,45,45],"current_hp_per_floor":[65,65,65,65,53,53,53,55,55,55,57,65,65,65,53,41,65,65,65,55,42,42,42,42,42,42,55,55,55,65,62,65,55,65,65,65,65,65,65,65,65,65,65,65,60,60,60,63,53,55],"gold":56,"neow_bonus":"UPGRADE_CARD","is_daily":false,"chose_seed":false,"campfire_upgraded":10,"win_rate":0.0,"timestamp":1612108447,"path_taken":["R","?","?","?","?","R","T","M","?","R","M","?","R","M","M","BOSS","R","M","M","?","?","$","T","?","R","?","AVR","R","M","?","M","BOSS","R","M","?","?","?","?","T","?","?","R","$","R","AVR","M","M","BOSS"],"items_purchased_type":["Card","Relic","Relic","Relic","Potion","Relic","Card"],"build_version":"2020-12-22","purchased_purges":1,"victory":true,"max_hp_per_floor":[65,65,65,65,65,65,65,65,65,65,65,65,65,65,65,65,65,65,65,65,65,65,65,65,65,65,65,65,65,65,65,65,65,65,65,65,65,65,65,65,65,65,65,65,63,63,63,63,63,63],"card_choices":[{"not_picked":["Slimebound:ProtectTheBoss","Slimebound:LeechEnergy"],"picked":"Slimebound:SplitLeeching","floor":4.0},{"not_picked":["Slimebound:ComboTackle","Slimebound:SlimeSpikes"],"picked":"Slimebound:Gluttony","floor":8.0},{"not_picked":["Slimebound:ItLooksTasty","Slimebound:FinishingTackle"],"picked":"Slimebound:Equalize","floor":11.0},{"not_picked":["Slimebound:RejuvenatingLick","Slimebound:FinishingTackle"],"picked":"Slimebound:GoopSpray","floor":12.0},{"not_picked":["Slimebound:PressTheAttack","Slimebound:LivingWall","Slimebound:RollThrough"],"picked":"SKIP","floor":14.0},{"not_picked":["Slimebound:LeechEnergy","Slimebound:RainOfGoop"],"picked":"Slimebound:Schlurp","floor":15.0},{"not_picked":["Slimebound:MegaLick+1","Slimebound:ComboTackle","Slimebound:ProtectTheBoss+1"],"picked":"SKIP","floor":19.0},{"not_picked":["Slimebound:RainOfGoop","Slimebound:LivingWall"],"picked":"Slimebound:GoopSpray","floor":20.0},{"not_picked":["Slimebound:RejuvenatingLick","Slimebound:RainOfGoop+1","Slimebound:DivideAndConquer+1"],"picked":"SKIP","floor":22.0},{"not_picked":["Slimebound:PressTheAttack","Slimebound:Prepare","Slimebound:Nibble"],"picked":"SKIP","floor":23.0},{"not_picked":["Slimebound:SamplingLick","Slimebound:DivideAndConquer","Slimebound:FlameTackle"],"picked":"SKIP","floor":27.0},{"not_picked":["Slimebound:FlameTackle+1","Slimebound:PressTheAttack"],"picked":"Slimebound:GoopSpray","floor":30.0},{"not_picked":["Slimebound:ProtectTheBoss+1","Slimebound:Nibble"],"picked":"Slimebound:GoopSpray+1","floor":31.0},{"not_picked":["Slimebound:FlameTackle","Slimebound:RejuvenatingLick"],"picked":"Slimebound:LeechingTouch+1","floor":32.0},{"not_picked":["Slimebound:MassRepurpose","Slimebound:MassFeed"],"picked":"Slimebound:RallyTheTroops","floor":33.0},{"not_picked":["Slimebound:RejuvenatingLick","Slimebound:Schlurp"],"picked":"Slimebound:SplitLeeching+1","floor":36.0},{"not_picked":["Slimebound:CheckThePlaybook","Slimebound:Prepare+1"],"picked":"Slimebound:FormOfPuddle+1","floor":40.0},{"not_picked":["Slimebound:SplitAcid+1","Slimebound:SlimeSpikes"],"picked":"Slimebound:ForwardTackle+1","floor":43.0},{"not_picked":["Slimebound:GoopTackle","DemoMod:Spice"],"picked":"Slimebound:Equalize","floor":45.0},{"not_picked":["Slimebound:SplitLeeching","Slimebound:SplitBruiser"],"picked":"Slimebound:Schlurp","floor":48.0},{"not_picked":["Slimebound:RejuvenatingLick+1","Slimebound:SlimeSpikes+1"],"picked":"Slimebound:MinionMaster","floor":49.0}],"player_experience":1451294,"relics_obtained":[{"floor":7.0,"key":"DemoMod:VorpalBullet"},{"floor":21.0,"key":"White Beast Statue"},{"floor":24.0,"key":"Centennial Puzzle"},{"floor":41.0,"key":"Boot"},{"floor":43.0,"key":"Turnip"},{"floor":43.0,"key":"Counterbalance"}],"event_choices":[{"damage_healed":0.0,"max_hp_gain":0.0,"max_hp_loss":0.0,"gold_gain":0.0,"event_name":"Scrap Ooze","player_choice":"Success","floor":5.0,"gold_loss":0.0,"damage_taken":12.0,"relics_obtained":["Ancient Tea Set"]},{"damage_healed":0.0,"max_hp_gain":0.0,"max_hp_loss":0.0,"gold_gain":0.0,"event_name":"Accursed Blacksmith","player_choice":"Rummage","floor":9.0,"gold_loss":0.0,"damage_taken":0.0,"relics_obtained":["WarpedTongs"],"cards_obtained":["Pain"]},{"damage_healed":0.0,"max_hp_gain":0.0,"max_hp_loss":0.0,"gold_gain":0.0,"event_name":"NoteForYourself","player_choice":"Ignored","floor":25.0,"gold_loss":0.0,"damage_taken":0.0},{"damage_healed":0.0,"max_hp_gain":0.0,"max_hp_loss":0.0,"gold_gain":0.0,"event_name":"conspire:Investor","player_choice":"Leave","floor":39.0,"gold_loss":0.0,"damage_taken":0.0}],"is_beta":false,"boss_relics":[{"not_picked":["Kintsugi","hubris:VirtuousBlindfold","Snecko Eye"]},{"not_picked":["hubris:TerracottaHorce","halation:PlatinumPhoenix","Replay:Drink Me"]}],"items_purged_floors":[23],"is_endless":false,"potions_floor_spawned":[4,12,15,16,20,21,22,23,27,30,31,32,33,36,40,43,45,48,49],"ascension_level":0}}