{"host":"zx10cf1fsoa3eqiy","time":1612084878,"event":{"mods":["BaseMod","Colored Powertips","Downfall","Highlight Path","Minty Spire (QoL Compilation)","Quick Restart","Replay The Spire","Shop Mod","StSLib","Td1madao Mod","The Servant 0.9.4","Yuri Mod"],"gold_per_floor":[99,99,274,274,335,335,335,335,335,347,381,281,296,296,56,88,102,206,206,106,118,131,131,131,231,231,300,318,334,334,14,24,63,79,79,79,79],"floor_reached":35,"language":"ZHS","playtime":5071,"items_purged":[],"score":265,"play_id":"971d0324-15c9-4fbd-9ab0-95279e2169c7","local_time":"20210131172118","is_ascension_mode":false,"campfire_choices":[{"floor":1.0,"key":"RECALL"},{"data":"bronze:Mutator","floor":12.0,"key":"SMITH"},{"data":"bronze:FollowUp","floor":14.0,"key":"SMITH"},{"data":"bronze:Break","floor":20.0,"key":"SMITH"},{"floor":30,"key":"REST"}],"circlet_count":0,"master_deck":["bronze:Strike","bronze:Strike","bronze:Strike","bronze:Defend","bronze:Defend","bronze:Defend","bronze:Defend","bronze:Replicate","bronze:Goto","bronze:Repair","Doubt","bronze:ChosenStrike","bronze:Overheat","bronze:FollowUp+1","bronze:Mutator+1","bronze:OilSpill","bronze:FollowUp","bronze:Optimize","bronze:FineTuning","bronze:WhirlingStrike","bronze:Break+1","bronze:Backtrace+1","bronze:ForceShield","bronze:Branch+1","bronze:OilSpill+1","bronze:Turbo+1","bronze:ThunderWave","bronze:Flail+1","bronze:BronzeOrb","bronze:ChosenStrike+1"],"relics":["bronze:BronzeCore","downfall:HeartsMalice","Gremlin Food","downfall:HeartBlessingRed","Art of War","Ice Cream","Black Star","downfall:HeartBlessingGreen","bronze:BottledCode","downfall:CloakOfManyFaces","CultistMask","FaceOfCleric","NlothsMask","GremlinMask","SsserpentHead","MerchantsRug","Lantern"],"acts_visited":["Exordium","TheCity"],"potions_floor_usage":[31,31,33,35],"damage_taken":[{"damage":0.0,"enemies":"2 Louse","floor":2.0,"turns":1.0},{"damage":0.0,"enemies":"Lagavulin Event","floor":5.0,"turns":1.0},{"damage":0.0,"enemies":"Small Slimes","floor":6.0,"turns":1.0},{"damage":6.0,"enemies":"Jaw Worm","floor":10.0,"turns":3.0},{"damage":9.0,"enemies":"Gremlin Nob","floor":11.0,"turns":4.0},{"damage":7.0,"enemies":"Blue Slaver","floor":13.0,"turns":3.0},{"damage":1.0,"enemies":"downfall:FleeingMerchant","floor":15.0,"turns":4.0},{"damage":31.0,"enemies":"3 Sentries","floor":16.0,"turns":7.0},{"damage":2.0,"enemies":"3 Louse","floor":17.0,"turns":3.0},{"damage":52.0,"enemies":"WA_ARCHETYPE_RETAIN","floor":18.0,"turns":7.0},{"damage":0.0,"enemies":"Spheric Guardian","floor":21.0,"turns":2.0},{"damage":10,"enemies":"Chosen","floor":22,"turns":3},{"damage":18,"enemies":"downfall:FaceTrader","floor":25,"turns":9},{"damage":2,"enemies":"Centurion and Healer","floor":27,"turns":4},{"damage":15,"enemies":"3 Cultists","floor":28,"turns":5},{"damage":0,"enemies":"Chosen and Byrds","floor":29,"turns":5},{"damage":10,"enemies":"downfall:FleeingMerchant","floor":31,"turns":4},{"damage":0,"enemies":"Cultist and Chosen","floor":32,"turns":5},{"damage":2,"enemies":"downfall:FleeingMerchant","floor":33,"turns":4},{"damage":14,"enemies":"Snake Plant","floor":34,"turns":2},{"damage":76,"enemies":"SI_MIRROR_ARCHETYPE","floor":35,"turns":8}],"seed_played":"-2092841429655446915","potions_obtained":[{"floor":5.0,"key":"Adrenaline Potion"},{"floor":10.0,"key":"Elixir"},{"floor":11.0,"key":"Slimebound:ThreeZeroPotion"},{"floor":13.0,"key":"ColorlessPotion"},{"floor":16.0,"key":"LiquidBronze"},{"floor":22,"key":"Weak Potion"},{"floor":27,"key":"DuplicationPotion"},{"floor":34,"key":"Weak Potion"}],"is_trial":false,"path_per_floor":["R","M","?","?","?","M","PTL","PTL","T","M","E","R","M","R","$","E","M","B",null,"R","M","M","?","?","?","T","M","M","M","R","$","M","$","M","B"],"character_chosen":"THE_AUTOMATON","items_purchased":["bronze:Optimize","Art of War","MerchantsRug","Lantern"],"campfire_rested":1,"item_purchase_floors":[15,15,31,31],"current_hp_per_floor":[70,70,70,70,70,70,70,70,80,80,71,71,71,71,77,46,54,13,80,80,80,70,70,70,56,56,55,48,49,70,68,69,76,63,0,0,0],"gold":79,"neow_bonus":"THREE_ENEMY_KILL","is_daily":false,"chose_seed":false,"campfire_upgraded":3,"win_rate":0.0,"timestamp":1612084878,"path_taken":["R","M","?","?","?","M","PTL","PTL","T","M","E","R","M","R","$","E","M","BOSS","R","M","M","?","?","?","T","?","M","M","R","$","M","$","M","BOSS"],"items_purchased_type":["Card","Relic","Relic","Relic"],"build_version":"2020-12-22","purchased_purges":0,"victory":false,"max_hp_per_floor":[70,70,70,70,70,70,70,70,80,80,80,80,80,80,80,80,80,80,80,80,80,80,80,70,70,70,71,72,73,73,74,75,76,77,77,77,77],"card_choices":[{"not_picked":["bronze:DelayedSlice","bronze:CutThrough"],"picked":"bronze:Repair","floor":2.0},{"not_picked":["bronze:Frontload","bronze:MaxOutput"],"picked":"bronze:ChosenStrike","floor":5.0},{"not_picked":["bronze:Constructor","bronze:CutThrough"],"picked":"bronze:Overheat","floor":6.0},{"not_picked":["bronze:Deprecate","bronze:BurnOut"],"picked":"bronze:FollowUp","floor":10.0},{"not_picked":["bronze:BitShift","bronze:BuggyMess"],"picked":"bronze:Mutator","floor":11.0},{"not_picked":["bronze:Terminator","bronze:MaxOutput"],"picked":"bronze:OilSpill","floor":13.0},{"not_picked":["bronze:ClassDefault","bronze:BugBarrage"],"picked":"bronze:FollowUp","floor":15.0},{"not_picked":["bronze:Turbo","bronze:HyperBeam"],"picked":"bronze:FineTuning","floor":16.0},{"not_picked":["bronze:FollowUp","bronze:Repulsor"],"picked":"bronze:WhirlingStrike","floor":17.0},{"not_picked":["bronze:Mutator","bronze:ShipIt"],"picked":"bronze:Break","floor":18.0},{"not_picked":["bronze:OilSpill","bronze:BitShift"],"picked":"bronze:Backtrace+1","floor":21.0},{"not_picked":["bronze:OilSpill","bronze:Allocate"],"picked":"bronze:ForceShield","floor":22},{"not_picked":["bronze:ClassDefault+1","bronze:Shield+1"],"picked":"bronze:Branch+1","floor":25},{"not_picked":["bronze:BuggyMess","bronze:BugBarrage"],"picked":"bronze:OilSpill","floor":27},{"not_picked":["bronze:DarkDash","bronze:Deprecate+1"],"picked":"bronze:Turbo+1","floor":28},{"not_picked":["bronze:DelayedSlice","bronze:Repair+1"],"picked":"bronze:ThunderWave","floor":29},{"not_picked":["bronze:CutThrough","bronze:Iterate"],"picked":"bronze:Flail+1","floor":31},{"not_picked":["bronze:Invalidate","bronze:DelayedSlice+1"],"picked":"bronze:BronzeOrb","floor":32},{"not_picked":["bronze:Invalidate","bronze:MaxOutput+1"],"picked":"bronze:ChosenStrike+1","floor":33},{"not_picked":["bronze:Assembly","bronze:DelayedSlice","bronze:WhirlingStrike"],"picked":"SKIP","floor":34}],"player_experience":295292,"relics_obtained":[{"floor":5.0,"key":"Centennial Puzzle"},{"floor":9.0,"key":"Pear"},{"floor":11.0,"key":"Gremlin Food"},{"floor":16.0,"key":"Ice Cream"},{"floor":25,"key":"downfall:CloakOfManyFaces"}],"event_choices":[{"damage_healed":0,"gold_gain":0,"player_choice":"Ignored","damage_taken":0,"max_hp_gain":0,"max_hp_loss":0,"event_name":"Vampires","floor":23,"gold_loss":0}],"is_beta":false,"boss_relics":[{"not_picked":["Replay:Bronze Core","Fusion Hammer"],"picked":"Black Star"}],"items_purged_floors":[],"is_endless":false,"potions_floor_spawned":[5,10,11,13,16,22,27,34],"killed_by":"SI_MIRROR_ARCHETYPE","ascension_level":0}}