{"host":"oigynbtg272c19pw","time":1612127900,"event":{"mods":["BaseMod","Colored Map","Minty Spire (QoL Compilation)","Relic Stats","Slay the Relics Exporter","StSLib"],"gold_per_floor":[10,10,10,10,34,34,54,54,109,109,109,147,168,203,203,203,203],"floor_reached":16,"playtime":502,"items_purged":[],"score":266,"play_id":"751bee0f-c9bf-4403-a37e-4dcf093dc998","local_time":"20210131221820","is_ascension_mode":true,"campfire_choices":[{"data":"Magnetism","floor":6,"key":"SMITH"},{"data":"Clothesline","floor":8,"key":"SMITH"},{"data":"Clash","floor":11,"key":"SMITH"},{"data":"Armaments","floor":15,"key":"SMITH"}],"circlet_count":0,"master_deck":["AscendersBane","Strike_R","Strike_R","Strike_R","Strike_R","Strike_R","Defend_R","Defend_R","Defend_R","Defend_R","Bash","Magnetism+1","Headbutt","Clash+1","Clothesline+1","Offering","Battle Trance","Armaments+1"],"relics":["Burning Blood","Golden Idol","Blood Vial","Smiling Mask","Dream Catcher","Strawberry"],"acts_visited":["Exordium"],"potions_floor_usage":[12],"damage_taken":[{"damage":22,"enemies":"Small Slimes","floor":1,"turns":5},{"damage":13,"enemies":"2 Louse","floor":5,"turns":3},{"damage":7,"enemies":"Jaw Worm","floor":7,"turns":3},{"damage":0,"enemies":"Gremlin Nob","floor":12,"turns":3},{"damage":8,"enemies":"Large Slime","floor":13,"turns":2},{"damage":38,"enemies":"3 Sentries","floor":14,"turns":8},{"damage":41,"enemies":"Hexaghost","floor":16,"turns":7}],"seed_played":"-2742670773566967320","potions_obtained":[{"floor":5,"key":"Block Potion"},{"floor":7,"key":"ElixirPotion"}],"is_trial":false,"path_per_floor":["M","?","$","?","M","R","M","R","T","T","R","E","M","E","R","B"],"character_chosen":"IRONCLAD","items_purchased":[],"campfire_rested":0,"item_purchase_floors":[],"current_hp_per_floor":[52,52,52,57,50,50,49,49,49,49,49,57,57,34,34,0,0],"gold":203,"neow_bonus":"RANDOM_COLORLESS_2","is_daily":false,"chose_seed":false,"campfire_upgraded":4,"win_rate":0.0,"timestamp":1612127900,"path_taken":["M","?","$","?","M","R","M","R","T","?","R","E","M","E","R","BOSS"],"items_purchased_type":[],"build_version":"2020-12-13","purchased_purges":0,"victory":false,"max_hp_per_floor":[75,68,68,73,73,73,73,73,73,73,73,73,73,80,80,80,80],"relic_stats":{"Blood Vial":8,"Dream Catcher":0,"counters":[7,31],"Golden Idol":28,"Smiling Mask":0,"obtain_stats":[{"Blood Vial":9,"Dream Catcher":12,"Golden Idol":2,"Strawberry":14,"Smiling Mask":10,"Burning Blood":0},{"Blood Vial":3,"Dream Catcher":4,"Golden Idol":1,"Strawberry":6,"Smiling Mask":3,"Burning Blood":0},{"Blood Vial":11,"Dream Catcher":14,"Golden Idol":5,"Strawberry":24,"Smiling Mask":11,"Burning Blood":0}],"Burning Blood":36},"card_choices":[{"not_picked":["Chrysalis","Secret Technique"],"picked":"Magnetism","floor":0},{"not_picked":["Thunderclap","Dark Embrace"],"picked":"Headbutt","floor":1},{"not_picked":["Havoc","Heavy Blade"],"picked":"Clash","floor":5},{"not_picked":["True Grit","Sever Soul"],"picked":"Clothesline","floor":7},{"not_picked":["Havoc","Clothesline"],"picked":"Offering","floor":12},{"not_picked":["Cleave","Clash"],"picked":"Battle Trance","floor":13},{"not_picked":["Bloodletting","Rage"],"picked":"Armaments","floor":14}],"player_experience":1523844,"relics_obtained":[{"floor":9,"key":"Blood Vial"},{"floor":10,"key":"Smiling Mask"},{"floor":12,"key":"Dream Catcher"},{"floor":14,"key":"Strawberry"}],"event_choices":[{"damage_healed":0,"gold_gain":0,"player_choice":"Lose Max HP","damage_taken":0,"relics_obtained":["Golden Idol"],"max_hp_gain":0,"max_hp_loss":7,"event_name":"Golden Idol","floor":2,"gold_loss":0},{"damage_healed":0,"gold_gain":0,"player_choice":"Donut","damage_taken":0,"max_hp_gain":5,"max_hp_loss":0,"event_name":"Big Fish","floor":4,"gold_loss":0}],"is_beta":false,"boss_relics":[],"items_purged_floors":[],"is_endless":false,"potions_floor_spawned":[5,7],"killed_by":"Hexaghost","ascension_level":20}}