{"host":"6rz02yiipefhcw4r","time":1612053683,"event":{"mods":["2.2 Compatiblity","BaseMod","Block Reminder","Colored Map","Curses Come First","DeckTracker","Googly Eyes","Minty Spire (QoL Compilation)","Quick Restart","Rare Cards Sparkle","StSLib"],"gold_per_floor":[117,134,134,148,4,48,48,91,172,172,185,223,223,244,244,339,339,353,278,278,278,278,24,24,24],"floor_reached":24,"language":"ENG","playtime":696,"items_purged":["Normality"],"score":424,"play_id":"93a22cc0-cf83-4918-812f-1c9945e86c49","local_time":"20210130224123","is_ascension_mode":true,"campfire_choices":[{"floor":7.0,"key":"REST"},{"floor":10.0,"key":"REST"},{"data":"True Grit","floor":13.0,"key":"SMITH"},{"data":"Spot Weakness","floor":15.0,"key":"SMITH"}],"circlet_count":0,"master_deck":["AscendersBane","Strike_R","Strike_R","Strike_R","Strike_R","Defend_R","Defend_R","Defend_R","Defend_R","Bash","Clothesline+1","Headbutt","Spot Weakness+1","Immolate","True Grit+1","Pommel Strike+1","Limit Break","Shrug It Off","Apotheosis"],"relics":["Burning Blood","Nunchaku","Golden Idol","Magic Flower","Whetstone","Paper Frog","Bottled Flame","Cursed Key","Enchiridion","White Beast Statue"],"acts_visited":["Exordium","TheCity"],"potions_floor_usage":[24],"damage_taken":[{"damage":14.0,"enemies":"2 Louse","floor":1.0,"turns":3.0},{"damage":9.0,"enemies":"Small Slimes","floor":2.0,"turns":4.0},{"damage":7.0,"enemies":"Jaw Worm","floor":4.0,"turns":3.0},{"damage":47.0,"enemies":"Lagavulin","floor":6.0,"turns":8.0},{"damage":24.0,"enemies":"Gremlin Nob","floor":8.0,"turns":4.0},{"damage":10.0,"enemies":"2 Fungi Beasts","floor":11.0,"turns":3.0},{"damage":13.0,"enemies":"3 Sentries","floor":12.0,"turns":4.0},{"damage":6.0,"enemies":"Looter","floor":14.0,"turns":3.0},{"damage":37.0,"enemies":"Hexaghost","floor":16.0,"turns":10.0},{"damage":31.0,"enemies":"Shell Parasite","floor":18.0,"turns":5.0},{"damage":18,"enemies":"Book of Stabbing","floor":24,"turns":3}],"seed_played":"5719670155597495788","potions_obtained":[{"floor":11.0,"key":"Ancient Potion"},{"floor":14.0,"key":"Weak Potion"},{"floor":16.0,"key":"LiquidMemories"}],"is_trial":false,"path_per_floor":["M","M","?","M","$","E","R","E","T","R","M","E","R","M","R","B",null,"M","?","?","?","T","$","E"],"character_chosen":"IRONCLAD","items_purchased":["Immolate","True Grit","Apotheosis"],"campfire_rested":2,"item_purchase_floors":[5,5,23],"current_hp_per_floor":[60,57,57,56,56,15,35,20,20,40,39,35,35,38,38,10,54,32,32,32,11,11,11,0,0],"gold":24,"neow_bonus":"RANDOM_COMMON_RELIC","is_daily":false,"chose_seed":false,"campfire_upgraded":2,"win_rate":0.0,"timestamp":1612053683,"path_taken":["M","M","?","M","$","E","R","E","T","R","M","E","R","M","R","BOSS","M","?","?","?","?","$","E"],"items_purchased_type":["Card","Card","Card"],"build_version":"2020-12-22","purchased_purges":1,"victory":false,"max_hp_per_floor":[75,75,68,68,68,68,68,68,68,68,68,68,68,68,68,68,68,68,68,68,68,68,68,68,68],"card_choices":[{"not_picked":["Wild Strike","Havoc"],"picked":"Clothesline","floor":1.0},{"not_picked":["Sword Boomerang","Havoc"],"picked":"Headbutt","floor":2.0},{"not_picked":["Fire Breathing","Dual Wield"],"picked":"Spot Weakness","floor":4.0},{"not_picked":["Body Slam","Heavy Blade"],"picked":"Pommel Strike","floor":6.0},{"not_picked":["Havoc","Infernal Blade","Cleave"],"picked":"SKIP","floor":8.0},{"not_picked":["Havoc","Flex","Intimidate"],"picked":"SKIP","floor":11.0},{"not_picked":["Hemokinesis","Immolate","Searing Blow"],"picked":"SKIP","floor":12.0},{"not_picked":["Clothesline","Sever Soul","Reckless Charge"],"picked":"SKIP","floor":14.0},{"not_picked":["Exhume","Demon Form"],"picked":"Limit Break","floor":16.0},{"not_picked":["Sword Boomerang","Havoc"],"picked":"Shrug It Off","floor":18.0}],"player_experience":764442,"relics_obtained":[{"floor":6.0,"key":"Magic Flower"},{"floor":8.0,"key":"Whetstone"},{"floor":9.0,"key":"Paper Frog"},{"floor":12.0,"key":"Bottled Flame"},{"floor":21.0,"key":"Enchiridion"},{"floor":22.0,"key":"White Beast Statue"}],"event_choices":[{"damage_healed":0.0,"max_hp_gain":0.0,"max_hp_loss":7.0,"gold_gain":0.0,"event_name":"Golden Idol","player_choice":"Lose Max HP","floor":3.0,"gold_loss":0.0,"damage_taken":0.0,"relics_obtained":["Golden Idol"]},{"cards_removed":["Strike_R"],"damage_healed":0.0,"max_hp_gain":0.0,"max_hp_loss":0.0,"gold_gain":0.0,"event_name":"Beggar","player_choice":"Gave Gold","floor":19.0,"gold_loss":75.0,"damage_taken":0.0},{"damage_healed":0.0,"max_hp_gain":0.0,"max_hp_loss":0.0,"gold_gain":0.0,"event_name":"The Mausoleum","player_choice":"Ignored","floor":20.0,"gold_loss":0.0,"damage_taken":0.0},{"damage_healed":0.0,"max_hp_gain":0.0,"max_hp_loss":0.0,"gold_gain":0.0,"event_name":"Cursed Tome","player_choice":"Obtained Book","floor":21.0,"gold_loss":0.0,"damage_taken":21.0}],"is_beta":false,"boss_relics":[{"not_picked":["Fusion Hammer","Coffee Dripper"],"picked":"Cursed Key"}],"items_purged_floors":[23],"is_endless":false,"potions_floor_spawned":[11,14,16],"killed_by":"Book of Stabbing","ascension_level":20}}