{"host":"xm0tf1maiknh0fp9","time":1612051646,"event":{"mods":["BaseMod","Colored Map","Colored Powertips","Googly Eyes","Minty Spire (QoL Compilation)","Replay The Spire","StSLib"],"gold_per_floor":[109,109,109,125,50,50,71,71,97,131,131,154,154,54,54,185,185,203,78,101,114,114,114,130,130,130,155,155,5,5,5],"floor_reached":30,"language":"ENG","playtime":643,"items_purged":["Eruption","Strike_P","Strike_P","Strike_P"],"score":274,"play_id":"4d656c8c-420f-42dd-b0c2-be7fee22aae0","local_time":"20210130190726","is_ascension_mode":true,"campfire_choices":[{"data":"PathToVictory","floor":6.0,"key":"SMITH"},{"floor":11.0,"key":"REST"},{"data":"Defend_P","floor":13.0,"key":"SMITH"},{"data":"Defend_P","floor":15.0,"key":"SMITH"},{"data":"Defend_P","floor":23,"key":"SMITH"},{"floor":25,"key":"REST"}],"circlet_count":0,"master_deck":["Defend_P+1","Defend_P+1","Defend_P+1","Defend_P","Vigilance","PathToVictory+1"],"relics":["PureWater","NeowsBlessing","Golden Idol","Bag of Preparation","Centennial Puzzle","Busted Crown","Sundial"],"acts_visited":["Exordium","TheCity"],"potions_floor_usage":[18,30],"damage_taken":[{"damage":0.0,"enemies":"Cultist","floor":1.0,"turns":1.0},{"damage":0.0,"enemies":"2 Louse","floor":4.0,"turns":1.0},{"damage":0.0,"enemies":"Jaw Worm","floor":7.0,"turns":1.0},{"damage":18.0,"enemies":"Replay:BlueRogue","floor":10.0,"turns":7.0},{"damage":5.0,"enemies":"Lots of Slimes","floor":12.0,"turns":4.0},{"damage":6.0,"enemies":"The Guardian","floor":16.0,"turns":8.0},{"damage":3,"enemies":"Chosen","floor":18,"turns":6},{"damage":0,"enemies":"3 Byrds","floor":20,"turns":6},{"damage":6,"enemies":"Snake Plant","floor":21,"turns":4},{"damage":14,"enemies":"Snecko","floor":24,"turns":5},{"damage":16,"enemies":"Shelled Parasite and Fungi","floor":27,"turns":5},{"damage":56,"enemies":"Slavers","floor":30,"turns":6}],"seed_played":"1037455263177724684","potions_obtained":[{"floor":4.0,"key":"Languid Potion"},{"floor":12.0,"key":"SteroidPotion"},{"floor":16.0,"key":"Block Potion"},{"floor":18,"key":"FearPotion"}],"is_trial":false,"path_per_floor":["M","?","?","M","$","R","M","$","T","E","R","M","R","$","R","B",null,"M","$","M","M","$","R","M","R","T","M","?","$","E"],"character_chosen":"WATCHER","items_purchased":[],"campfire_rested":2,"item_purchase_floors":[],"current_hp_per_floor":[72,54,47,47,47,47,47,47,47,29,50,45,45,45,45,39,72,69,69,69,63,63,63,49,70,70,54,54,54,0,0],"gold":5,"neow_bonus":"THREE_ENEMY_KILL","is_daily":false,"chose_seed":false,"campfire_upgraded":4,"win_rate":0.0,"timestamp":1612051646,"path_taken":["M","?","?","M","$","R","M","?","T","E","R","M","R","$","R","BOSS","M","$","?","M","?","R","M","R","T","M","?","$","E"],"items_purchased_type":[],"build_version":"2020-12-22","purchased_purges":4,"victory":false,"max_hp_per_floor":[72,72,72,72,72,72,72,72,72,72,72,72,72,72,72,72,72,72,72,72,72,72,72,72,72,72,72,72,72,72,72],"card_choices":[{"not_picked":["FlurryOfBlows","MentalFortress"],"picked":"PathToVictory","floor":1.0},{"not_picked":["JustLucky","MentalFortress","EmptyFist"],"picked":"SKIP","floor":4.0},{"not_picked":["Consecrate","FlyingSleeves","Halt"],"picked":"SKIP","floor":7.0},{"not_picked":["Replay:Battleflow","BattleHymn","Replay:LoomingThreat"],"picked":"SKIP","floor":10.0},{"not_picked":["Evaluate","FlurryOfBlows","Protect"],"picked":"SKIP","floor":12.0},{"not_picked":["Replay:BluntJabs"],"picked":"SKIP","floor":18},{"not_picked":["Crescendo"],"picked":"SKIP","floor":20},{"not_picked":["TalkToTheHand+1"],"picked":"SKIP","floor":21},{"not_picked":["Sanctity+1"],"picked":"SKIP","floor":24},{"not_picked":["Crescendo"],"picked":"SKIP","floor":27}],"player_experience":165071,"relics_obtained":[{"floor":9.0,"key":"Bag of Preparation"},{"floor":10.0,"key":"Centennial Puzzle"},{"floor":26,"key":"Sundial"}],"event_choices":[{"damage_healed":0.0,"max_hp_gain":0.0,"max_hp_loss":0.0,"gold_gain":0.0,"event_name":"Golden Idol","player_choice":"Take Damage","floor":2.0,"gold_loss":0.0,"damage_taken":18.0,"relics_obtained":["Golden Idol"]},{"cards_removed":["Strike_P"],"damage_healed":0.0,"max_hp_gain":0.0,"max_hp_loss":0.0,"gold_gain":0.0,"event_name":"Golden Wing","player_choice":"Card Removal","floor":3.0,"gold_loss":0.0,"damage_taken":7.0},{"damage_healed":0,"gold_gain":0,"player_choice":"Ignored","damage_taken":0,"max_hp_gain":0,"max_hp_loss":0,"event_name":"Vampires","floor":28,"gold_loss":0}],"is_beta":false,"boss_relics":[{"not_picked":["Astrolabe","Cursed Key"],"picked":"Busted Crown"}],"items_purged_floors":[5,14,19,29],"is_endless":false,"potions_floor_spawned":[4,12,16,18,20,24,27],"killed_by":"Slavers","ascension_level":4}}