{"host":"y7b1p9nkx4idorr2","time":1612082050,"event":{"mods":["AchievementEnabler","Act Like it!","BaseMod","Colored Map","Downfall","GifTheSpireLib","Googly Eyes","Highlight Path","Mimic Mod","Minty Spire (QoL Compilation)","Shop Mod","Spicy Shops","StSLib","Unceasing Turn Reminder"],"gold_per_floor":[99,117,2,65,76,103,130,150,161,61,75,60,60,160,180,180,180,180],"floor_reached":16,"language":"ENG","playtime":1178,"items_purged":[],"score":100,"play_id":"637c8100-8e7f-4fb4-9f0c-bafd76dbed06","local_time":"20210131023410","is_ascension_mode":false,"campfire_choices":[{"floor":1,"key":"RECALL"},{"data":"champ:Taunt","floor":10,"key":"SMITH"}],"circlet_count":0,"master_deck":["champ:Strike","champ:Strike","champ:Strike","champ:Strike","champ:Defend","champ:Defend","champ:Defend","champ:Defend","champ:Execute","champ:Taunt+1","champ:StanceDance","champ:FocusedBerserking+1","champ:Encircle+1","champ:AdrenalArmor","champ:StanceDance","champ:BerserkersShout+1","champ:FaceSlap","champ:Encircle","champ:Shatter","champ:AdrenalArmor","downfall:Malfunctioning","champ:FaceSlap","champ:SwordThrow"],"relics":["champ:ChampionCrown","Guardian:PocketSentry","Nunchaku","Vajra","Odd Mushroom","downfall:HeartBlessingRed","Champion Belt"],"acts_visited":["Exordium"],"potions_floor_usage":[15,16,16],"damage_taken":[{"damage":21,"enemies":"Jaw Worm","floor":2,"turns":5},{"damage":20,"enemies":"downfall:FleeingMerchant","floor":3,"turns":4},{"damage":53,"enemies":"3 Sentries","floor":4,"turns":7},{"damage":5,"enemies":"2 Louse","floor":5,"turns":2},{"damage":41,"enemies":"Lagavulin","floor":6,"turns":5},{"damage":38,"enemies":"The Mushroom Lair","floor":8,"turns":4},{"damage":10,"enemies":"Small Slimes","floor":9,"turns":2},{"damage":20,"enemies":"2 Fungi Beasts","floor":11,"turns":2},{"damage":35,"enemies":"downfall:FleeingMerchant","floor":12,"turns":4},{"damage":29,"enemies":"downfall:FleeingMerchant","floor":14,"turns":3},{"damage":16,"enemies":"Gremlin Gang","floor":15,"turns":3},{"damage":31,"enemies":"SI_SHIV_ARCHETYPE","floor":16,"turns":4}],"seed_played":"5910790660646333885","potions_obtained":[{"floor":6,"key":"Regen Potion"},{"floor":8,"key":"FearPotion"},{"floor":11,"key":"BlessingOfTheForge"},{"floor":15,"key":"Guardian:BlockOnCardUsePotion"}],"is_trial":false,"path_per_floor":["R","M","$","?","M","E","T","?","M","R","M","$","?","?","M","B"],"character_chosen":"THE_CHAMP","items_purchased":["champ:Encircle"],"campfire_rested":0,"item_purchase_floors":[3],"current_hp_per_floor":[99,88,88,65,65,44,44,36,36,36,36,31,31,17,17,0,0,0],"gold":180,"neow_bonus":"TEN_PERCENT_HP_BONUS","is_daily":false,"chose_seed":false,"campfire_upgraded":1,"win_rate":0.0,"timestamp":1612082050,"path_taken":["R","M","$","?","M","E","T","?","M","R","M","$","?","?","M","BOSS"],"items_purchased_type":["Card"],"build_version":"2020-12-22","purchased_purges":0,"victory":false,"max_hp_per_floor":[99,99,99,99,99,99,99,99,99,99,99,99,99,99,99,99,99,99],"card_choices":[{"not_picked":["champ:DefensiveShout","champ:SetATrap"],"picked":"champ:StanceDance","floor":2},{"not_picked":["champ:PerfectedStrike","champ:IronFortress"],"picked":"champ:FocusedBerserking","floor":3},{"not_picked":["champ:PerfectedStrike","champ:SkillfulDodge"],"picked":"champ:AdrenalArmor","floor":4},{"not_picked":["champ:DefensiveShout","champ:PerfectedStrike"],"picked":"champ:StanceDance","floor":5},{"not_picked":["champ:FocusedDefense","champ:SetATrap"],"picked":"champ:BerserkersShout","floor":6},{"not_picked":["champ:ShieldThrow","champ:FanOfKnives"],"picked":"champ:FaceSlap","floor":8},{"not_picked":["champ:FancyFootwork","champ:DefensiveShout"],"picked":"champ:Encircle","floor":9},{"not_picked":["champ:PreciseThrust","champ:FalseCounter"],"picked":"champ:Shatter","floor":11},{"not_picked":["champ:PreciseThrust","champ:FlashCut"],"picked":"champ:AdrenalArmor","floor":12},{"not_picked":["champ:PreciseThrust","champ:BladeFlurry"],"picked":"champ:FaceSlap","floor":14},{"not_picked":["champ:FlashCut","champ:Haymaker"],"picked":"champ:SwordThrow","floor":15}],"player_experience":2245607,"relics_obtained":[{"floor":6,"key":"Nunchaku"},{"floor":7,"key":"Vajra"},{"floor":8,"key":"Odd Mushroom"},{"floor":14,"key":"Champion Belt"}],"event_choices":[{"damage_healed":0,"gold_gain":0,"player_choice":"Fought Mushrooms","damage_taken":0,"max_hp_gain":0,"max_hp_loss":0,"event_name":"Mushrooms","floor":8,"gold_loss":0}],"is_beta":false,"boss_relics":[],"items_purged_floors":[],"is_endless":false,"potions_floor_spawned":[6,8,11,14,15],"killed_by":"SI_SHIV_ARCHETYPE","ascension_level":0}}