{"host":"04hh9gplt9wkfmr1","time":1612123750,"event":{"mods":["AchievementEnabler","BaseMod","Colored Map","KOR Keyword Fix","Minty Spire (QoL Compilation)","Rare Cards Sparkle","SuperFastMode"],"gold_per_floor":[115,115,115,74,249,274,289,289,289,302,302,332,332,347,347,450,450,465,465,390,414,433,433,460,460,486,486,499,519,519,519],"floor_reached":30,"language":"KOR","playtime":635,"items_purged":["Doubt"],"score":320,"play_id":"e20b2800-8498-4260-95b8-5e1630aa847a","local_time":"20210201050910","is_ascension_mode":true,"campfire_choices":[{"data":"Bash","floor":11.0,"key":"SMITH"},{"floor":13.0,"key":"REST"},{"data":"Disarm","floor":15.0,"key":"SMITH"},{"data":"Double Tap","floor":23.0,"key":"SMITH"},{"floor":25.0,"key":"REST"},{"data":"Evolve","floor":27.0,"key":"SMITH"}],"circlet_count":0,"master_deck":["Strike_R+1","Strike_R+1","Strike_R","Strike_R","Strike_R","Defend_R","Defend_R","Defend_R","Defend_R","Bash+1","Perfected Strike+1","Evolve+1","Headbutt","Disarm+1","Double Tap+1","Bloodletting","Doubt","Wild Strike+1","Wild Strike","Normality","Perfected Strike"],"relics":["Burning Blood","Art of War","Potion Belt","Whetstone","Bag of Preparation","Blue Candle","Cursed Key","MealTicket","StoneCalendar","Bronze Scales"],"acts_visited":["Exordium","TheCity"],"potions_floor_usage":[],"damage_taken":[{"damage":6.0,"enemies":"Cultist","floor":1.0,"turns":4.0},{"damage":25.0,"enemies":"3 Sentries","floor":6.0,"turns":11.0},{"damage":4.0,"enemies":"2 Louse","floor":7.0,"turns":2.0},{"damage":0.0,"enemies":"Small Slimes","floor":10.0,"turns":2.0},{"damage":20.0,"enemies":"Gremlin Nob","floor":12.0,"turns":4.0},{"damage":6.0,"enemies":"3 Louse","floor":14.0,"turns":3.0},{"damage":61.0,"enemies":"Hexaghost","floor":16.0,"turns":13.0},{"damage":6.0,"enemies":"Spheric Guardian","floor":18.0,"turns":3.0},{"damage":2.0,"enemies":"3 Byrds","floor":22.0,"turns":4.0},{"damage":54.0,"enemies":"Slavers","floor":24.0,"turns":6.0},{"damage":12.0,"enemies":"Centurion and Healer","floor":28.0,"turns":2.0},{"damage":35.0,"enemies":"Snake Plant","floor":29.0,"turns":3.0},{"damage":12,"enemies":"Snecko","floor":30,"turns":3}],"seed_played":"-6177380304875115769","potions_obtained":[{"floor":1.0,"key":"PowerPotion"},{"floor":10.0,"key":"Explosive Potion"},{"floor":12.0,"key":"BlessingOfTheForge"},{"floor":18.0,"key":"CultistPotion"},{"floor":28.0,"key":"AttackPotion"}],"is_trial":false,"path_per_floor":["M","?","?","$","?","E","M","?","T","M","R","E","R","M","R","B",null,"M","?","$","T","M","R","E","R","T","R","M","M","M"],"character_chosen":"IRONCLAD","items_purchased":["Evolve"],"campfire_rested":2,"item_purchase_floors":[4],"current_hp_per_floor":[80,80,77,77,77,58,60,65,65,71,71,57,82,82,82,27,71,71,63,63,63,67,67,19,44,44,44,38,9,0,0],"gold":519,"neow_bonus":"RANDOM_COMMON_RELIC","is_daily":false,"chose_seed":false,"campfire_upgraded":4,"win_rate":0.0,"timestamp":1612123750,"path_taken":["M","?","?","$","?","E","M","?","T","M","R","E","R","M","R","BOSS","M","?","$","?","?","R","E","R","T","R","M","M","M"],"items_purchased_type":["Card"],"build_version":"2020-12-22","purchased_purges":1,"victory":false,"max_hp_per_floor":[80,80,80,80,80,80,80,85,85,85,85,85,85,85,85,85,85,85,85,85,85,85,85,85,85,85,85,85,85,85,85],"card_choices":[{"not_picked":["Carnage","Iron Wave"],"picked":"Perfected Strike","floor":1.0},{"not_picked":["Thunderclap","Anger","Immolate"],"picked":"SKIP","floor":6.0},{"not_picked":["Power Through","Hemokinesis","Flex"],"picked":"SKIP","floor":7.0},{"not_picked":["Clothesline","Sword Boomerang"],"picked":"Headbutt","floor":10.0},{"not_picked":["Havoc","Heavy Blade","Pummel"],"picked":"SKIP","floor":12.0},{"not_picked":["Warcry","Rage"],"picked":"Disarm","floor":14.0},{"not_picked":["Limit Break","Demon Form"],"picked":"Double Tap","floor":16.0},{"not_picked":["Clothesline+1","Sentinel"],"picked":"Bloodletting","floor":18.0},{"not_picked":["Iron Wave","Heavy Blade","Wild Strike+1"],"picked":"SKIP","floor":22.0},{"not_picked":["Iron Wave","Heavy Blade"],"picked":"Wild Strike+1","floor":22.0},{"not_picked":["Juggernaut","Feed"],"picked":"Wild Strike","floor":24.0},{"not_picked":["Havoc+1","Warcry"],"picked":"Perfected Strike","floor":28.0},{"not_picked":["Clothesline+1","Cleave","Thunderclap"],"picked":"SKIP","floor":29.0}],"player_experience":114941,"relics_obtained":[{"floor":6.0,"key":"Whetstone"},{"floor":9.0,"key":"Bag of Preparation"},{"floor":12.0,"key":"Blue Candle"},{"floor":21.0,"key":"MealTicket"},{"floor":24.0,"key":"StoneCalendar"},{"floor":26.0,"key":"Bronze Scales"}],"event_choices":[{"damage_healed":0.0,"max_hp_gain":0.0,"max_hp_loss":0.0,"gold_gain":0.0,"event_name":"Living Wall","player_choice":"Grow","floor":2.0,"gold_loss":0.0,"damage_taken":0.0,"cards_upgraded":["Perfected Strike"]},{"damage_healed":0.0,"max_hp_gain":0.0,"max_hp_loss":0.0,"gold_gain":0.0,"event_name":"Scrap Ooze","player_choice":"Success","floor":3.0,"gold_loss":0.0,"damage_taken":3.0,"relics_obtained":["Potion Belt"]},{"damage_healed":0.0,"max_hp_gain":0.0,"max_hp_loss":0.0,"gold_gain":175.0,"event_name":"Liars Game","player_choice":"AGREE","floor":5.0,"gold_loss":0.0,"damage_taken":0.0,"cards_obtained":["Doubt"]},{"damage_healed":0.0,"max_hp_gain":5.0,"max_hp_loss":0.0,"gold_gain":0.0,"event_name":"Big Fish","player_choice":"Donut","floor":8.0,"gold_loss":0.0,"damage_taken":0.0},{"damage_healed":0.0,"max_hp_gain":0.0,"max_hp_loss":0.0,"gold_gain":0.0,"event_name":"Wheel of Change","player_choice":"Damaged","floor":19.0,"gold_loss":0.0,"damage_taken":8.0}],"is_beta":false,"boss_relics":[{"not_picked":["Empty Cage","Busted Crown"],"picked":"Cursed Key"}],"items_purged_floors":[20],"is_endless":false,"potions_floor_spawned":[1,10,12,18,28],"killed_by":"Snecko","ascension_level":5}}