{"host":"6xsbn6ynqlzwllfm","time":1612101373,"event":{"mods":["2.2 Compatiblity","BaseMod","Bestiary","Colored Map","Colored Powertips","Curses Come First","Highlight Path","Keyboard Shortcuts","Minty Spire (QoL Compilation)","Relic Stats","Slay the Relics Exporter","StSLib","SuperFastMode"],"gold_per_floor":[114,114,129,144,144,178,191,224,294,323,323,354,372,447,447,447,447],"floor_reached":16,"language":"ENG","playtime":386,"items_purged":[],"score":260,"play_id":"1a3a11aa-9465-45e4-b71b-5f85263e7674","local_time":"20210131085613","is_ascension_mode":true,"campfire_choices":[{"data":"WheelKick","floor":15,"key":"SMITH"}],"circlet_count":0,"master_deck":["AscendersBane","Strike_P","Strike_P","Strike_P","Strike_P","Defend_P","Defend_P","Defend_P","Defend_P","Eruption","Vigilance","CrushJoints","CutThroughFate","BowlingBash","WheelKick+1","Wallop","Omniscience","FollowUp","FearNoEvil"],"relics":["PureWater","NeowsBlessing","Pen Nib","CloakClasp","Yang","Smiling Mask","MealTicket"],"acts_visited":["Exordium"],"potions_floor_usage":[6],"damage_taken":[{"damage":0,"enemies":"Small Slimes","floor":1,"turns":1},{"damage":0,"enemies":"2 Louse","floor":3,"turns":1},{"damage":0,"enemies":"Cultist","floor":4,"turns":1},{"damage":23,"enemies":"Lagavulin","floor":6,"turns":5},{"damage":0,"enemies":"Large Slime","floor":7,"turns":3},{"damage":2,"enemies":"3 Sentries","floor":8,"turns":4},{"damage":3,"enemies":"Gremlin Nob","floor":10,"turns":4},{"damage":25,"enemies":"Lagavulin","floor":12,"turns":8},{"damage":0,"enemies":"2 Fungi Beasts","floor":13,"turns":2},{"damage":4,"enemies":"The Guardian","floor":16,"turns":3}],"seed_played":"-7810609364365674986","potions_obtained":[{"floor":4,"key":"Block Potion"},{"floor":6,"key":"LiquidBronze"},{"floor":12,"key":"FearPotion"}],"is_trial":false,"path_per_floor":["M","?","M","M","?","E","M","E","T","E","?","E","M","?","R","B"],"character_chosen":"WATCHER","items_purchased":[],"campfire_rested":0,"item_purchase_floors":[],"current_hp_per_floor":[61,61,61,61,61,38,38,36,36,33,38,13,13,2,2,0,0],"gold":447,"neow_bonus":"THREE_ENEMY_KILL","is_daily":false,"chose_seed":false,"campfire_upgraded":1,"win_rate":0.0,"timestamp":1612101373,"path_taken":["M","?","M","M","?","E","M","E","T","E","?","E","M","?","R","BOSS"],"items_purchased_type":[],"build_version":"2020-12-22","purchased_purges":0,"victory":false,"max_hp_per_floor":[68,68,68,68,68,68,68,68,68,68,73,73,73,73,73,73,73],"relic_stats":{"counters":[10,32],"Yang":[32],"MealTicket":0,"Pen Nib":[4],"CloakClasp":[47],"Smiling Mask":0,"obtain_stats":[{"NeowsBlessing":0,"Yang":9,"MealTicket":12,"Pen Nib":6,"CloakClasp":8,"PureWater":0,"Smiling Mask":10},{"NeowsBlessing":0,"Yang":6,"MealTicket":8,"Pen Nib":4,"CloakClasp":6,"PureWater":0,"Smiling Mask":7},{"NeowsBlessing":0,"Yang":15,"MealTicket":27,"Pen Nib":8,"CloakClasp":15,"PureWater":0,"Smiling Mask":19}]},"card_choices":[{"not_picked":["Prostrate","Halt"],"picked":"CrushJoints","floor":1},{"not_picked":["ClearTheMind","EmptyBody"],"picked":"CutThroughFate","floor":3},{"not_picked":["WreathOfFlame","Study"],"picked":"BowlingBash","floor":4},{"not_picked":["Evaluate","Weave"],"picked":"WheelKick","floor":6},{"not_picked":["CrushJoints","Fasting2"],"picked":"Wallop","floor":7},{"not_picked":["FlyingSleeves","ClearTheMind"],"picked":"Omniscience","floor":8},{"not_picked":["Evaluate","Nirvana"],"picked":"FollowUp","floor":10},{"not_picked":["ClearTheMind","EmptyFist"],"picked":"FearNoEvil","floor":12}],"player_experience":1349506,"relics_obtained":[{"floor":6,"key":"Pen Nib"},{"floor":8,"key":"CloakClasp"},{"floor":9,"key":"Yang"},{"floor":10,"key":"Smiling Mask"},{"floor":12,"key":"MealTicket"}],"event_choices":[{"damage_healed":0,"gold_gain":0,"player_choice":"Ignored","damage_taken":0,"max_hp_gain":0,"max_hp_loss":0,"event_name":"Liars Game","floor":2,"gold_loss":0},{"damage_healed":0,"gold_gain":0,"player_choice":"Leave","damage_taken":0,"max_hp_gain":0,"max_hp_loss":0,"event_name":"The Cleric","floor":5,"gold_loss":0},{"damage_healed":0,"gold_gain":0,"player_choice":"Donut","damage_taken":0,"max_hp_gain":5,"max_hp_loss":0,"event_name":"Big Fish","floor":11,"gold_loss":0},{"damage_healed":0,"gold_gain":75,"player_choice":"Gather Gold","damage_taken":11,"max_hp_gain":0,"max_hp_loss":0,"event_name":"World of Goop","floor":14,"gold_loss":0}],"is_beta":false,"boss_relics":[],"items_purged_floors":[],"is_endless":false,"potions_floor_spawned":[4,6,12],"killed_by":"The Guardian","ascension_level":20}}