{"host":"yecadp3kwkksam5a","time":1612076782,"event":{"mods":["100% Spire Juice","Arknights","BaseMod","Minty Spire (QoL Compilation)","StSLib","SuperFastMode","The Cursed","WarShipGirlsR/??á´Ò³R mod"],"gold_per_floor":[119,135,9,25,25,25,39,51,51,66,66,66],"floor_reached":11,"language":"KOR","playtime":339,"items_purged":[],"score":114,"play_id":"5508b29a-03ab-49d2-8862-ca42308620f2","local_time":"20210131160622","is_ascension_mode":true,"campfire_choices":[{"data":"Feed","floor":6,"key":"SMITH"}],"circlet_count":0,"master_deck":["AscendersBane","Strike_R","Strike_R","Strike_R","Strike_R","Strike_R","Defend_R","Defend_R","Defend_R","Defend_R","Bash","Feed+1","Uppercut","Headbutt","Feel No Pain","Shrug It Off"],"relics":["Burning Blood","Molten Egg 2"],"acts_visited":["Exordium"],"potions_floor_usage":[10],"damage_taken":[{"damage":0.0,"enemies":"Cultist","floor":1.0,"turns":2.0},{"damage":16.0,"enemies":"Jaw Worm","floor":2.0,"turns":5.0},{"damage":4,"enemies":"Small Slimes","floor":4,"turns":3},{"damage":7,"enemies":"Red Slaver","floor":7,"turns":3},{"damage":11,"enemies":"Large Slime","floor":8,"turns":9},{"damage":25,"enemies":"Gremlin Gang","floor":10,"turns":7},{"damage":0,"enemies":"Lagavulin","floor":11,"turns":4}],"seed_played":"-6517199694218580947","potions_obtained":[{"floor":1.0,"key":"LiquidMemories"},{"floor":4,"key":"ColorlessPotion"},{"floor":10,"key":"Regen Potion"}],"is_trial":false,"path_per_floor":["M","M","$","M","?","R","M","M","T","M","E"],"character_chosen":"IRONCLAD","items_purchased":["Feel No Pain","Shrug It Off"],"campfire_rested":0,"item_purchase_floors":[3,3],"current_hp_per_floor":[71,64,64,69,74,74,77,76,76,61,61,61],"gold":66,"neow_bonus":"THREE_RARE_CARDS","is_daily":false,"chose_seed":false,"campfire_upgraded":1,"win_rate":0.0,"timestamp":1612076782,"path_taken":["M","M","?","M","?","R","M","M","T","M","E"],"items_purchased_type":["Card","Card"],"build_version":"2020-12-22","purchased_purges":0,"victory":false,"max_hp_per_floor":[71,74,74,77,82,82,86,90,90,94,94,94],"card_choices":[{"not_picked":["Offering","Bludgeon"],"picked":"Feed","floor":0.0},{"not_picked":["Cleave","Seeing Red"],"picked":"Uppercut","floor":1.0},{"not_picked":["True Grit","Ghostly Armor"],"picked":"Headbutt","floor":2.0},{"not_picked":["Twin Strike","Perfected Strike","Warcry"],"picked":"SKIP","floor":4},{"not_picked":["Warcry","Iron Wave","Wild Strike"],"picked":"SKIP","floor":7},{"not_picked":["Iron Wave","Clash","Thunderclap"],"picked":"SKIP","floor":8},{"not_picked":["Ghostly Armor","Clash+1","Uppercut+1"],"picked":"SKIP","floor":10}],"player_experience":572268,"relics_obtained":[{"floor":9,"key":"Molten Egg 2"}],"event_choices":[{"damage_healed":0,"gold_gain":0,"player_choice":"Donut","damage_taken":0,"max_hp_gain":5,"max_hp_loss":0,"event_name":"Big Fish","floor":5,"gold_loss":0}],"is_beta":false,"boss_relics":[],"items_purged_floors":[],"is_endless":false,"potions_floor_spawned":[1,4,10],"killed_by":"Lagavulin","ascension_level":14}}