{"host":"Bawah","time":1612066060,"event":{"mods":["BaseMod","Downfall","Marisa????????","Minty Spire (QoL Compilation)","Replay The Spire","StSLib","The Cursed"],"gold_per_floor":[110,123,135,96,112,112,142,158,158,186,211,211,211,252,252,369,369,397,131,144,69,69,94,94,127,153,153,173,205,205,218,218,314,314,342,53,53,53,65,65,10,10,10,51,51,71,71,82,82,102,102,102,2,35,35,35],"floor_reached":55,"language":"SPA","playtime":2828,"items_purged":["Defend_MRS","Defend_MRS"],"score":681,"play_id":"d6042c3b-c3af-404a-8a73-53b73bd595f4","local_time":"20210131050740","is_ascension_mode":false,"campfire_choices":[{"data":"OortCloud","floor":6,"key":"SMITH"},{"data":"WitchLeyline","floor":13,"key":"SMITH"},{"floor":15,"key":"REST"},{"data":"MysteriousBeam","floor":24,"key":"SMITH"},{"data":"MysteriousBeam","floor":24,"key":"SMITH"},{"data":"ShootingEcho","floor":27,"key":"SMITH"},{"data":"CasketOfStar","floor":27,"key":"SMITH"},{"data":"MysteriousBeam","floor":32,"key":"SMITH"},{"data":"EnergyFlow","floor":32,"key":"SMITH"},{"data":"FinalSpark","floor":40,"key":"SMITH"},{"data":"OrrerysSun","floor":40,"key":"SMITH"},{"floor":42,"key":"RECALL"},{"floor":49,"key":"REST"},{"data":"MasterSpark","floor":52,"key":"SMITH"},{"data":"SporeBomb","floor":52,"key":"SMITH"}],"circlet_count":0,"master_deck":["Strike_MRS","Strike_MRS","Defend_MRS","Defend_MRS","MasterSpark+1","UpSweep","EnergyFlow+1","NonDirectionalLaser","OortCloud+1","SporeBomb+1","WitchLeyline+1","OrrerysSun+1","WitchOfGreed","MysteriousBeam+1","MysteriousBeam+1","CasketOfStar+1","SprinkleStarSeal+1","IllusionStar+1","PulseMagic+1","ShootingEcho+1","WitchLeyline+1","MysteriousBeam+1","FinalSpark+1","OortCloud+1","Robbery+1","EarthLightRay+1","Acceleration+1","Singularity"],"relics":["BewitchedHakkero","NeowsBlessing","AmplifyWand","Nunchaku","Bronze Scales","ExperimentalFamiliar","ReplayFunnel","Replay:Arrowhead","Happy Flower","SimpleLauncher","Letter Opener","Blue Candle","ReplayTheSpireMod:TigerMarble"],"acts_visited":["Exordium","TheCity","TheBeyond","TheEnding"],"potions_floor_usage":[50,50,55],"damage_taken":[{"damage":0,"enemies":"Cultist","floor":1,"turns":1},{"damage":0,"enemies":"Jaw Worm","floor":2,"turns":1},{"damage":0,"enemies":"2 Louse","floor":3,"turns":1},{"damage":0,"enemies":"Large Slime","floor":5,"turns":5},{"damage":16,"enemies":"Lagavulin","floor":7,"turns":5},{"damage":9,"enemies":"3 Louse","floor":8,"turns":2},{"damage":0,"enemies":"3 Sentries","floor":10,"turns":7},{"damage":9,"enemies":"Looter","floor":11,"turns":3},{"damage":28,"enemies":"Hexaghost","floor":16,"turns":7},{"damage":25,"enemies":"Spheric Guardian","floor":18,"turns":4},{"damage":0,"enemies":"Chosen","floor":20,"turns":3},{"damage":0,"enemies":"Snake Plant","floor":23,"turns":3},{"damage":4,"enemies":"Sentry and Sphere","floor":25,"turns":4},{"damage":0,"enemies":"3 Cultists","floor":28,"turns":5},{"damage":6,"enemies":"Cultist and Chosen","floor":29,"turns":3},{"damage":0,"enemies":"Chosen and Byrds","floor":31,"turns":2},{"damage":18,"enemies":"Automaton","floor":33,"turns":5},{"damage":4,"enemies":"3 Darklings","floor":35,"turns":4},{"damage":11,"enemies":"Orb Walker","floor":39,"turns":3},{"damage":0,"enemies":"Maw","floor":44,"turns":4},{"damage":0,"enemies":"3 Darklings","floor":46,"turns":3},{"damage":0,"enemies":"Writhing Mass","floor":48,"turns":2},{"damage":17,"enemies":"Awakened One","floor":50,"turns":8},{"damage":59,"enemies":"Shield and Spear","floor":54,"turns":5},{"damage":34,"enemies":"The Heart","floor":55,"turns":3}],"seed_played":"1713354872874957658","potions_obtained":[{"floor":1,"key":"PowerPotion"},{"floor":3,"key":"SpeedPotion"},{"floor":5,"key":"ShroomBrew"},{"floor":16,"key":"BottledSpark"},{"floor":23,"key":"Milkshake"}],"is_trial":false,"path_per_floor":["M","M","M","$","M","R","E","M","T","E","M","?","R","?","R","B",null,"M","$","M","?","?","M","R","M","T","R","M","M","?","M","R","B",null,"M","$","?","$","M","R","$","R","T","M","?","M","?","M","R","B",null,"R","$","E","B"],"character_chosen":"MARISA","items_purchased":["OortCloud","ReplayFunnel","IllusionStar+1","SimpleLauncher","Robbery+1"],"campfire_rested":2,"item_purchase_floors":[4,19,19,36,41],"current_hp_per_floor":[75,75,75,75,75,75,59,50,50,50,41,66,66,48,70,42,75,50,50,50,50,50,50,50,46,46,46,46,40,40,40,40,22,75,71,71,71,71,60,60,60,60,60,60,55,55,55,55,75,64,75,75,75,22,0,0],"gold":35,"neow_bonus":"THREE_ENEMY_KILL","is_daily":false,"chose_seed":false,"campfire_upgraded":12,"win_rate":0.0,"timestamp":1612066060,"path_taken":["M","M","M","$","M","R","E","?","T","E","M","?","R","?","R","BOSS","M","$","M","?","?","M","R","?","T","R","M","M","?","M","R","BOSS","M","$","?","$","?","R","?","R","T","M","?","M","?","?","R","BOSS","R","$","E","BOSS"],"items_purchased_type":["Card","Relic","Card","Relic","Card"],"build_version":"2020-12-18","purchased_purges":2,"victory":false,"max_hp_per_floor":[75,75,75,75,75,75,75,75,75,75,75,75,75,75,75,75,75,75,75,75,75,75,75,75,75,75,75,75,75,75,75,75,75,75,75,75,75,75,75,75,75,75,75,75,75,75,75,75,75,75,75,75,75,75,75,75],"card_choices":[{"not_picked":["ManaConvection","StarBarrage","AsteroidBelt"],"picked":"SKIP","floor":1},{"not_picked":["DeepEcoloBomb","BlazeAway"],"picked":"EnergyFlow","floor":2},{"not_picked":["GalacticHalo","LuminesStrike"],"picked":"NonDirectionalLaser","floor":3},{"not_picked":["AsteroidBelt","MachineGunSpark"],"picked":"SporeBomb","floor":5},{"not_picked":["WitchOfGreed","MeteoricShower"],"picked":"WitchLeyline","floor":7},{"not_picked":["MilkyWay","SuperPerseids"],"picked":"OrrerysSun","floor":8},{"not_picked":["EarthLightRay","Orbital"],"picked":"WitchOfGreed","floor":10},{"not_picked":["MilkyWay","SporeBomb","DragonMeteor"],"picked":"SKIP","floor":11},{"not_picked":["DoubleSpark","DarkSpark"],"picked":"MysteriousBeam","floor":14},{"not_picked":["BigCrunch","Orbital"],"picked":"MysteriousBeam","floor":14},{"not_picked":["JA","MaximisePower"],"picked":"CasketOfStar","floor":16},{"not_picked":["6A","DC"],"picked":"SprinkleStarSeal+1","floor":18},{"not_picked":["AsteroidBelt","MachineGunSpark"],"picked":"PulseMagic","floor":20},{"not_picked":["OrrerysSun+1","GravityBeat","WitchOfGreed"],"picked":"SKIP","floor":23},{"not_picked":["FairyDestructionRay","SuperPerseids"],"picked":"ShootingEcho","floor":25},{"not_picked":["MilkyWay","LuminesStrike","ChargingUp+1"],"picked":"SKIP","floor":28},{"not_picked":["AlicesGift","6A+1"],"picked":"WitchLeyline+1","floor":29},{"not_picked":["AsteroidBelt","StarlightTyphoon"],"picked":"MysteriousBeam","floor":31},{"not_picked":["CollectingQuirk","UltimateShortwave"],"picked":"FinalSpark","floor":33},{"not_picked":["MachineGunSpark+1","GrandCross"],"picked":"OortCloud+1","floor":35},{"not_picked":["ShootingEcho","DC+1","6A+1"],"picked":"SKIP","floor":39},{"not_picked":["DC","EnergyRecoil","ManaRampage"],"picked":"SKIP","floor":44},{"not_picked":["GasGiant","LuminesStrike"],"picked":"EarthLightRay+1","floor":46},{"not_picked":["PowerUp","SporeBomb+1"],"picked":"Acceleration+1","floor":48},{"not_picked":["OrrerysSun+1","LuminesStrike"],"picked":"Singularity","floor":54}],"player_experience":845774,"relics_obtained":[{"floor":7,"key":"AmplifyWand"},{"floor":10,"key":"Nunchaku"},{"floor":14,"key":"Bronze Scales"},{"floor":26,"key":"Happy Flower"},{"floor":43,"key":"Letter Opener"},{"floor":54,"key":"ReplayTheSpireMod:TigerMarble"}],"event_choices":[{"damage_healed":25,"gold_gain":0,"player_choice":"Banana","damage_taken":0,"max_hp_gain":0,"max_hp_loss":0,"event_name":"Big Fish","floor":12,"gold_loss":0},{"cards_removed":["Strike_MRS"],"damage_healed":0,"gold_gain":0,"player_choice":"Gave Gold","damage_taken":0,"max_hp_gain":0,"max_hp_loss":0,"event_name":"Beggar","floor":21,"gold_loss":75},{"damage_healed":0,"gold_gain":0,"player_choice":"Got Potions","damage_taken":0,"max_hp_gain":0,"max_hp_loss":0,"event_name":"Lab","floor":30,"gold_loss":0},{"cards_removed":["Strike_MRS"],"damage_healed":0,"gold_gain":0,"player_choice":"Purged","damage_taken":0,"max_hp_gain":0,"max_hp_loss":0,"event_name":"Purifier","floor":37,"gold_loss":0},{"damage_healed":0,"gold_gain":0,"player_choice":"Forge","damage_taken":0,"max_hp_gain":0,"max_hp_loss":0,"event_name":"Accursed Blacksmith","floor":47,"gold_loss":0,"cards_upgraded":["PulseMagic"]}],"is_beta":true,"boss_relics":[{"not_picked":["bronze:MakeshiftBattery","Empty Cage"],"picked":"ExperimentalFamiliar"},{"not_picked":["Sozu","Philosopher\u0027s Stone"],"picked":"BewitchedHakkero"}],"items_purged_floors":[19,53],"is_endless":false,"potions_floor_spawned":[1,3,5,10,16,23,28,29,31,39,48],"killed_by":"The Heart","ascension_level":0}}