{"host":"w0r0bzsul0vy4upc","time":1612075737,"event":{"mods":["AchievementEnabler","AlwaysNeverKeys","Arknights","Aspiration","BaseMod","Better Altar","Better Sensory Stone","Better Third Choice","BetterRewards","Card Forge","Colored Map","Colored Powertips","Conspire","Downfall","Evolution","Fiend Mod","Gold Saver","Hubris","Infinite Spire","Lobotomy","Minty Spire (QoL Compilation)","Permanent Neow","Quick Restart","Rare Cards Sparkle","Relic Stats","Reliquary","Replay The Spire","Reworked Bosses","Shop Mod","Spicy Shops","Spikes Relics","Spire Arcade","StSLib","The Blackbeard","The Blue Laboratory","The Mystic","The Necromancer","The Poker Player","Wandering Minibosses","Yuri Mod"],"gold_per_floor":[113,127,127,9,27,27,666,685,685,685,685,685,710,698,698,797,797,797],"floor_reached":17,"language":"FRA","playtime":2052,"items_purged":[],"score":149,"play_id":"71315ec4-585b-4142-a8f2-1431691cbe74","local_time":"20210131014857","is_ascension_mode":false,"campfire_choices":[{"data":"Fiend:FiendConsume","floor":6,"key":"SMITH"},{"floor":12,"key":"REST"},{"floor":15,"key":"REST"}],"circlet_count":0,"master_deck":["Fiend:FiendDemonSlash","Fiend:FiendDemonSlash","Fiend:FiendDemonSlash","Fiend:FiendDemonSlash","Fiend:FiendFortify","Fiend:FiendFortify","Fiend:FiendFortify","Fiend:FiendFortify","Fiend:FiendConsume+1","Fiend:FiendDemonicContract","Fiend:FiendDemonicContract","Fiend:FiendUpstartDemon","ReplayTheSpireMod:Uncanny Aura","Fiend:FiendHarden","Fiend:FiendVaccine","Fiend:FiendFleshWhip","Fiend:FiendViolentOutburst","Injury","Fiend:FiendBribery","champ:EnGarde","Fiend:FiendFeast"],"relics":["Fiend:FiendTotem","Hammer of Thor","Seething Fire","Anvil of the Gods","EVO:Axolotl","Nunchaku","Golden Idol","hubris:DisguiseKit","Cursed Key"],"acts_visited":["Exordium","TheCity"],"potions_floor_usage":[],"damage_taken":[{"damage":5,"enemies":"2 Louse","floor":1,"turns":3},{"damage":3,"enemies":"Cultist","floor":2,"turns":4},{"damage":8,"enemies":"Jaw Worm","floor":5,"turns":4},{"damage":3,"enemies":"Looter","floor":7,"turns":4},{"damage":27,"enemies":"Blue Slaver","floor":8,"turns":6},{"damage":21,"enemies":"Large Slime","floor":13,"turns":6},{"damage":11,"enemies":"2 Fungi Beasts","floor":14,"turns":4},{"damage":70,"enemies":"The Guardian","floor":16,"turns":11}],"seed_played":"-5646725282303285905","potions_obtained":[{"floor":2,"key":"blueLaboratory:NullPotion"},{"floor":7,"key":"blueLaboratory:StoneskinPotion"},{"floor":8,"key":"blueLaboratory:AbyssPotion"},{"floor":13,"key":"champ:CounterPotion"}],"is_trial":false,"path_per_floor":["M","M","?","$","M","R","M","M","T","?","?","R","M","M","R","B",null],"character_chosen":"THE_FIEND","items_purchased":["ReplayTheSpireMod:Uncanny Aura","Fiend:FiendHarden"],"campfire_rested":2,"item_purchase_floors":[4,4],"current_hp_per_floor":[72,71,71,71,64,64,69,47,47,47,47,70,53,44,68,4,83,83],"gold":797,"neow_bonus":"TEN_PERCENT_HP_BONUS","is_daily":false,"chose_seed":false,"campfire_upgraded":1,"win_rate":0.0,"timestamp":1612075737,"path_taken":["M","M","?","$","M","R","?","M","T","?","?","R","M","M","R","BOSS"],"items_purchased_type":["Card","Card"],"build_version":"2020-12-22","purchased_purges":0,"victory":false,"max_hp_per_floor":[77,77,77,77,77,77,79,79,79,79,79,79,79,81,81,83,83,83],"relic_stats":{"Nunchaku":[4],"counters":[8,42],"Golden Idol":35,"Cursed Key":0,"obtain_stats":[{"hubris:DisguiseKit":11,"Nunchaku":9,"Anvil of the Gods":0,"Golden Idol":10,"Hammer of Thor":0,"EVO:Axolotl":0,"Seething Fire":0,"Fiend:FiendTotem":0,"Cursed Key":17},{"hubris:DisguiseKit":5,"Nunchaku":5,"Anvil of the Gods":0,"Golden Idol":5,"Hammer of Thor":0,"EVO:Axolotl":0,"Seething Fire":0,"Fiend:FiendTotem":0,"Cursed Key":8},{"hubris:DisguiseKit":21,"Nunchaku":21,"Anvil of the Gods":0,"Golden Idol":21,"Hammer of Thor":0,"EVO:Axolotl":0,"Seething Fire":0,"Fiend:FiendTotem":0,"Cursed Key":42}]},"card_choices":[{"not_picked":["Fiend:FiendSplat","Fiend:FiendAbomination"],"picked":"Fiend:FiendDemonicContract","floor":1},{"not_picked":["Fiend:FiendSliceAndDice","Fiend:FiendSplat"],"picked":"Fiend:FiendDemonicContract","floor":2},{"not_picked":["Fiend:FiendSalvage","Fiend:FiendBlackMarket"],"picked":"Fiend:FiendVaccine","floor":5},{"not_picked":["Fiend:FiendMeditate","Fiend:FiendAbomination"],"picked":"Fiend:FiendFleshWhip","floor":7},{"not_picked":["Fiend:FiendBackFromHell","Fiend:FiendSplat"],"picked":"Fiend:FiendViolentOutburst","floor":8},{"not_picked":["Fiend:FiendInjection","Fiend:FiendFiendishCharge","champ:Circumvent"],"picked":"Fiend:FiendBribery","floor":13},{"not_picked":["Fiend:FiendCancer","Fiend:FiendAbomination","Fiend:FiendViolentOutburst"],"picked":"champ:EnGarde","floor":14},{"not_picked":["Fiend:FiendFleshForFlesh","Fiend:FiendNom","champ:CheapShot"],"picked":"Fiend:FiendFeast","floor":16}],"player_experience":169364,"relics_obtained":[{"floor":9,"key":"Nunchaku"}],"event_choices":[{"damage_healed":0,"gold_gain":0,"cards_transformed":["Fiend:FiendDemonSlash"],"player_choice":"Transformed","damage_taken":0,"max_hp_gain":0,"max_hp_loss":0,"event_name":"Transmorgrifier","floor":3,"gold_loss":0,"cards_obtained":["Fiend:FiendUpstartDemon"]},{"damage_healed":0,"gold_gain":0,"player_choice":"Take Wound","damage_taken":0,"relics_obtained":["Golden Idol"],"max_hp_gain":0,"max_hp_loss":0,"event_name":"Golden Idol","floor":10,"gold_loss":0,"cards_obtained":["Injury"]}],"is_beta":false,"boss_relics":[{"not_picked":["ChewingGum","hubris:TerracottaHorce"],"picked":"Cursed Key"}],"items_purged_floors":[],"is_endless":false,"potions_floor_spawned":[2,7,8,13],"ascension_level":0}}