{"host":"osk2oboccoevp2u5","time":1612055368,"event":{"mods":["AchievementEnabler","Alarm Clock","BaseMod","Colored Powertips","Disable Question Mark Monsters","Displayed Cursed Tome","Hermit","Key Reminder","Minty Spire (QoL Compilation)","Potion Indicator Mod","Quick Restart","Rare Cards Sparkle","Reorder Act Four","StSLib","Useless Jewels Mod"],"gold_per_floor":[320,595,606,62,62,76,88,120,147,6,6,22,51,64,64,64,64],"floor_reached":16,"language":"ENG","playtime":1052,"items_purged":[],"score":146,"play_id":"155186b5-ff0c-4a6e-a57c-cf10b7be6606","local_time":"20210130210928","is_ascension_mode":true,"campfire_choices":[{"floor":11.0,"key":"REST"},{"floor":15,"key":"REST"}],"circlet_count":0,"master_deck":["hermit:Strike_Hermit","hermit:Strike_Hermit","hermit:Strike_Hermit","hermit:Strike_Hermit+1","hermit:Defend_Hermit","hermit:Defend_Hermit","hermit:Defend_Hermit","hermit:Defend_Hermit","hermit:Snapshot+1","hermit:Covet","Regret","hermit:FullyLoaded","Blind","hermit:Combo","hermit:Determination","hermit:Cheat","Flash of Steel","hermit:Feint","hermit:FinalCanter"],"relics":["hermit:Momento","Old Coin","Pantograph","Art of War","Smiling Mask","Whetstone"],"acts_visited":["Exordium"],"potions_floor_usage":[13,16],"damage_taken":[{"damage":0.0,"enemies":"Small Slimes","floor":1.0,"turns":2.0},{"damage":1.0,"enemies":"Cultist","floor":3.0,"turns":4.0},{"damage":0.0,"enemies":"2 Louse","floor":6.0,"turns":3.0},{"damage":14.0,"enemies":"Exordium Wildlife","floor":7.0,"turns":5.0},{"damage":47.0,"enemies":"Gremlin Nob","floor":8.0,"turns":6.0},{"damage":14.0,"enemies":"2 Fungi Beasts","floor":12.0,"turns":5.0},{"damage":11,"enemies":"Lagavulin","floor":13,"turns":7},{"damage":9,"enemies":"Blue Slaver","floor":14,"turns":4},{"damage":51,"enemies":"Hexaghost","floor":16,"turns":12}],"seed_played":"8744365178843034972","potions_obtained":[{"floor":3.0,"key":"Ancient Potion"},{"floor":7.0,"key":"ColorlessPotion"},{"floor":8.0,"key":"SneckoOil"},{"floor":13,"key":"SteroidPotion"}],"is_trial":false,"path_per_floor":["M","?","M","$","?","M","M","E","T","$","R","M","E","M","R","B"],"character_chosen":"HERMIT","items_purchased":["Fruit Juice","hermit:Tonic","Pantograph","Blind","hermit:Combo","Explosive Potion","Flash of Steel"],"campfire_rested":2,"item_purchase_floors":[4,4,4,4,4,10,10],"current_hp_per_floor":[68,68,67,72,72,72,58,11,11,11,35,21,10,1,25,0,0],"gold":64,"neow_bonus":"ONE_RARE_RELIC","is_daily":false,"chose_seed":false,"campfire_upgraded":0,"win_rate":0.0,"timestamp":1612055368,"path_taken":["M","?","M","?","?","M","M","E","T","$","R","M","E","M","R","BOSS"],"items_purchased_type":["Potion","Potion","Relic","Card","Card","Potion","Card"],"build_version":"2020-12-22","purchased_purges":0,"victory":false,"max_hp_per_floor":[75,75,75,80,80,80,80,80,80,80,80,80,80,80,80,80,80],"card_choices":[{"not_picked":["hermit:Roulette","hermit:HighCaliber","hermit:Horror"],"picked":"SKIP","floor":1.0},{"not_picked":["hermit:Headshot","hermit:Glare"],"picked":"hermit:FullyLoaded","floor":3.0},{"not_picked":["hermit:Deadeye","hermit:Gestalt","hermit:Desperado"],"picked":"SKIP","floor":6.0},{"not_picked":["hermit:Misfire","hermit:CursedWeapon"],"picked":"hermit:Determination","floor":7.0},{"not_picked":["hermit:Quickdraw","hermit:Manifest"],"picked":"hermit:Cheat","floor":8.0},{"not_picked":["hermit:BigShot","hermit:Enervate"],"picked":"hermit:Feint","floor":12.0},{"not_picked":["hermit:Manifest","hermit:Misfire"],"picked":"hermit:FinalCanter","floor":13},{"not_picked":["hermit:CursedWeapon","hermit:Enervate","hermit:Headshot"],"picked":"SKIP","floor":14}],"player_experience":1011896,"relics_obtained":[{"floor":8.0,"key":"Art of War"},{"floor":9.0,"key":"Smiling Mask"},{"floor":13,"key":"Whetstone"}],"event_choices":[{"damage_healed":0.0,"max_hp_gain":0.0,"max_hp_loss":0.0,"gold_gain":275.0,"event_name":"Golden Shrine","player_choice":"Desecrate","floor":2.0,"gold_loss":0.0,"damage_taken":0.0,"cards_obtained":["Regret"]},{"damage_healed":0.0,"max_hp_gain":0.0,"max_hp_loss":0.0,"gold_gain":0.0,"event_name":"The Cleric","player_choice":"Leave","floor":5.0,"gold_loss":0.0,"damage_taken":0.0}],"is_beta":false,"boss_relics":[],"items_purged_floors":[],"is_endless":false,"potions_floor_spawned":[3,7,8,13],"killed_by":"Hexaghost","ascension_level":6}}