{"host":"vca5odlxycr7xk6d","time":1612095986,"event":{"mods":["Act Like it!","BaseMod","Better Note","BetterRewards","Colored Map","Gensokyo","GungeonMod","Hubris","Infinite Spire","Lobotomy","LobotomyExtend","Marisa????????","Minty Spire (QoL Compilation)","Rare Cards Sparkle","Reimu??????","Replay The Spire","Shop Mod","StSLib","The Animator","The Exalted"],"gold_per_floor":[377,399,399,399,125,125,144,176,176,176,131,161,161,161,161,266,266,277,277,331,354,161,195,214,214,287,287,321,351,351,58,58,60,60],"floor_reached":33,"language":"ENG","playtime":1969,"items_purged":["Regret","animator:HigakiRinne"],"score":283,"play_id":"0a1edf31-1bb1-4335-8288-a7eccbc82af2","local_time":"20210131192626","is_ascension_mode":false,"campfire_choices":[{"data":"animator:MamiTomoe","floor":6,"key":"SMITH"},{"data":"animator:Tatsumaki","floor":15,"key":"SMITH"},{"data":"animator:NagisaMomoe","floor":25,"key":"SMITH"},{"data":"animator:Biyorigo","floor":27,"key":"SMITH"},{"floor":32,"key":"DIG"}],"circlet_count":0,"master_deck":["animator:Tatsumaki+1","animator:MamiTomoe+1","animator:OrikoMikuni+1","infinitespire:Oblivion","animator:YuiTsuruno","animator:NagisaMomoe+1","animator:YachiyoNanami","animator:YachiyoNanami","infinitespire:Menacing","animator:Biyorigo+1","animator:KyokoSakura"],"relics":["animator:LivingPicture","animator:TheMissingPiece","LetterFromLob","animator:Hoodie","Pet Ghost","RuthlessExorcism:ReiMu","animator:WizardHat","DemoMod:JetPack","Replay:Mystery Machine","Mark of Pain","Medical Kit","infinitespire:Bottled Soul","Replay:Bandana","DemoMod:GlassGuonStoneRelic","MerchantsRug","Brimstone","DemoMod:Relodestone"],"acts_visited":["Exordium","TheCity"],"potions_floor_usage":[8,23,28,33,33],"damage_taken":[{"damage":7,"enemies":"Small Slimes","floor":1,"turns":4},{"damage":4,"enemies":"Jaw Worm","floor":2,"turns":4},{"damage":0,"enemies":"2 Louse","floor":7,"turns":1},{"damage":13,"enemies":"Lagavulin","floor":8,"turns":6},{"damage":20,"enemies":"Looter","floor":12,"turns":3},{"damage":49,"enemies":"Fading Forest","floor":16,"turns":11},{"damage":11,"enemies":"Spheric Guardian","floor":18,"turns":3},{"damage":0,"enemies":"3 Byrds","floor":20,"turns":2},{"damage":0,"enemies":"Snecko","floor":21,"turns":2},{"damage":9,"enemies":"Nightmare","floor":23,"turns":7},{"damage":20,"enemies":"Centurion and Healer","floor":24,"turns":4},{"damage":15,"enemies":"Replay:Snechameleon","floor":28,"turns":5},{"damage":9,"enemies":"Shelled Parasite and Fungi","floor":29,"turns":3},{"damage":9,"enemies":"Pondfish","floor":33,"turns":1}],"seed_played":"-8741120008001195675","potions_obtained":[{"floor":2,"key":"Fire Potion"},{"floor":21,"key":"Weak Potion"},{"floor":23,"key":"Swift Potion"},{"floor":24,"key":"LiquidBronze"},{"floor":28,"key":"Reflective Coating"}],"is_trial":false,"path_per_floor":["M","M","?","?","$","R","M","E","T","?","$","M","?","?","R","B",null,"M","AVR","M","M","$","NM","M","R","T","R","E","M","?","$","R_BF","B"],"character_chosen":"THE_ANIMATOR","items_purchased":["RuthlessExorcism:ReiMu","animator:Darkness","animator:Tatsumaki","Medical Kit","animator:YachiyoNanami","MerchantsRug","Brimstone"],"campfire_rested":0,"item_purchase_floors":[5,5,11,22,22,31,31],"current_hp_per_floor":[53,49,37,37,37,37,40,28,28,64,64,44,44,44,44,15,64,54,54,57,62,62,53,33,33,33,33,18,9,9,9,9,0,0],"gold":60,"neow_bonus":"TWO_FIFTY_GOLD","is_daily":false,"chose_seed":false,"campfire_upgraded":4,"win_rate":0.0,"timestamp":1612095986,"path_taken":["M","M","?","?","?","R","M","E","T","?","$","M","?","?","R","BOSS","M","AVR","?","M","$","NM","?","R","T","R","E","M","?","?","R_BF","BOSS"],"items_purchased_type":["Relic","Card","Card","Relic","Card","Relic","Relic"],"build_version":"2020-12-22","purchased_purges":2,"victory":false,"max_hp_per_floor":[60,60,60,60,60,60,63,64,64,64,64,64,64,64,64,64,64,65,65,68,73,73,73,73,73,73,73,73,73,73,73,73,73,73],"card_choices":[{"not_picked":["animator:Guy","animator:Mitsuba"],"picked":"animator:MamiTomoe","floor":1},{"not_picked":["animator:OrikoMikuni","animator:PandorasActor"],"picked":"animator:Megumin","floor":2},{"not_picked":["animator:MumenRider","animator:CrowleyEusford"],"picked":"animator:Sonic","floor":7},{"not_picked":["animator:YuiTsuruno","animator:SuzuneAmano"],"picked":"animator:SayakaMiki","floor":8},{"not_picked":["animator:Guy","animator:ChaikaBohdan"],"picked":"animator:MamiTomoe","floor":12},{"not_picked":["animator:Guren","animator:Wiz"],"picked":"animator:HigakiRinne","floor":16},{"not_picked":["animator:Geryuganshoop","animator:Emonzaemon+1"],"picked":"animator:OrikoMikuni+1","floor":18},{"not_picked":["animator:Emonzaemon","animator:Vanir+1"],"picked":"animator:YuiTsuruno","floor":20},{"not_picked":["animator:OrikoMikuni","animator:KyokoSakura"],"picked":"animator:NagisaMomoe","floor":21},{"not_picked":["ReplayTheSpireMod:Black Plague","infinitespire:Punishment"],"picked":"infinitespire:Menacing","floor":23},{"not_picked":["animator:Tatsumaki","animator:Chris"],"picked":"animator:Biyorigo","floor":23},{"not_picked":["animator:Mitsuba","animator:Cocytus"],"picked":"animator:KyokoSakura","floor":24},{"not_picked":["animator:Cocytus","animator:Fredrika+1","animator:AcuraTooru"],"picked":"SKIP","floor":28}],"player_experience":537561,"relics_obtained":[{"floor":1,"key":"LetterFromLob"},{"floor":8,"key":"animator:WizardHat"},{"floor":9,"key":"DemoMod:JetPack"},{"floor":13,"key":"Replay:Mystery Machine"},{"floor":23,"key":"infinitespire:Bottled Soul"},{"floor":26,"key":"infinitespire:Eraser"},{"floor":28,"key":"Replay:Bandana"},{"floor":32,"key":"DemoMod:Relodestone"}],"event_choices":[{"damage_healed":0,"gold_gain":0,"player_choice":"Success","damage_taken":12,"relics_obtained":["animator:Hoodie"],"max_hp_gain":0,"max_hp_loss":0,"event_name":"Scrap Ooze","floor":3,"gold_loss":0},{"damage_healed":0,"gold_gain":0,"player_choice":"Box","damage_taken":0,"relics_obtained":["Pet Ghost"],"max_hp_gain":0,"max_hp_loss":0,"event_name":"Big Fish","floor":4,"gold_loss":0,"cards_obtained":["Regret"]},{"damage_healed":0,"gold_gain":0,"player_choice":"Upgraded","damage_taken":0,"max_hp_gain":0,"max_hp_loss":0,"event_name":"Upgrade Shrine","floor":14,"gold_loss":0,"cards_upgraded":["animator:MamiTomoe"]},{"cards_removed":["animator:HigakiRinne"],"damage_healed":0,"gold_gain":0,"player_choice":"Give","damage_taken":0,"max_hp_gain":0,"max_hp_loss":0,"event_name":"betterNote:BetterNote","floor":30,"gold_loss":0,"cards_obtained":["Defend_R"]}],"is_beta":false,"boss_relics":[{"not_picked":["Honey Jar","animator:RacePiece"],"picked":"Mark of Pain"}],"items_purged_floors":[5,31],"is_endless":false,"potions_floor_spawned":[2,21,23,24,28],"killed_by":"Pondfish","ascension_level":0}}