{"host":"qmnyg5dk1o6rw6mz","time":1612087717,"event":{"mods":["100% Spire Juice","2.2 Compatiblity","AchievementEnabler","Act Like it!","Aspiration","Astrologer","BaseMod","Beaked The Cultist","Better Altar","Better Match","Better Note","Better Sensory Stone","Better Skull","Better Third Choice","Better Vampires","Block Reminder","CapriCore","Challenge The Spire","ChefMod","Colored Map","Colored Powertips","Conspire","Defuse TimeMaze Blight","Disable Question Mark Monsters","Displayed Cursed Tome","Downfall","Energized Spire","Fox Events","Gensokyo","GifTheSpireLib","Hermit","Highlight Path","HornydragonMod","Hubris","Infinite Spire","Jedi Mod","Koishi","KomeijiMod","Mari Mod (Legacy)","Mari\u0027s V1 Patch","Marisa¡]Ãú«B¡@Å]²z¨F¡^","Marked Mod","Minty Spire (QoL Compilation)","Monster B Gone","Pale of the Ancients","Permanent Neow","Prisma Mod","Quick Restart","Reimu¡]³Õ???¡^","Relic Filter","Reliquary","Replay The Spire","SIMod","StSLib","Synergy Search","The Alterego","The Bug Knight","The Construct","The Cursed","The Dragon Tamer","The Gatherer","The Hayseed","The Immortal","The Poker Player","The Problem Sleuth","The Runesmith","The Showman","Unceasing Turn Reminder","Wide Potions","Yuri Mod","thorton"],"gold_per_floor":[99,111,138,157,174,174,256,267,267,167,181,198,198,198,212,313,313,313,331,331,331,357,404,404,450,450,90,181,246,146,187,231,366,366,366,394,439,439,439,476,501,501,501,547,577,577,577],"floor_reached":45,"language":"ENG","playtime":1778,"items_purged":["Guardian:Strike_Guardian","downfall:Malfunctioning"],"score":504,"play_id":"025bf3ff-35e8-4295-af94-bb497a74da10","local_time":"20210131180837","is_ascension_mode":false,"campfire_choices":[{"data":"Guardian:GemFinder","floor":1.0,"key":"SMITH"},{"data":"Guardian:TwinSlam","floor":6.0,"key":"SMITH"},{"data":"Guardian:FloatingOrbs","floor":10.0,"key":"SMITH"},{"data":"Guardian:FierceBash","floor":18.0,"key":"SMITH"},{"data":"Guardian:BaubleBeam","floor":26.0,"key":"SMITH"},{"data":"Guardian:FloatingOrbs","floor":30.0,"key":"SMITH"},{"data":"Guardian:ExploitGems","floor":35.0,"key":"SMITH"},{"floor":43.0,"key":"RECALL"}],"circlet_count":0,"master_deck":["Guardian:Strike_Guardian+1","Guardian:Strike_Guardian","Guardian:Strike_Guardian","Guardian:Defend_Guardian","Guardian:Defend_Guardian","Guardian:Defend_Guardian+1","Guardian:Defend_Guardian","Guardian:CurlUp","Guardian:TwinSlam+1","Guardian:GemFinder+1","Guardian:FloatingOrbs+1","Guardian:Emergency","Guardian:VentSteam","Guardian:CrystalBeam","Guardian:PrimingBeam","Guardian:Orbwalk+1","Guardian:Gem_Red","Guardian:FierceBash+1","Guardian:FloatingOrbs+1","Guardian:BaubleBeam+1","Guardian:Gem_Red","Guardian:ChargeCore","Guardian:VentSteam","Guardian:Gem_Red","Guardian:Gem_Fragmented","Guardian:StasisField","Guardian:Gem_Red","Guardian:Gem_Red","Guardian:Gem_Purple","Guardian:ExploitGems+1","Guardian:WalkerClaw+1","Enlightenment","Guardian:Gem_Red","Guardian:WalkerClaw+1"],"relics":["Guardian:ModeShifter","reliquary:PartyBalloon","downfall:HeartBlessingBlue","ThirstyCross","construct:ClawGrip","Counterbalance","Replay:Bandana","infinitespire:FocusingShard","Lee\u0027s Waffle","ReplayTheSpireMod:TigerMarble","Runesmith:AutoHammer","downfall:HeartBlessingGreen","energizedSpire:SpiderWeb","hubris:DeckOfHolding","hubris:Towel","aspiration:TomeofQuesting"],"acts_visited":["Exordium","TheCity","TheBeyond"],"potions_floor_usage":[],"damage_taken":[{"damage":3.0,"enemies":"Cultist","floor":2.0,"turns":5.0},{"damage":0.0,"enemies":"Small Slimes","floor":4.0,"turns":3.0},{"damage":10.0,"enemies":"Jaw Worm","floor":5.0,"turns":4.0},{"damage":14.0,"enemies":"2 Fungi Beasts","floor":8.0,"turns":3.0},{"damage":7.0,"enemies":"3 Louse","floor":11.0,"turns":3.0},{"damage":9.0,"enemies":"Blue Slaver","floor":12.0,"turns":3.0},{"damage":11.0,"enemies":"Exordium Wildlife","floor":15.0,"turns":3.0},{"damage":35.0,"enemies":"WA_ARCHETYPE_RETAIN","floor":16.0,"turns":5.0},{"damage":10.0,"enemies":"Spheric Guardian","floor":19.0,"turns":3.0},{"damage":18.0,"enemies":"3 Byrds","floor":23.0,"turns":4.0},{"damage":23.0,"enemies":"Shelled Parasite and Fungi","floor":25.0,"turns":4.0},{"damage":0.0,"enemies":"downfall:FleeingMerchant","floor":27.0,"turns":4.0},{"damage":26.0,"enemies":"Slavers","floor":28.0,"turns":5.0},{"damage":0.0,"enemies":"Centurion and Healer","floor":29.0,"turns":4.0},{"damage":8.0,"enemies":"Chosen and Byrds","floor":31.0,"turns":4.0},{"damage":7.0,"enemies":"Snake Plant","floor":32.0,"turns":4.0},{"damage":9.0,"enemies":"SI_MIRROR_ARCHETYPE","floor":33.0,"turns":8.0},{"damage":15.0,"enemies":"Orb Walker","floor":36.0,"turns":4.0},{"damage":9.0,"enemies":"3 Shapes","floor":37.0,"turns":4.0},{"damage":54.0,"enemies":"Transient","floor":40.0,"turns":5.0},{"damage":6.0,"enemies":"3 Darklings","floor":44.0,"turns":4.0},{"damage":32,"enemies":"Reptomancer","floor":45,"turns":2}],"seed_played":"-8332647619004897154","potions_obtained":[{"floor":4.0,"key":"Energy Potion"},{"floor":5.0,"key":"CalmPotion"},{"floor":8.0,"key":"FearPotion"},{"floor":19.0,"key":"SpeedPotion"},{"floor":23.0,"key":"Swift Potion"},{"floor":28.0,"key":"Block Potion"},{"floor":29.0,"key":"Adrenaline Potion"},{"floor":33.0,"key":"Swift Potion"},{"floor":36.0,"key":"Energy Potion"}],"is_trial":false,"path_per_floor":["R","M","T","M","M","R","T","M","?","R","M","M","?","?","M","B",null,"R","M","?","?","T","M","T","M","R","$","E","M","R","M","M","B",null,"R","M","M","AVR","?","M","T","?","R","M","E"],"character_chosen":"GUARDIAN","items_purchased":["Lee\u0027s Waffle","ReplayTheSpireMod:TigerMarble"],"campfire_rested":0,"item_purchase_floors":[27,27],"current_hp_per_floor":[80,77,77,77,67,67,67,53,53,63,56,47,47,47,36,1,90,90,80,80,80,80,62,62,39,39,97,71,71,71,63,56,47,97,97,82,73,73,73,19,19,19,19,14,0,0,0],"gold":577,"neow_bonus":"ONE_RANDOM_RARE_CARD","is_daily":false,"chose_seed":false,"campfire_upgraded":7,"win_rate":0.0,"timestamp":1612087717,"path_taken":["R","?","?","M","M","R","T","?","?","R","M","M","?","?","M","BOSS","R","M","?","?","?","M","T","M","R","$","E","M","R","M","M","BOSS","R","M","M","AVR","?","M","T","?","R","M","E"],"items_purchased_type":["Relic","Relic"],"build_version":"2020-12-22","purchased_purges":2,"victory":false,"max_hp_per_floor":[80,80,80,80,80,80,80,80,80,90,90,90,90,90,90,90,90,90,90,90,90,90,90,90,90,90,97,97,97,97,97,97,97,97,97,97,97,97,97,97,97,97,97,98,98,98,98],"card_choices":[{"not_picked":["Guardian:Recover","Guardian:Gem_Red"],"picked":"Guardian:FloatingOrbs","floor":2.0},{"not_picked":["Guardian:Gem_Green","Guardian:Gem_Lightblue"],"picked":"Guardian:Gem_Red","floor":2.0},{"not_picked":["Guardian:Gem_Green","Guardian:Gem_Lightblue"],"picked":"Guardian:Gem_Red","floor":4.0},{"not_picked":["Guardian:Incinerate","Guardian:TemporalStrike"],"picked":"Guardian:Gem_White","floor":4.0},{"not_picked":["Guardian:Gem_Lightblue","Guardian:Gem_Green"],"picked":"Guardian:Gem_Red","floor":5.0},{"not_picked":["Guardian:TemporalStrike","Guardian:BronzeOrb","Guardian:RollAttack"],"picked":"SKIP","floor":5.0},{"not_picked":["Guardian:Gem_Lightblue","Guardian:Gem_Cyan"],"picked":"Guardian:Gem_Red","floor":8.0},{"not_picked":["Guardian:PiercingHide","Guardian:EvasiveProtocol","Guardian:BronzeOrb"],"picked":"SKIP","floor":8.0},{"not_picked":["Guardian:BronzeArmor","Guardian:ChargeCore"],"picked":"Guardian:Orbwalk","floor":11.0},{"not_picked":["Guardian:Gem_Lightblue","Guardian:Gem_Green"],"picked":"Guardian:Gem_Red","floor":12.0},{"not_picked":["Guardian:PiercingHide","Guardian:RollAttack"],"picked":"Guardian:FierceBash","floor":12.0},{"not_picked":["Guardian:Gem_Green","Guardian:Gem_Cyan"],"picked":"Guardian:Gem_Red","floor":15.0},{"not_picked":["Guardian:DonusPower","Guardian:CrystalBeam"],"picked":"Guardian:FloatingOrbs","floor":15.0},{"not_picked":["Guardian:Gem_Green","Guardian:Gem_Lightblue"],"picked":"Guardian:Gem_Cyan","floor":16.0},{"not_picked":["Guardian:StasisEngine","Guardian:CompilePackage"],"picked":"Guardian:BaubleBeam","floor":16.0},{"not_picked":["Guardian:Gem_Green","Guardian:Gem_Lightblue"],"picked":"Guardian:Gem_Red","floor":19.0},{"not_picked":["Guardian:RollAttack","Guardian:ShieldCharger+1","Guardian:TemporalShield+1"],"picked":"SKIP","floor":19.0},{"not_picked":["Guardian:Gem_Green","Guardian:Gem_Lightblue"],"picked":"Guardian:Gem_Red","floor":23.0},{"not_picked":["Guardian:Clone","Guardian:Emergency+1"],"picked":"Guardian:ChargeCore","floor":23.0},{"not_picked":["Guardian:Gem_Green","Guardian:Gem_Cyan"],"picked":"Guardian:Gem_Red","floor":25.0},{"not_picked":["Guardian:Reroute","Guardian:ChargeCore"],"picked":"Guardian:VentSteam","floor":25.0},{"not_picked":["Guardian:Gem_Lightblue","Guardian:Gem_Green"],"picked":"Guardian:Gem_Red","floor":27.0},{"not_picked":["Guardian:Gem_Crimson","Guardian:Gem_Green"],"picked":"Guardian:Gem_Fragmented","floor":27.0},{"not_picked":["Guardian:DonusPower+1","Guardian:FuturePlans"],"picked":"Guardian:StasisField","floor":28.0},{"not_picked":["Guardian:Gem_Cyan","Guardian:Gem_Lightblue"],"picked":"Guardian:Gem_Red","floor":29.0},{"not_picked":["Guardian:GuardianWhirl+1","Guardian:ShieldCharger+1","Guardian:TemporalStrike+1"],"picked":"SKIP","floor":29.0},{"not_picked":["Guardian:Incinerate","Guardian:Harden+1","Guardian:Repulse"],"picked":"SKIP","floor":31.0},{"not_picked":["Guardian:Gem_Green","Guardian:Gem_Cyan"],"picked":"Guardian:Gem_Red","floor":32.0},{"not_picked":["Guardian:Emergency","Guardian:Reroute"],"picked":"Guardian:Gem_Purple","floor":32.0},{"not_picked":["Guardian:Gem_Green","Guardian:Gem_Lightblue"],"picked":"Guardian:Gem_Red","floor":33.0},{"not_picked":["Guardian:ConstructionForm","Guardian:BaubleBeam"],"picked":"Guardian:ExploitGems","floor":33.0},{"not_picked":["Guardian:Gem_Cyan","Guardian:Gem_Lightblue"],"picked":"Guardian:Gem_Red","floor":36.0},{"not_picked":["Guardian:ShieldCharger+1","Guardian:Gem_Cyan","Guardian:Clone"],"picked":"SKIP","floor":36.0},{"not_picked":["Guardian:Suspension","Guardian:Gem_Cyan"],"picked":"Guardian:WalkerClaw+1","floor":37.0},{"not_picked":["Guardian:Gem_Cyan","Guardian:Gem_Lightblue"],"picked":"Guardian:Gem_Red","floor":40.0},{"not_picked":["Guardian:BronzeArmor+1","Guardian:Gem_Green","Guardian:BodySlam"],"picked":"SKIP","floor":40.0},{"not_picked":["PanicButton","conspire:Banana"],"picked":"Enlightenment","floor":42.0},{"not_picked":["Guardian:Gem_Green","Guardian:Gem_Lightblue"],"picked":"Guardian:Gem_Red","floor":44.0},{"not_picked":["Guardian:Harden","Guardian:PiercingHide+1"],"picked":"Guardian:WalkerClaw+1","floor":44.0}],"player_experience":250339,"relics_obtained":[{"floor":3.0,"key":"reliquary:PartyBalloon"},{"floor":22.0,"key":"Replay:Bandana"},{"floor":24.0,"key":"infinitespire:FocusingShard"},{"floor":28.0,"key":"Runesmith:AutoHammer"},{"floor":41.0,"key":"aspiration:TomeofQuesting"}],"event_choices":[{"damage_healed":0.0,"max_hp_gain":0.0,"max_hp_loss":0.0,"gold_gain":0.0,"event_name":"betterNote:BetterNote","player_choice":"Ignored","floor":20.0,"gold_loss":0.0,"damage_taken":0.0,"cards_obtained":["DTMod:CleansingStrike"]},{"damage_healed":0.0,"max_hp_gain":0.0,"max_hp_loss":0.0,"gold_gain":3.0,"event_name":"betterStone:BetterStone","player_choice":"1","floor":42.0,"gold_loss":0.0,"damage_taken":0.0}],"is_beta":false,"boss_relics":[{"not_picked":["aspiration:SecretTechniqueScroll","energizedSpire:OgreHead"],"picked":"construct:ClawGrip"},{"not_picked":["Abe\u0027s Treasure","conspire:SpecialSausage"],"picked":"energizedSpire:SpiderWeb"}],"items_purged_floors":[27,38],"is_endless":false,"potions_floor_spawned":[4,5,8,19,23,28,29,33,36],"killed_by":"Reptomancer","ascension_level":0}}