{"host":"ijtyqc57s6c9mbij","time":1612069190,"event":{"mods":["BaseMod","Colored Map","Downfall","Minty Spire (QoL Compilation)","StSLib"],"gold_per_floor":[99,111,111,123,123,142,165,81,81,99,12,12,47,63,83,180,180,80,90,90,75,91,106,129,29,14,14,31,31,63,79,94,94,94],"floor_reached":33,"language":"ENG","playtime":2613,"items_purged":[],"score":282,"play_id":"bdfb83e3-f3a1-401a-8c90-884db7b4dec8","local_time":"20210130205950","daily_mods":["downfall:ChampStances"],"is_ascension_mode":true,"campfire_choices":[{"floor":1,"key":"RECALL"},{"data":"champ:EndlessRage","floor":9,"key":"SMITH"},{"data":"Demon Form","floor":18,"key":"SMITH"},{"data":"champ:ShieldWall","floor":25,"key":"SMITH"},{"data":"champ:Backstep","floor":27,"key":"SMITH"},{"floor":29,"key":"REST"}],"circlet_count":7,"master_deck":["Strike_R","Strike_R","Strike_R","Defend_R","Defend_R","Defend_R","Defend_R","Bash","Battle Trance","champ:DancingMaster","champ:BringItOn","Inflame","champ:EndlessRage+1","champ:EnGarde","Body Slam","Inflame","champ:StrikeOfGenius","champ:Backstep+1","Power Through","Demon Form+1","champ:PerfectedStrike","champ:IronFortress","Sword Boomerang","champ:ShieldWall+1","champ:ArenaPreparation","Iron Wave","Headbutt+1","champ:Haymaker","champ:StanceDance"],"relics":["Burning Blood","champ:ChampStancesModRelic","bronze:MakeshiftBattery","Medical Kit","bronze:DonusWashers","bronze:DecasWashers","bronze:BronzeIdol","Circlet"],"acts_visited":["Exordium","TheCity"],"potions_floor_usage":[16,33,33],"damage_taken":[{"damage":21,"enemies":"2 Louse","floor":2,"turns":3},{"damage":0,"enemies":"Jaw Worm","floor":4,"turns":1},{"damage":10,"enemies":"Cultist","floor":6,"turns":2},{"damage":20,"enemies":"downfall:FleeingMerchant","floor":8,"turns":4},{"damage":0,"enemies":"3 Louse","floor":10,"turns":2},{"damage":0,"enemies":"downfall:FleeingMerchant","floor":11,"turns":4},{"damage":44,"enemies":"3 Sentries","floor":13,"turns":10},{"damage":37,"enemies":"Gremlin Gang","floor":14,"turns":5},{"damage":0,"enemies":"Large Slime","floor":15,"turns":5},{"damage":20,"enemies":"WA_ARCHETYPE_RETAIN","floor":16,"turns":6},{"damage":15,"enemies":"3 Byrds","floor":19,"turns":5},{"damage":0,"enemies":"downfall:FleeingMerchant","floor":21,"turns":4},{"damage":20,"enemies":"Chosen","floor":22,"turns":4},{"damage":40,"enemies":"Centurion and Healer","floor":23,"turns":5},{"damage":10,"enemies":"downfall:FleeingMerchant","floor":26,"turns":4},{"damage":51,"enemies":"Snecko","floor":28,"turns":3},{"damage":51,"enemies":"Gremlin Leader","floor":30,"turns":6},{"damage":40,"enemies":"Cultist and Chosen","floor":31,"turns":7},{"damage":39,"enemies":"Snake Plant","floor":32,"turns":4},{"damage":73,"enemies":"DF_ARCHETYPE_CLAW","floor":33,"turns":5}],"seed_played":"-3882679613749249365","potions_obtained":[{"floor":6,"key":"Swift Potion"},{"floor":13,"key":"ElixirPotion"},{"floor":14,"key":"Fruit Juice"},{"floor":16,"key":"SkillPotion"},{"floor":22,"key":"Guardian:BlockOnCardUsePotion"},{"floor":31,"key":"champ:CounterPotion"}],"is_trial":true,"path_per_floor":["R","M","?","M","?","M","T","$","R","M","$","?","E","M","M","B",null,"R","M","?","$","M","M","T","R","$","R","M","R","E","M","M","B"],"character_chosen":"IRONCLAD","items_purchased":["champ:EndlessRage","Inflame"],"campfire_rested":1,"item_purchase_floors":[8,11],"current_hp_per_floor":[80,80,85,85,85,85,85,85,85,85,85,85,77,76,82,83,90,90,90,90,90,90,56,56,56,62,62,67,90,90,56,53,0,0],"gold":94,"neow_bonus":"","is_daily":false,"chose_seed":false,"campfire_upgraded":4,"win_rate":0.0,"timestamp":1612069190,"path_taken":["R","M","?","M","?","?","T","$","R","M","$","?","E","M","M","BOSS","R","M","?","$","M","M","T","R","$","R","M","R","E","M","M","BOSS"],"items_purchased_type":["Card","Card"],"build_version":"2020-12-22","purchased_purges":0,"victory":false,"max_hp_per_floor":[80,80,85,85,85,85,85,85,85,85,85,85,85,85,85,90,90,90,90,90,90,90,90,90,90,90,90,90,90,90,90,90,90,90],"card_choices":[{"not_picked":["champ:AdrenalArmor","champ:Haymaker"],"picked":"Battle Trance","floor":2},{"not_picked":["champ:AdrenalArmor","champ:BringItOn"],"picked":"champ:DancingMaster","floor":4},{"not_picked":["champ:PreciseThrust","champ:Backstep"],"picked":"champ:BringItOn","floor":6},{"not_picked":["champ:ShieldSigil","Iron Wave"],"picked":"Inflame","floor":8},{"not_picked":["champ:Parry","champ:SkillfulDodge"],"picked":"champ:EnGarde","floor":10},{"not_picked":["Juggernaut","champ:AdrenalArmor"],"picked":"Body Slam","floor":11},{"not_picked":["Shrug It Off","champ:AdrenalArmor"],"picked":"champ:StrikeOfGenius","floor":13},{"not_picked":["Searing Blow","champ:BladeFlurry"],"picked":"champ:Backstep","floor":14},{"not_picked":["Havoc","Clothesline"],"picked":"Power Through","floor":15},{"not_picked":["Fiend Fire","champ:MurderStrike"],"picked":"Demon Form","floor":16},{"not_picked":["True Grit","Cleave+1"],"picked":"champ:PerfectedStrike","floor":19},{"not_picked":["Metallicize+1","Cleave"],"picked":"champ:IronFortress","floor":21},{"not_picked":["Sentinel","Rampage"],"picked":"Sword Boomerang","floor":22},{"not_picked":["champ:Encircle","Shrug It Off+1"],"picked":"champ:ShieldWall","floor":23},{"not_picked":["champ:RecklessLeap","champ:FanOfKnives"],"picked":"champ:ArenaPreparation","floor":26},{"not_picked":["Carnage","Second Wind"],"picked":"Iron Wave","floor":28},{"not_picked":["champ:SwordThrow","Pommel Strike"],"picked":"Headbutt+1","floor":30},{"not_picked":["Pommel Strike","Clash"],"picked":"champ:Haymaker","floor":31},{"not_picked":["champ:EnGarde","champ:ShieldWall+1"],"picked":"champ:StanceDance","floor":32}],"player_experience":926111,"relics_obtained":[{"floor":13,"key":"Circlet"},{"floor":20,"key":"Circlet"},{"floor":24,"key":"Circlet"},{"floor":30,"key":"Circlet"}],"event_choices":[{"damage_healed":0,"gold_gain":0,"player_choice":"Donut","damage_taken":0,"max_hp_gain":5,"max_hp_loss":0,"event_name":"Big Fish","floor":3,"gold_loss":0},{"cards_removed":["Strike_R"],"damage_healed":0,"gold_gain":0,"player_choice":"Offered Basic","damage_taken":0,"max_hp_gain":0,"max_hp_loss":0,"event_name":"Bonfire Elementals","floor":5,"gold_loss":0},{"damage_healed":0,"gold_gain":0,"player_choice":"Relic","damage_taken":0,"max_hp_gain":0,"max_hp_loss":0,"event_name":"Wheel of Change","floor":20,"gold_loss":0}],"is_beta":false,"boss_relics":[{"not_picked":["Circlet","Circlet"],"picked":"Circlet"}],"items_purged_floors":[],"is_endless":false,"potions_floor_spawned":[6,13,14,16,22,30,31],"killed_by":"DF_ARCHETYPE_CLAW","ascension_level":1}}