{"host":"t7mx8yfj1no5p62f","time":1612128331,"event":{"mods":["BaseMod","Colored Map","Colored Powertips","Minty Spire (QoL Compilation)","Relic Stats","StSLib"],"gold_per_floor":[113,113,126,30,30,30,59,59,359,389,400,420,435,447,447,524,524,542,542,542,56,56,56,85,104,104,138,138,167,179,191,191,267,267,282,337,337,218,218,244,244,271,317,329,359,397,409,454,466,478,490,502,514,242,273,273],"floor_reached":57,"language":"ENG","playtime":3268,"items_purged":["Strike_G+1","Strike_G+1","Glass Knife"],"score":3168,"play_id":"4c8c03b0-e13b-4a4f-ba20-11c038da1dc8","local_time":"20210131162531","is_ascension_mode":true,"campfire_choices":[{"data":"Poisoned Stab","floor":6.0,"key":"SMITH"},{"data":"Caltrops","floor":8.0,"key":"SMITH"},{"data":"Deadly Poison","floor":15.0,"key":"SMITH"},{"data":"Venomology","floor":23.0,"key":"SMITH"},{"data":"Catalyst","floor":28.0,"key":"SMITH"},{"data":"Burst","floor":32.0,"key":"SMITH"},{"data":"Ghostly","floor":41.0,"key":"SMITH"},{"data":"Doppelganger","floor":44.0,"key":"SMITH"},{"data":"Acrobatics","floor":47.0,"key":"SMITH"},{"floor":49.0,"key":"RECALL"},{"data":"After Image","floor":53,"key":"SMITH"}],"circlet_count":0,"master_deck":["AscendersBane","Defend_G+1","Defend_G+1","Defend_G+1","Defend_G+1","Defend_G+1","Survivor","Neutralize","Poisoned Stab+1","Cloak And Dagger","Caltrops+1","Dagger Spray+1","Deadly Poison+1","Deadly Poison","Dash","PiercingWail","PiercingWail","Venomology+1","Corpse Explosion+1","Finisher+1","Catalyst+1","PiercingWail","Ghostly+1","Ghostly","Ghostly","Blade Dance","Catalyst+1","Burst+1","Acrobatics+1","Doppelganger+1","After Image+1","Backflip","Acrobatics","Die Die Die","Acrobatics","Backflip+1","Ghostly+1","Crippling Poison"],"relics":["Ring of the Snake","Ancient Tea Set","Mango","Old Coin","Dream Catcher","Astrolabe","Membership Card","Eternal Feather","Potion Belt","Nloth\u0027s Gift","Bronze Scales","Meat on the Bone","Sundial","SlaversCollar","Turnip","Gambling Chip","PreservedInsect","MawBank","Smiling Mask","Kunai","DollysMirror","Strawberry","Shuriken"],"acts_visited":["Exordium","TheCity","TheBeyond","TheEnding"],"potions_floor_usage":[50,50,51,51,55,56,56,56,56,56],"damage_taken":[{"damage":0.0,"enemies":"Jaw Worm","floor":1.0,"turns":1.0},{"damage":0.0,"enemies":"Cultist","floor":3.0,"turns":1.0},{"damage":0.0,"enemies":"Lagavulin","floor":7.0,"turns":1.0},{"damage":20.0,"enemies":"3 Sentries","floor":10.0,"turns":6.0},{"damage":0.0,"enemies":"2 Louse","floor":11.0,"turns":2.0},{"damage":30.0,"enemies":"Large Slime","floor":12.0,"turns":6.0},{"damage":3.0,"enemies":"Exordium Thugs","floor":13.0,"turns":5.0},{"damage":0.0,"enemies":"Looter","floor":14.0,"turns":3.0},{"damage":12.0,"enemies":"Hexaghost","floor":16.0,"turns":8.0},{"damage":0.0,"enemies":"3 Byrds","floor":18.0,"turns":4.0},{"damage":4.0,"enemies":"Slavers","floor":24.0,"turns":6.0},{"damage":2.0,"enemies":"Shell Parasite","floor":25.0,"turns":6.0},{"damage":10.0,"enemies":"Book of Stabbing","floor":27.0,"turns":4.0},{"damage":20.0,"enemies":"Gremlin Leader","floor":29.0,"turns":5.0},{"damage":24.0,"enemies":"Cultist and Chosen","floor":30.0,"turns":6.0},{"damage":4.0,"enemies":"Snake Plant","floor":31.0,"turns":4.0},{"damage":19.0,"enemies":"Champ","floor":33.0,"turns":9.0},{"damage":3.0,"enemies":"3 Shapes","floor":35.0,"turns":3.0},{"damage":12.0,"enemies":"2 Orb Walkers","floor":36.0,"turns":3.0},{"damage":36.0,"enemies":"Giant Head","floor":40.0,"turns":8.0},{"damage":0.0,"enemies":"Reptomancer","floor":42.0,"turns":6.0},{"damage":2.0,"enemies":"3 Darklings","floor":45.0,"turns":3.0},{"damage":30.0,"enemies":"Giant Head","floor":46.0,"turns":7.0},{"damage":16.0,"enemies":"Reptomancer","floor":48.0,"turns":5.0},{"damage":26,"enemies":"Awakened One","floor":50,"turns":24},{"damage":0,"enemies":"Time Eater","floor":51,"turns":7},{"damage":0,"enemies":"Shield and Spear","floor":55,"turns":5},{"damage":46,"enemies":"The Heart","floor":56,"turns":7}],"seed_played":"-4365207388129819824","potions_obtained":[{"floor":1.0,"key":"Dexterity Potion"},{"floor":10.0,"key":"Swift Potion"},{"floor":14.0,"key":"PowerPotion"},{"floor":16.0,"key":"Fruit Juice"},{"floor":18.0,"key":"SneckoOil"},{"floor":25.0,"key":"Poison Potion"},{"floor":27.0,"key":"Regen Potion"},{"floor":30.0,"key":"Ancient Potion"},{"floor":35.0,"key":"Swift Potion"},{"floor":39.0,"key":"Regen Potion"},{"floor":42.0,"key":"AttackPotion"},{"floor":45.0,"key":"Weak Potion"},{"floor":46.0,"key":"DistilledChaos"},{"floor":55,"key":"Fire Potion"}],"is_trial":false,"path_per_floor":["M","?","M","$","?","R","E","R","T","E","M","M","M","M","R","B",null,"M","?","?","$","?","R","E","M","T","E","R","E","M","M","R","B",null,"M","?","?","$","?","E","R","E","T","R","M","E","R","E","R","B","B",null,"R","$","E","B",null],"character_chosen":"THE_SILENT","items_purchased":["Caltrops","Dagger Spray","Membership Card","Eternal Feather","Potion Belt","Blade Dance","SkillPotion","Acrobatics","GamblersBrew","DollysMirror","Strawberry","FearPotion","Crippling Poison"],"campfire_rested":0,"item_purchase_floors":[4,4,21,21,21,21,21,38,38,54,54,54,54],"current_hp_per_floor":[59,54,54,54,54,54,68,68,68,48,48,18,15,15,15,3,61,66,42,42,42,42,42,38,36,36,26,42,22,25,33,42,23,37,34,22,22,22,22,13,34,34,34,42,40,22,42,26,42,28,28,39,42,49,49,15],"gold":273,"neow_bonus":"THREE_ENEMY_KILL","is_daily":false,"chose_seed":false,"campfire_upgraded":10,"win_rate":0.0,"timestamp":1612128331,"path_taken":["M","?","M","$","?","R","E","R","T","E","?","M","M","M","R","BOSS","M","?","?","$","?","R","E","M","T","E","R","E","?","M","R","BOSS","M","?","?","$","?","E","R","E","T","R","M","E","R","E","R","BOSS","BOSS","R","$","E","BOSS"],"items_purchased_type":["Card","Card","Relic","Relic","Relic","Card","Potion","Card","Potion","Relic","Relic","Potion","Card"],"build_version":"2020-12-22","purchased_purges":3,"victory":true,"max_hp_per_floor":[66,66,66,66,66,66,80,80,80,80,80,80,80,80,80,80,80,85,42,42,42,42,42,42,42,42,42,42,42,42,42,42,42,42,42,42,42,42,42,42,42,42,42,42,42,42,42,42,42,42,42,42,42,49,49,49],"relic_stats":{"counters":[28,155],"Astrolabe":["Corpse Explosion","Finisher","Catalyst"],"Eternal Feather":93,"PreservedInsect":269,"MawBank":132,"Smiling Mask":13,"Dream Catcher":0,"Sundial":[10],"Shuriken":[1],"Bronze Scales":[451],"Gambling Chip":[41],"Turnip":[4],"Nloth\u0027s Gift":1,"Kunai":[9],"obtain_stats":[{"Potion Belt":21,"NeowsBlessing":0,"Astrolabe":17,"Mango":7,"Eternal Feather":21,"PreservedInsect":42,"Ancient Tea Set":2,"MawBank":43,"Smiling Mask":46,"Old Coin":9,"SlaversCollar":34,"Dream Catcher":10,"Sundial":29,"DollysMirror":54,"Shuriken":55,"Bronze Scales":24,"Gambling Chip":40,"Strawberry":54,"Turnip":36,"Nloth\u0027s Gift":22,"Membership Card":21,"Kunai":48,"Ring of the Snake":0,"Meat on the Bone":27},{"Potion Belt":10,"NeowsBlessing":0,"Astrolabe":9,"Mango":3,"Eternal Feather":10,"PreservedInsect":21,"Ancient Tea Set":1,"MawBank":21,"Smiling Mask":23,"Old Coin":3,"SlaversCollar":17,"Dream Catcher":4,"Sundial":14,"DollysMirror":26,"Shuriken":27,"Bronze Scales":11,"Gambling Chip":20,"Strawberry":26,"Turnip":19,"Nloth\u0027s Gift":10,"Membership Card":10,"Kunai":24,"Ring of the Snake":0,"Meat on the Bone":13},{"Potion Belt":37,"NeowsBlessing":0,"Astrolabe":33,"Mango":3,"Eternal Feather":37,"PreservedInsect":97,"Ancient Tea Set":1,"MawBank":97,"Smiling Mask":107,"Old Coin":3,"SlaversCollar":77,"Dream Catcher":9,"Sundial":58,"DollysMirror":143,"Shuriken":148,"Bronze Scales":43,"Gambling Chip":91,"Strawberry":143,"Turnip":83,"Nloth\u0027s Gift":37,"Membership Card":37,"Kunai":112,"Ring of the Snake":0,"Meat on the Bone":53}],"Ring of the Snake":[56],"Meat on the Bone":72},"card_choices":[{"not_picked":["Finisher","Cloak And Dagger"],"picked":"Poisoned Stab","floor":1.0},{"not_picked":["Outmaneuver","Bane"],"picked":"Cloak And Dagger","floor":3.0},{"not_picked":["Quick Slash","PiercingWail"],"picked":"Deadly Poison","floor":7.0},{"not_picked":["A Thousand Cuts","PiercingWail"],"picked":"Deadly Poison","floor":10.0},{"not_picked":["Quick Slash","Acrobatics"],"picked":"Dash","floor":11.0},{"not_picked":["Endless Agony","Dodge and Roll"],"picked":"PiercingWail","floor":12.0},{"not_picked":["Prepared","Expertise"],"picked":"PiercingWail","floor":13.0},{"not_picked":["Endless Agony","Deflect"],"picked":"Venomology","floor":14.0},{"not_picked":["Grand Finale","A Thousand Cuts"],"picked":"Glass Knife","floor":16.0},{"not_picked":["Quick Slash","Terror"],"picked":"PiercingWail","floor":18.0},{"not_picked":["Flying Knee","Choke"],"picked":"Catalyst","floor":24.0},{"not_picked":["Outmaneuver","Endless Agony"],"picked":"Burst","floor":25.0},{"not_picked":["Tactician+1","Finisher"],"picked":"Acrobatics","floor":27.0},{"not_picked":["Burst","Cloak And Dagger"],"picked":"Doppelganger","floor":29.0},{"not_picked":["Catalyst","Sucker Punch","Outmaneuver"],"picked":"SKIP","floor":30.0},{"not_picked":["Poisoned Stab","Bane","Bouncing Flask"],"picked":"SKIP","floor":31.0},{"not_picked":["Glass Knife","Tools of the Trade"],"picked":"After Image","floor":33.0},{"not_picked":["Backstab","Sucker Punch"],"picked":"Backflip","floor":35.0},{"not_picked":["Backstab","Setup"],"picked":"Die Die Die","floor":40.0},{"not_picked":["Infinite Blades","Eviscerate"],"picked":"Acrobatics","floor":42.0},{"not_picked":["Acrobatics","Cloak And Dagger","Expertise"],"picked":"SKIP","floor":45.0},{"not_picked":["Outmaneuver","Flying Knee"],"picked":"Backflip+1","floor":46.0},{"not_picked":["Deadly Poison","Backstab","Setup"],"picked":"SKIP","floor":48.0},{"not_picked":["Footwork","Reflex","Caltrops"],"picked":"SKIP","floor":55}],"player_experience":1901308,"relics_obtained":[{"floor":7.0,"key":"Mango"},{"floor":9.0,"key":"Old Coin"},{"floor":10.0,"key":"Dream Catcher"},{"floor":24.0,"key":"Bronze Scales"},{"floor":27.0,"key":"Meat on the Bone"},{"floor":29.0,"key":"Sundial"},{"floor":36.0,"key":"Turnip"},{"floor":40.0,"key":"Gambling Chip"},{"floor":42.0,"key":"PreservedInsect"},{"floor":43.0,"key":"MawBank"},{"floor":46.0,"key":"Smiling Mask"},{"floor":48.0,"key":"Kunai"},{"floor":55,"key":"Shuriken"}],"event_choices":[{"damage_healed":0.0,"max_hp_gain":0.0,"max_hp_loss":0.0,"gold_gain":0.0,"event_name":"Scrap Ooze","player_choice":"Success","floor":2.0,"gold_loss":0.0,"damage_taken":5.0,"relics_obtained":["Ancient Tea Set"]},{"damage_healed":0.0,"max_hp_gain":0.0,"max_hp_loss":0.0,"gold_gain":0.0,"event_name":"Upgrade Shrine","player_choice":"Upgraded","floor":5.0,"gold_loss":0.0,"damage_taken":0.0,"cards_upgraded":["Dagger Spray"]},{"damage_healed":0.0,"max_hp_gain":0.0,"max_hp_loss":43.0,"gold_gain":0.0,"event_name":"Ghosts","player_choice":"Became a Ghost","floor":19.0,"gold_loss":0.0,"damage_taken":0.0,"cards_obtained":["Ghostly","Ghostly","Ghostly"]},{"damage_healed":0.0,"max_hp_gain":0.0,"max_hp_loss":0.0,"gold_gain":0.0,"event_name":"Back to Basics","player_choice":"Simplicity","floor":20.0,"gold_loss":0.0,"damage_taken":0.0,"cards_upgraded":["Strike_G","Strike_G","Defend_G","Defend_G","Defend_G","Defend_G","Defend_G"]},{"damage_healed":0.0,"max_hp_gain":0.0,"max_hp_loss":0.0,"gold_gain":0.0,"event_name":"N\u0027loth","player_choice":"Traded Relic","floor":22.0,"relics_lost":["NeowsBlessing"],"gold_loss":0.0,"damage_taken":0.0,"relics_obtained":["Nloth\u0027s Gift"]},{"damage_healed":0.0,"max_hp_gain":0.0,"max_hp_loss":0.0,"gold_gain":0.0,"event_name":"Mysterious Sphere","player_choice":"Fight","floor":36.0,"gold_loss":0.0,"damage_taken":0.0},{"damage_healed":0.0,"max_hp_gain":0.0,"max_hp_loss":0.0,"gold_gain":0.0,"event_name":"Tomb of Lord Red Mask","player_choice":"Ignored","floor":37.0,"gold_loss":0.0,"damage_taken":0.0},{"damage_healed":0.0,"max_hp_gain":0.0,"max_hp_loss":0.0,"gold_gain":0.0,"event_name":"Lab","player_choice":"Got Potions","floor":39.0,"gold_loss":0.0,"damage_taken":0.0}],"is_beta":false,"boss_relics":[{"not_picked":["Snecko Eye","Runic Dome"],"picked":"Astrolabe"},{"not_picked":["HoveringKite","Ring of the Serpent"],"picked":"SlaversCollar"}],"items_purged_floors":[21,38,54],"is_endless":false,"potions_floor_spawned":[1,10,14,16,18,25,27,30,35,42,45,46,48,55],"ascension_level":20}}