{"host":"mb4cisebr17g8vuz","time":1612132942,"event":{"mods":["AchievementEnabler","BaseMod","Colored Map","Colored Powertips","Minty Spire (QoL Compilation)","SuperFastMode","everything is the same but u backflip on backflip"],"gold_per_floor":[116,135,115,126,142,142,162,179,233,252,252,277,295,219,219,292,292,306,231,231,244,161,195,195,213,236,254,265,276,551,565,565,637,637,653,667,679,409,422,451,465,482,507,538,152,152,162,175,175,175,175],"floor_reached":50,"language":"KOR","playtime":1772,"items_purged":["Hemokinesis","Regret","Defend_R"],"score":1116,"play_id":"ef57274b-e819-4f9c-bb43-3ca8e24e9b4c","local_time":"20210131174222","is_ascension_mode":true,"campfire_choices":[{"data":"Apotheosis","floor":6.0,"key":"SMITH"},{"floor":11.0,"key":"REST"},{"data":"Power Through","floor":15.0,"key":"SMITH"},{"floor":24.0,"key":"REST"},{"data":"Evolve","floor":32.0,"key":"SMITH"},{"data":"Dual Wield","floor":46.0,"key":"SMITH"},{"data":"Impervious","floor":49.0,"key":"SMITH"}],"circlet_count":0,"master_deck":["AscendersBane","Strike_R","Strike_R","Strike_R","Strike_R","Strike_R","Defend_R","Defend_R","Defend_R","Bash","Apotheosis+1","Power Through+1","Shrug It Off","Perfected Strike","Perfected Strike","Shrug It Off","Perfected Strike","Immolate","Impervious+1","Seeing Red","Pommel Strike+1","Dual Wield+1","Wild Strike+1","Perfected Strike","Evolve+1","Twin Strike","Perfected Strike","Double Tap","Shrug It Off","Shrug It Off","Shrug It Off+1","Perfected Strike","Twin Strike"],"relics":["Burning Blood","Boot","Gremlin Horn","Mark of Pain","Letter Opener","Smiling Mask","Snecko Eye","Pen Nib","Lantern","Omamori","Darkstone Periapt","Calipers"],"acts_visited":["Exordium","TheCity","TheBeyond"],"potions_floor_usage":[50],"damage_taken":[{"damage":3.0,"enemies":"2 Louse","floor":1.0,"turns":4.0},{"damage":4.0,"enemies":"Cultist","floor":2.0,"turns":4.0},{"damage":14.0,"enemies":"Jaw Worm","floor":4.0,"turns":2.0},{"damage":18.0,"enemies":"Gremlin Gang","floor":5.0,"turns":4.0},{"damage":18.0,"enemies":"Blue Slaver","floor":7.0,"turns":4.0},{"damage":12.0,"enemies":"Lots of Slimes","floor":8.0,"turns":4.0},{"damage":2.0,"enemies":"Large Slime","floor":10.0,"turns":5.0},{"damage":33.0,"enemies":"Gremlin Nob","floor":12.0,"turns":4.0},{"damage":0.0,"enemies":"2 Fungi Beasts","floor":13.0,"turns":4.0},{"damage":28.0,"enemies":"Hexaghost","floor":16.0,"turns":8.0},{"damage":19.0,"enemies":"Shell Parasite","floor":18.0,"turns":5.0},{"damage":7.0,"enemies":"Spheric Guardian","floor":21.0,"turns":4.0},{"damage":22.0,"enemies":"Slavers","floor":23.0,"turns":5.0},{"damage":6.0,"enemies":"Centurion and Healer","floor":25.0,"turns":6.0},{"damage":0.0,"enemies":"Cultist and Chosen","floor":27.0,"turns":3.0},{"damage":16.0,"enemies":"Snake Plant","floor":28.0,"turns":3.0},{"damage":15.0,"enemies":"Sentry and Sphere","floor":29.0,"turns":4.0},{"damage":12.0,"enemies":"Centurion and Healer","floor":31.0,"turns":4.0},{"damage":19.0,"enemies":"Automaton","floor":33.0,"turns":10.0},{"damage":3.0,"enemies":"Orb Walker","floor":35.0,"turns":2.0},{"damage":7.0,"enemies":"3 Darklings","floor":36.0,"turns":3.0},{"damage":0.0,"enemies":"Sphere and 2 Shapes","floor":37.0,"turns":2.0},{"damage":18.0,"enemies":"Spire Growth","floor":39.0,"turns":3.0},{"damage":32.0,"enemies":"Giant Head","floor":40.0,"turns":5.0},{"damage":0.0,"enemies":"Maw","floor":41.0,"turns":3.0},{"damage":0.0,"enemies":"4 Shapes","floor":42.0,"turns":2.0},{"damage":0.0,"enemies":"Reptomancer","floor":44.0,"turns":2.0},{"damage":0.0,"enemies":"Jaw Worm Horde","floor":47.0,"turns":2.0},{"damage":0.0,"enemies":"3 Darklings","floor":48.0,"turns":2.0},{"damage":69,"enemies":"Time Eater","floor":50,"turns":7}],"seed_played":"-3602208531219811730","potions_obtained":[{"floor":2.0,"key":"Explosive Potion"},{"floor":3.0,"key":"Weak Potion"},{"floor":7.0,"key":"BloodPotion"},{"floor":12.0,"key":"SneckoOil"},{"floor":13.0,"key":"SkillPotion"},{"floor":18.0,"key":"EntropicBrew"},{"floor":23.0,"key":"PowerPotion"},{"floor":31.0,"key":"Swift Potion"},{"floor":33.0,"key":"FearPotion"},{"floor":35.0,"key":"SpeedPotion"},{"floor":40.0,"key":"DistilledChaos"},{"floor":41.0,"key":"SpeedPotion"},{"floor":47.0,"key":"SkillPotion"}],"is_trial":false,"path_per_floor":["M","M","?","M","M","R","M","M","T","M","R","E","M","$","R","B",null,"M","$","?","M","$","E","R","M","T","M","M","M","?","M","R","B",null,"M","M","M","$","M","E","M","M","T","E","$","R","M","M","R","B"],"character_chosen":"IRONCLAD","items_purchased":["Immolate","Dual Wield","Pen Nib","Block Potion","Calipers"],"campfire_rested":2,"item_purchase_floors":[14,22,38,38,45],"current_hp_per_floor":[53,55,55,47,35,35,23,17,17,21,43,16,37,37,37,15,60,47,47,47,46,46,30,52,52,52,58,48,39,39,33,33,20,61,64,63,69,69,57,31,37,43,43,49,49,49,55,61,61,0,0],"gold":175,"neow_bonus":"RANDOM_COLORLESS_2","is_daily":false,"chose_seed":false,"campfire_upgraded":5,"win_rate":0.0,"timestamp":1612132942,"path_taken":["M","M","?","M","M","R","M","M","T","M","R","E","?","$","R","BOSS","M","$","?","M","$","E","R","M","T","M","M","?","?","M","R","BOSS","M","?","M","$","M","E","M","M","T","E","$","R","M","M","R","BOSS"],"items_purchased_type":["Card","Card","Relic","Potion","Relic"],"build_version":"2020-12-22","purchased_purges":3,"victory":false,"max_hp_per_floor":[75,75,75,75,75,75,75,75,75,75,75,75,75,75,75,75,75,75,75,75,75,75,75,75,75,75,75,75,75,75,75,75,75,75,75,75,75,75,75,75,75,75,75,75,75,75,75,75,75,75,75],"card_choices":[{"not_picked":["Sadistic Nature","Secret Weapon"],"picked":"Apotheosis","floor":0.0},{"not_picked":["Havoc","Entrench"],"picked":"Hemokinesis","floor":1.0},{"not_picked":["Iron Wave","Rampage"],"picked":"Power Through","floor":2.0},{"not_picked":["Cleave","Warcry"],"picked":"Shrug It Off","floor":4.0},{"not_picked":["Body Slam","Hemokinesis"],"picked":"Perfected Strike","floor":5.0},{"not_picked":["Iron Wave","Headbutt"],"picked":"Perfected Strike","floor":7.0},{"not_picked":["Rampage","Reckless Charge"],"picked":"Shrug It Off","floor":8.0},{"not_picked":["Sword Boomerang","Exhume","Searing Blow"],"picked":"SKIP","floor":10.0},{"not_picked":["Body Slam","Armaments"],"picked":"Perfected Strike","floor":12.0},{"not_picked":["Iron Wave","Thunderclap","Body Slam"],"picked":"SKIP","floor":13.0},{"not_picked":["Exhume","Barricade"],"picked":"Impervious","floor":16.0},{"not_picked":["True Grit","Armaments","Sword Boomerang"],"picked":"SKIP","floor":18.0},{"not_picked":["Shrug It Off","Heavy Blade"],"picked":"Pommel Strike+1","floor":21.0},{"not_picked":["Flame Barrier","Clash","Clothesline"],"picked":"SKIP","floor":23.0},{"not_picked":["Dual Wield","Infernal Blade+1"],"picked":"Wild Strike+1","floor":25.0},{"not_picked":["Dark Embrace","Limit Break"],"picked":"Perfected Strike","floor":27.0},{"not_picked":["Searing Blow","Heavy Blade"],"picked":"Evolve","floor":28.0},{"not_picked":["Anger","Dropkick"],"picked":"Twin Strike","floor":29.0},{"not_picked":["Heavy Blade","Inflame"],"picked":"Perfected Strike","floor":31.0},{"not_picked":["Bludgeon","Corruption"],"picked":"Double Tap","floor":33.0},{"not_picked":["Warcry","Fire Breathing"],"picked":"Shrug It Off","floor":35.0},{"not_picked":["Anger","True Grit"],"picked":"Shrug It Off","floor":36.0},{"not_picked":["Searing Blow+1","Shrug It Off","Sword Boomerang"],"picked":"SKIP","floor":37.0},{"not_picked":["Anger+1","Whirlwind+1","Sword Boomerang"],"picked":"SKIP","floor":39.0},{"not_picked":["Burning Pact","Warcry","Body Slam"],"picked":"SKIP","floor":40.0},{"not_picked":["Clothesline","Double Tap"],"picked":"Shrug It Off+1","floor":41.0},{"not_picked":["Shrug It Off+1","Clash","Whirlwind"],"picked":"SKIP","floor":42.0},{"not_picked":["Armaments","Bloodletting"],"picked":"Perfected Strike","floor":44.0},{"not_picked":["Blood for Blood","Body Slam"],"picked":"Twin Strike","floor":47.0},{"not_picked":["Sentinel","Cleave","Iron Wave"],"picked":"SKIP","floor":48.0},{"not_picked":["Sentinel","Cleave","Iron Wave"],"picked":"SKIP","floor":48.0}],"player_experience":247530,"relics_obtained":[{"floor":9.0,"key":"Boot"},{"floor":12.0,"key":"Gremlin Horn"},{"floor":23.0,"key":"Letter Opener"},{"floor":26.0,"key":"Smiling Mask"},{"floor":40.0,"key":"Lantern"},{"floor":43.0,"key":"Omamori"},{"floor":44.0,"key":"Darkstone Periapt"}],"event_choices":[{"damage_healed":0.0,"max_hp_gain":0.0,"max_hp_loss":0.0,"gold_gain":0.0,"event_name":"The Woman in Blue","player_choice":"Bought 1 Potion","floor":3.0,"gold_loss":0.0,"damage_taken":0.0},{"damage_healed":0.0,"max_hp_gain":0.0,"max_hp_loss":0.0,"gold_gain":0.0,"event_name":"Match and Keep!","player_choice":"1 cards matched","floor":20.0,"gold_loss":0.0,"damage_taken":0.0,"cards_obtained":["Seeing Red"]},{"damage_healed":0.0,"max_hp_gain":0.0,"max_hp_loss":0.0,"gold_gain":275.0,"event_name":"Golden Shrine","player_choice":"Desecrate","floor":30.0,"gold_loss":0.0,"damage_taken":0.0,"cards_obtained":["Regret"]}],"is_beta":false,"boss_relics":[{"not_picked":["SlaversCollar","Tiny House"],"picked":"Mark of Pain"},{"not_picked":["Calling Bell","Empty Cage"],"picked":"Snecko Eye"}],"items_purged_floors":[19,38,45],"is_endless":false,"potions_floor_spawned":[2,7,12,13,18,23,31,33,35,40,41,42,44,47],"killed_by":"Time Eater","ascension_level":18}}