{"host":"3mxu71uy664p0kso","time":1612104360,"event":{"mods":["AchievementEnabler","Arknights","BaseMod","Colored Map","Minty Spire (QoL Compilation)","StSLib","The Dragon Tamer"],"gold_per_floor":[117,137,150,50,64,64,97,97,97,115,115,129,154,119,119,239,239,259,219,240,340,358,358,358],"floor_reached":23,"language":"KOR","playtime":1597,"items_purged":[],"score":195,"play_id":"ac267a7d-869d-48e9-ae38-8ab87e37a343","local_time":"20210131234600","is_ascension_mode":false,"campfire_choices":[{"data":"ats:Shell Defense","floor":6,"key":"SMITH"},{"data":"ats:Emotion Absorption","floor":11,"key":"SMITH"},{"floor":15,"key":"REST"}],"circlet_count":0,"master_deck":["ats:Strike C","ats:Strike G","ats:Armor Crushing Shot","ats:Defend","ats:Defend","ats:Defend","ats:Defend","ats:Emotion Absorption+1","ats:Explosion Area Strengthen","ats:Ignite","ats:Ignite","ats:Shell Defense+1","ats:Flexible Camouflage","ats:Blood Oath","ats:Thorns","ats:Shell Defense","ats:Blood Oath","ats:Leaping Hammer","ats:Volcano","ats:Blood Oath+1","ats:Revitalization","ats:Assault Order"],"relics":["ats:Sanity","ats:Originium","Eternal Feather","Golden Idol","Gremlin Horn","Empty Cage"],"acts_visited":["Exordium","TheCity"],"potions_floor_usage":[5,16,16,16,22],"damage_taken":[{"damage":7,"enemies":"Jaw Worm","floor":1,"turns":6},{"damage":2,"enemies":"2 Louse","floor":2,"turns":2},{"damage":6,"enemies":"Small Slimes","floor":3,"turns":3},{"damage":9,"enemies":"Red Slaver","floor":5,"turns":5},{"damage":31,"enemies":"3 Sentries","floor":7,"turns":11},{"damage":6,"enemies":"3 Louse","floor":10,"turns":4},{"damage":0,"enemies":"Lots of Slimes","floor":12,"turns":2},{"damage":16,"enemies":"Large Slime","floor":13,"turns":5},{"damage":35,"enemies":"The Guardian","floor":16,"turns":14},{"damage":53,"enemies":"Spheric Guardian","floor":18,"turns":8},{"damage":48,"enemies":"Shell Parasite","floor":20,"turns":7},{"damage":0,"enemies":"3 Cultists","floor":22,"turns":4},{"damage":48,"enemies":"Book of Stabbing","floor":23,"turns":4}],"seed_played":"6028449073505131012","potions_obtained":[{"floor":3,"key":"SkillPotion"},{"floor":7,"key":"SteroidPotion"},{"floor":10,"key":"SpeedPotion"},{"floor":12,"key":"Dexterity Potion"},{"floor":13,"key":"BlessingOfTheForge"},{"floor":18,"key":"Strength Potion"}],"is_trial":false,"path_per_floor":["M","M","M","$","M","R","E","?","T","M","R","M","M","?","R","B",null,"M","?","M","?","M","E"],"character_chosen":"DOCTOR_CLASS","items_purchased":["ats:Shell Defense","ats:Flexible Camouflage"],"campfire_rested":1,"item_purchase_floors":[4,4],"current_hp_per_floor":[72,70,64,64,55,55,41,22,22,22,31,33,28,47,79,62,79,45,45,22,22,37,0,0],"gold":358,"neow_bonus":"TEN_PERCENT_HP_BONUS","is_daily":false,"chose_seed":false,"campfire_upgraded":2,"win_rate":0.0,"timestamp":1612104360,"path_taken":["M","M","M","$","M","R","E","?","T","M","R","M","M","?","R","BOSS","M","?","?","?","?","E"],"items_purchased_type":["Card","Card"],"build_version":"2020-12-22","purchased_purges":0,"victory":false,"max_hp_per_floor":[79,79,79,79,79,79,79,79,79,79,79,79,79,79,79,79,79,79,79,79,79,79,79,79],"card_choices":[{"not_picked":["ats:Poison Spread","ats:Leaping Hammer"],"picked":"ats:Explosion Area Strengthen","floor":1},{"not_picked":["ats:Flexible Camouflage","ats:Guardian Obelisk"],"picked":"ats:Ignite","floor":2},{"not_picked":["ats:Chain Hook","ats:Blood Oath"],"picked":"ats:Ignite","floor":3},{"not_picked":["ats:Defend Order","ats:Flexible Camouflage"],"picked":"ats:Blood Oath","floor":5},{"not_picked":["ats:Apocalypse","ats:Thermite Blade"],"picked":"ats:Thorns","floor":7},{"not_picked":["ats:Volcano","ats:Ignite"],"picked":"ats:Shell Defense","floor":10},{"not_picked":["ats:Defend Order","ats:Curse Doll"],"picked":"ats:Blood Oath","floor":12},{"not_picked":["ats:Dogmatic Field","ats:Consecutive Shot Auto"],"picked":"ats:Leaping Hammer","floor":13},{"not_picked":["ats:Roar Of Ursus","ats:Nebulous Foxfire"],"picked":"ats:Volcano","floor":16},{"not_picked":["ats:Curse Doll","ats:Leaping Hammer"],"picked":"ats:Blood Oath","floor":18},{"not_picked":["ats:Flexible Camouflage","ats:Rapid Magazine"],"picked":"ats:Revitalization","floor":20},{"not_picked":["ats:Absolute Focus","ats:Powerful Strike"],"picked":"ats:Assault Order","floor":22}],"player_experience":101366,"relics_obtained":[{"floor":7,"key":"ats:Originium"},{"floor":7,"key":"Eternal Feather"},{"floor":9,"key":"Gremlin Horn"}],"event_choices":[{"damage_healed":0,"gold_gain":0,"player_choice":"Take Damage","damage_taken":19,"relics_obtained":["Golden Idol"],"max_hp_gain":0,"max_hp_loss":0,"event_name":"Golden Idol","floor":8,"gold_loss":0},{"damage_healed":19,"gold_gain":0,"player_choice":"Healed","damage_taken":0,"max_hp_gain":0,"max_hp_loss":0,"event_name":"The Cleric","floor":14,"gold_loss":35},{"damage_healed":0,"gold_gain":0,"player_choice":"Upgrade","damage_taken":0,"max_hp_gain":0,"max_hp_loss":0,"event_name":"Designer","floor":19,"gold_loss":40,"cards_upgraded":["ats:Blood Oath"]},{"damage_healed":0,"gold_gain":100,"player_choice":"Pray","damage_taken":0,"max_hp_gain":0,"max_hp_loss":0,"event_name":"Golden Shrine","floor":21,"gold_loss":0}],"is_beta":false,"boss_relics":[{"not_picked":["Snecko Eye","Runic Pyramid"],"picked":"Empty Cage"}],"items_purged_floors":[],"is_endless":false,"potions_floor_spawned":[3,7,10,12,13,18],"killed_by":"Book of Stabbing","ascension_level":0}}