{"host":"5kirneupyg4uzd3w","time":1612092923,"event":{"mods":["BaseMod","Colored Map","Custom Start","Minty Spire (QoL Compilation)","StSLib","SuperFastMode"],"gold_per_floor":[109,124,139,165,178,209,209,227,227,227,252,121,133,168,168,244,244,262,277,77,2,2,36,36,36,60,85,85,104,124,149,149,221,221,231,246,261,261,136,136,164,164,164,194,194,222,222,222,222],"floor_reached":48,"language":"KOR","playtime":1189,"items_purged":["Strike_R","Injury","Strike_R"],"score":1292,"play_id":"8eff73b0-ea9a-4d6d-9ab5-174187de3c7c","local_time":"20210131203523","is_ascension_mode":true,"campfire_choices":[{"data":"Fire Breathing","floor":7.0,"key":"SMITH"},{"floor":10.0,"key":"REST"},{"data":"Evolve","floor":15.0,"key":"SMITH"},{"floor":25.0,"key":"RECALL"},{"floor":32.0,"key":"REST"},{"floor":40.0,"key":"REST"},{"floor":42.0,"key":"REST"},{"floor":45.0,"key":"REST"}],"circlet_count":0,"master_deck":["AscendersBane","Strike_R","Defend_R","Defend_R","Defend_R","Defend_R","Bash","Fire Breathing+1","Disarm","Power Through","Evolve+1","Shrug It Off","Fiend Fire+1","Rampage+1","Wild Strike+1","Battle Trance","Immolate+1","Reckless Charge+1","Fire Breathing","Second Wind","Shrug It Off","Feed+1","Shrug It Off+1","Juggernaut"],"relics":["Burning Blood","Thread and Needle","Happy Flower","Bronze Scales","Self Forming Clay","Question Card","Molten Egg 2","Fusion Hammer","StrikeDummy","Omamori","Ice Cream","Mummified Hand","Busted Crown","Bag of Preparation","Lantern","Red Skull"],"acts_visited":["Exordium","TheCity","TheBeyond"],"potions_floor_usage":[],"damage_taken":[{"damage":12.0,"enemies":"Cultist","floor":1.0,"turns":5.0},{"damage":4.0,"enemies":"2 Louse","floor":2.0,"turns":4.0},{"damage":17.0,"enemies":"Jaw Worm","floor":3.0,"turns":6.0},{"damage":40.0,"enemies":"Gremlin Gang","floor":5.0,"turns":4.0},{"damage":21.0,"enemies":"3 Sentries","floor":6.0,"turns":5.0},{"damage":3.0,"enemies":"Exordium Thugs","floor":8.0,"turns":4.0},{"damage":11.0,"enemies":"Gremlin Nob","floor":11.0,"turns":4.0},{"damage":2.0,"enemies":"Looter","floor":13.0,"turns":4.0},{"damage":4.0,"enemies":"Lagavulin","floor":14.0,"turns":7.0},{"damage":0.0,"enemies":"Hexaghost","floor":16.0,"turns":7.0},{"damage":0.0,"enemies":"3 Byrds","floor":18.0,"turns":5.0},{"damage":3.0,"enemies":"Shell Parasite","floor":19.0,"turns":4.0},{"damage":25.0,"enemies":"Gremlin Leader","floor":23.0,"turns":6.0},{"damage":8.0,"enemies":"Book of Stabbing","floor":27.0,"turns":4.0},{"damage":12.0,"enemies":"Snake Plant","floor":29.0,"turns":3.0},{"damage":14.0,"enemies":"Sentry and Sphere","floor":30.0,"turns":4.0},{"damage":31.0,"enemies":"Slavers","floor":31.0,"turns":3.0},{"damage":9.0,"enemies":"Collector","floor":33.0,"turns":7.0},{"damage":0.0,"enemies":"3 Shapes","floor":35.0,"turns":2.0},{"damage":2.0,"enemies":"Orb Walker","floor":36.0,"turns":4.0},{"damage":23.0,"enemies":"Spire Growth","floor":37.0,"turns":4.0},{"damage":39.0,"enemies":"Nemesis","floor":41.0,"turns":5.0},{"damage":32.0,"enemies":"Giant Head","floor":44.0,"turns":7.0},{"damage":73,"enemies":"Reptomancer","floor":46,"turns":6},{"damage":36,"enemies":"Nemesis","floor":48,"turns":2}],"seed_played":"-9185615510985097488","potions_obtained":[{"floor":1.0,"key":"Regen Potion"},{"floor":5.0,"key":"SteroidPotion"},{"floor":8.0,"key":"Energy Potion"},{"floor":13.0,"key":"BloodPotion"},{"floor":19.0,"key":"DuplicationPotion"},{"floor":23.0,"key":"Energy Potion"},{"floor":30.0,"key":"PowerPotion"},{"floor":37.0,"key":"DuplicationPotion"}],"is_trial":false,"path_per_floor":["M","M","M","T","M","E","R","M","T","R","E","$","M","E","R","B",null,"M","M","$","?","$","E","$","R","T","E","?","M","M","E","R","B",null,"M","M","M","?","$","R","E","R","T","E","R","E","?","E"],"character_chosen":"IRONCLAD","items_purchased":["Shrug It Off","Wild Strike+1","Battle Trance"],"campfire_rested":5,"item_purchase_floors":[12,20,20],"current_hp_per_floor":[62,64,53,53,19,18,18,21,21,43,38,38,42,44,44,50,69,75,75,75,75,75,71,71,71,71,69,69,63,55,30,52,49,69,79,83,66,66,66,83,54,80,80,54,80,13,13,0,0],"gold":222,"neow_bonus":"ONE_RARE_RELIC","is_daily":false,"chose_seed":false,"campfire_upgraded":2,"win_rate":0.0,"timestamp":1612092923,"path_taken":["M","M","?","?","M","E","R","?","T","R","E","$","M","E","R","BOSS","M","M","$","?","?","E","$","R","T","E","?","M","?","E","R","BOSS","M","M","?","?","?","R","E","R","T","E","R","E","?","E"],"items_purchased_type":["Card","Card","Card"],"build_version":"2020-12-22","purchased_purges":3,"victory":false,"max_hp_per_floor":[75,75,75,75,75,75,75,75,75,75,75,75,75,75,75,75,75,75,75,75,75,75,75,75,75,75,75,75,75,75,75,75,75,75,79,83,83,83,83,83,87,87,87,87,87,87,87,87,87],"card_choices":[{"not_picked":["True Grit","Dark Embrace","Rampage"],"picked":"SKIP","floor":1.0},{"not_picked":["Clash","Dropkick"],"picked":"Fire Breathing","floor":2.0},{"not_picked":["Heavy Blade","Rampage"],"picked":"Disarm","floor":3.0},{"not_picked":["Seeing Red","Carnage"],"picked":"Power Through","floor":5.0},{"not_picked":["Fiend Fire","Cleave","Sword Boomerang"],"picked":"SKIP","floor":6.0},{"not_picked":["Pummel","Thunderclap"],"picked":"Evolve","floor":8.0},{"not_picked":["Sword Boomerang","Combust","Entrench"],"picked":"SKIP","floor":11.0},{"not_picked":["Pommel Strike","Ghostly Armor","Uppercut","Fire Breathing"],"picked":"SKIP","floor":13.0},{"not_picked":["Rupture","Combust","Sword Boomerang+1","Shockwave"],"picked":"SKIP","floor":14.0},{"not_picked":["Demon Form","Brutality","Double Tap"],"picked":"Fiend Fire+1","floor":16.0},{"not_picked":["Havoc","Anger+1","Combust","Heavy Blade+1"],"picked":"SKIP","floor":18.0},{"not_picked":["Armaments","True Grit","Entrench"],"picked":"Rampage+1","floor":19.0},{"not_picked":["Inflame","Perfected Strike+1","Combust"],"picked":"Immolate+1","floor":23.0},{"not_picked":["Warcry","Twin Strike+1","Ghostly Armor"],"picked":"Reckless Charge+1","floor":27.0},{"not_picked":["Dual Wield","Carnage+1","Rampage+1"],"picked":"Second Wind","floor":29.0},{"not_picked":["Whirlwind+1","Disarm","Intimidate","Burning Pact"],"picked":"SKIP","floor":30.0},{"not_picked":["Sentinel","Sword Boomerang+1","Twin Strike+1"],"picked":"Shrug It Off","floor":31.0},{"not_picked":["Exhume","Double Tap","Demon Form"],"picked":"Feed+1","floor":33.0},{"not_picked":["Fire Breathing+1"],"picked":"Shrug It Off+1","floor":35.0},{"not_picked":["Evolve","Warcry"],"picked":"SKIP","floor":36.0},{"not_picked":["Clothesline+1","Wild Strike+1"],"picked":"SKIP","floor":37.0},{"not_picked":["Clothesline+1","Wild Strike+1"],"picked":"SKIP","floor":37.0},{"not_picked":["Thunderclap+1","Cleave+1"],"picked":"SKIP","floor":41.0},{"not_picked":["Havoc"],"picked":"Juggernaut","floor":44.0},{"not_picked":["Havoc","Twin Strike+1"],"picked":"SKIP","floor":46}],"player_experience":292715,"relics_obtained":[{"floor":4.0,"key":"Happy Flower"},{"floor":6.0,"key":"Bronze Scales"},{"floor":9.0,"key":"Self Forming Clay"},{"floor":11.0,"key":"Question Card"},{"floor":14.0,"key":"Molten Egg 2"},{"floor":23.0,"key":"StrikeDummy"},{"floor":26.0,"key":"Omamori"},{"floor":27.0,"key":"Ice Cream"},{"floor":31.0,"key":"Mummified Hand"},{"floor":41.0,"key":"Bag of Preparation"},{"floor":44.0,"key":"Lantern"},{"floor":46,"key":"Red Skull"}],"event_choices":[{"cards_removed":["Strike_R"],"damage_healed":0.0,"max_hp_gain":0.0,"max_hp_loss":0.0,"gold_gain":0.0,"event_name":"Designer","player_choice":"Single Remove","floor":21.0,"gold_loss":75.0,"damage_taken":0.0},{"damage_healed":0.0,"max_hp_gain":0.0,"max_hp_loss":0.0,"gold_gain":0.0,"event_name":"The Library","player_choice":"Read","floor":28.0,"gold_loss":0.0,"damage_taken":0.0,"cards_obtained":["Fire Breathing"]},{"damage_healed":0.0,"max_hp_gain":0.0,"max_hp_loss":0.0,"gold_gain":0.0,"event_name":"Lab","player_choice":"Got Potions","floor":38.0,"gold_loss":0.0,"damage_taken":0.0},{"cards_removed":["Strike_R"],"damage_healed":0,"gold_gain":0,"player_choice":"Purged","damage_taken":0,"max_hp_gain":0,"max_hp_loss":0,"event_name":"Purifier","floor":47,"gold_loss":0}],"is_beta":false,"boss_relics":[{"not_picked":["Calling Bell","Philosopher\u0027s Stone"],"picked":"Fusion Hammer"},{"not_picked":["Black Blood","Coffee Dripper"],"picked":"Busted Crown"}],"items_purged_floors":[12,20,39],"is_endless":false,"potions_floor_spawned":[1,5,8,11,13,14,19,23,30,31,33,37,44],"killed_by":"Nemesis","ascension_level":20}}