{"host":"r53pw7z744tg3fxg","time":1612102733,"event":{"mods":["AchievementEnabler","BaseMod","Colored Map","Colored Powertips","Highlight Path","Minty Spire (QoL Compilation)","Quick Restart","Transform Curses"],"gold_per_floor":[110,12,12,12,29,29,40,73,151,179,179,14,14,33,33,107,107,126,126,145,145,160,160,9,20,43,43,43,43,43,69,69,146,146,162,162,174,6,18,18,18,18],"floor_reached":41,"language":"ENG","playtime":2520,"items_purged":["BowlingBash"],"score":840,"play_id":"8ca3b55c-24f9-453c-8957-33e8085bda4f","local_time":"20210131071853","is_ascension_mode":true,"campfire_choices":[{"floor":6.0,"key":"REST"},{"data":"Eruption","floor":13.0,"key":"SMITH"},{"data":"ForeignInfluence","floor":15.0,"key":"SMITH"},{"floor":23.0,"key":"REST"},{"data":"BattleHymn","floor":28.0,"key":"SMITH"},{"data":"Establishment","floor":30.0,"key":"SMITH"},{"floor":32.0,"key":"REST"},{"floor":40,"key":"REST"}],"circlet_count":0,"master_deck":["AscendersBane","Strike_P+1","Strike_P+1","Strike_P+1","Strike_P+1","Defend_P+1","Defend_P+1","Defend_P+1","Defend_P+1","Eruption+1","Vigilance","BowlingBash","ForeignInfluence+1","CutThroughFate","Fasting2","Halt","FlurryOfBlows","Wallop","Establishment+1","Prostrate","SashWhip","BattleHymn+1","ThirdEye","Perseverance","ConjureBlade"],"relics":["PureWater","Damaru","MealTicket","StrikeDummy","Happy Flower","PreservedInsect","SacredBark","MutagenicStrength","Bag of Marbles","Gremlin Horn","Busted Crown","Lantern"],"acts_visited":["Exordium","TheCity","TheBeyond"],"potions_floor_usage":[],"damage_taken":[{"damage":14.0,"enemies":"Small Slimes","floor":1.0,"turns":3.0},{"damage":0.0,"enemies":"2 Louse","floor":5.0,"turns":2.0},{"damage":8.0,"enemies":"Jaw Worm","floor":7.0,"turns":4.0},{"damage":0.0,"enemies":"Lagavulin","floor":8.0,"turns":4.0},{"damage":26.0,"enemies":"3 Sentries","floor":10.0,"turns":8.0},{"damage":0.0,"enemies":"Blue Slaver","floor":14.0,"turns":3.0},{"damage":22.0,"enemies":"Hexaghost","floor":16.0,"turns":8.0},{"damage":0.0,"enemies":"Chosen","floor":18.0,"turns":3.0},{"damage":4.0,"enemies":"3 Byrds","floor":20.0,"turns":4.0},{"damage":32.0,"enemies":"Centurion and Healer","floor":22.0,"turns":5.0},{"damage":0.0,"enemies":"Snake Plant","floor":25.0,"turns":4.0},{"damage":28.0,"enemies":"Slavers","floor":31.0,"turns":3.0},{"damage":38.0,"enemies":"Automaton","floor":33.0,"turns":10.0},{"damage":8.0,"enemies":"3 Shapes","floor":35.0,"turns":3.0},{"damage":33,"enemies":"3 Darklings","floor":37,"turns":5},{"damage":45,"enemies":"Spire Growth","floor":39,"turns":5},{"damage":21,"enemies":"Nemesis","floor":41,"turns":1}],"seed_played":"4490085989647466294","potions_obtained":[{"floor":1.0,"key":"BlessingOfTheForge"},{"floor":5.0,"key":"AttackPotion"},{"floor":10.0,"key":"PowerPotion"},{"floor":22.0,"key":"Dexterity Potion"},{"floor":31.0,"key":"PowerPotion"},{"floor":35.0,"key":"Energy Potion"}],"is_trial":false,"path_per_floor":["M","$","?","?","M","R","M","E","T","E","?","$","R","M","R","B",null,"M","?","M","?","M","R","$","M","T","$","R","?","R","E","R","B",null,"M","$","M","$","M","R","E"],"character_chosen":"WATCHER","items_purchased":["ForeignInfluence","CutThroughFate","PreservedInsect","BattleHymn","Lantern"],"campfire_rested":4,"item_purchase_floors":[2,2,12,24,38],"current_hp_per_floor":[47,47,47,47,47,67,59,59,59,33,55,68,68,68,68,46,63,63,63,59,59,27,47,62,62,62,68,68,68,68,40,60,22,57,49,64,31,46,1,21,0,0],"gold":18,"neow_bonus":"RANDOM_COMMON_RELIC","is_daily":false,"chose_seed":false,"campfire_upgraded":4,"win_rate":0.0,"timestamp":1612102733,"path_taken":["M","$","?","?","M","R","M","E","T","E","?","?","R","M","R","BOSS","M","?","M","?","M","R","$","M","T","$","R","?","R","E","R","BOSS","M","$","?","?","M","R","E"],"items_purchased_type":["Card","Card","Relic","Card","Relic"],"build_version":"2020-12-22","purchased_purges":1,"victory":false,"max_hp_per_floor":[68,68,68,68,68,68,68,68,68,68,68,68,68,68,68,68,68,68,68,68,68,68,68,68,68,68,68,68,68,68,68,68,68,68,68,68,68,68,68,68,68,68],"card_choices":[{"not_picked":["Adaptation","CutThroughFate"],"picked":"BowlingBash","floor":1.0},{"not_picked":["Swivel","Crescendo"],"picked":"Fasting2","floor":5.0},{"not_picked":["Blasphemy","CrushJoints"],"picked":"Halt","floor":7.0},{"not_picked":["Crescendo","Wish"],"picked":"FlurryOfBlows","floor":8.0},{"not_picked":["MentalFortress","Indignation","Meditate"],"picked":"SKIP","floor":10.0},{"not_picked":["CutThroughFate","Conclude"],"picked":"Wallop","floor":14.0},{"not_picked":["Omniscience","ConjureBlade"],"picked":"Establishment","floor":16.0},{"not_picked":["SandsOfTime","ClearTheMind"],"picked":"BowlingBash","floor":18.0},{"not_picked":["InnerPeace","Perseverance+1"],"picked":"Prostrate","floor":20.0},{"not_picked":["ClearTheMind","Tantrum"],"picked":"SashWhip","floor":22.0},{"not_picked":["Nirvana","JustLucky"],"picked":"ThirdEye","floor":25.0},{"not_picked":["FlyingSleeves","ThirdEye"],"picked":"Perseverance","floor":31.0},{"not_picked":["MasterReality","Ragnarok"],"picked":"ConjureBlade","floor":33.0},{"not_picked":["EmptyFist"],"picked":"SKIP","floor":35.0},{"not_picked":["SignatureMove"],"picked":"SKIP","floor":37},{"not_picked":["Study"],"picked":"SKIP","floor":39}],"player_experience":1397440,"relics_obtained":[{"floor":8.0,"key":"MealTicket"},{"floor":9.0,"key":"StrikeDummy"},{"floor":10.0,"key":"Happy Flower"},{"floor":26.0,"key":"Bag of Marbles"},{"floor":31.0,"key":"Gremlin Horn"}],"event_choices":[{"damage_healed":0.0,"max_hp_gain":0.0,"max_hp_loss":0.0,"gold_gain":0.0,"event_name":"Shining Light","player_choice":"Ignored","floor":3.0,"gold_loss":0.0,"damage_taken":0.0},{"damage_healed":0.0,"max_hp_gain":0.0,"max_hp_loss":0.0,"gold_gain":0.0,"event_name":"Liars Game","player_choice":"Ignored","floor":4.0,"gold_loss":0.0,"damage_taken":0.0},{"damage_healed":22.0,"max_hp_gain":0.0,"max_hp_loss":0.0,"gold_gain":0.0,"event_name":"Big Fish","player_choice":"Banana","floor":11.0,"gold_loss":0.0,"damage_taken":0.0},{"damage_healed":0.0,"max_hp_gain":0.0,"max_hp_loss":0.0,"gold_gain":0.0,"event_name":"Back to Basics","player_choice":"Simplicity","floor":19.0,"gold_loss":0.0,"damage_taken":0.0,"cards_upgraded":["Strike_P","Strike_P","Strike_P","Strike_P","Defend_P","Defend_P","Defend_P","Defend_P"]},{"damage_healed":0.0,"max_hp_gain":0.0,"max_hp_loss":0.0,"gold_gain":0.0,"event_name":"Drug Dealer","player_choice":"Inject Mutagens","floor":21.0,"gold_loss":0.0,"damage_taken":0.0,"relics_obtained":["MutagenicStrength"]},{"damage_healed":0.0,"max_hp_gain":0.0,"max_hp_loss":0.0,"gold_gain":0.0,"event_name":"N\u0027loth","player_choice":"Ignored","floor":29.0,"gold_loss":0.0,"damage_taken":0.0}],"is_beta":false,"boss_relics":[{"not_picked":["Tiny House","Sozu"],"picked":"SacredBark"},{"not_picked":["Cursed Key","Runic Pyramid"],"picked":"Busted Crown"}],"items_purged_floors":[24],"is_endless":false,"potions_floor_spawned":[1,5,10,22,31,35],"killed_by":"Nemesis","ascension_level":18}}