{"host":"gqhy17d1xpb1p3ki","time":1612136096,"event":{"mods":["2.2 Compatiblity","AchievementEnabler","BaseMod","Bestiary","BetterRewards","Colored Map","Colored Powertips","Conspire","Curses Come First","Custom Start","DeckTracker","Downfall","Duelist Mod","Hermit","Highlight Path","Hubris","Infinite Spire","Jorbs\u0027s Wanderer Trilogy","Marisa????????","Minty Spire (QoL Compilation)","Quick Restart","Rare Cards Sparkle","Relic Stats","Remilia??????","Robot Space Explorer","Shop Mod","StSLib","Td1madao Mod","The Animator","The Bug Knight","The Cursed","The Disciple","The Hierophant","The Jungle","The Marked","The Mystic","The Necromancer","The Runesmith","The Senshi","The Servant 0.9.4","The Witch","TheBandit","WarShipGirlsR/????R mod","Yuri Mod"],"gold_per_floor":[125,144,164,177,627,429,429,429,429,234,234,245,245,54,65,165,165,165,175,195,207,225,225,252,267,267,267,267,267],"floor_reached":28,"language":"ENG","playtime":1680,"items_purged":["downfall:Icky","downfall:Icky","downfall:Icky"],"score":285,"play_id":"2e1e14d9-bf07-4566-8f50-f59d8591eda4","local_time":"20210131183456","is_ascension_mode":false,"campfire_choices":[{"data":"theDuelist:ToonWorld","floor":1,"key":"SMITH"},{"data":"theDuelist:ToonCannonSoldier","floor":9,"key":"SMITH"},{"data":"theDuelist:ToonGeminiElf","floor":11,"key":"SMITH"},{"data":"theDuelist:ToonSummonedSkull","floor":13,"key":"SMITH"},{"data":"theDuelist:SwordsConcealing","floor":18,"key":"SMITH"}],"circlet_count":0,"master_deck":["theDuelist:CastleWalls","theDuelist:CastleWalls","theDuelist:MangaRyuRan","theDuelist:Sparks","theDuelist:Sparks","theDuelist:Sparks","theDuelist:ToonAncientGear","theDuelist:ToonMermaid","theDuelist:ToonSummonedSkull+1","theDuelist:ToonWorld+1","theDuelist:GolemSentry","theDuelist:RedEyesToon","theDuelist:RedEyesToon","theDuelist:ToonAncientGear","theDuelist:ToonCannonSoldier+1","theDuelist:BlueEyesToon","theDuelist:ToonGeminiElf+1","theDuelist:ToonSummonedSkull","theDuelist:ToonAncientGear","theDuelist:ToonAncientGear","theDuelist:Wiretap","theDuelist:SwordsConcealing+1","theDuelist:LightningRodLord+1","theDuelist:WingedKuribohLv9","theDuelist:ComicHand","theDuelist:ToonDarkMagicianGirl"],"relics":["theDuelist:MillenniumPuzzle","theDuelist:CardPoolRelic","theDuelist:CardPoolBasicRelic","theDuelist:BoosterPackPoolRelic","theDuelist:CardPoolAddRelic","theDuelist:CardPoolMinusRelic","theDuelist:CardPoolSaveRelic","theDuelist:CardPoolOptionsRelic","Champion Belt","hubris:Towel","theDuelist:ElectricKey","theDuelist:CursedHealer","Lantern"],"acts_visited":["Exordium","TheCity"],"potions_floor_usage":[],"damage_taken":[{"damage":5,"enemies":"Small Slimes","floor":2,"turns":3},{"damage":4,"enemies":"Jaw Worm","floor":3,"turns":3},{"damage":7,"enemies":"2 Louse","floor":4,"turns":2},{"damage":5,"enemies":"downfall:FleeingMerchant","floor":6,"turns":4},{"damage":14,"enemies":"downfall:FleeingMerchant","floor":10,"turns":4},{"damage":18,"enemies":"Large Slime","floor":12,"turns":3},{"damage":7,"enemies":"downfall:FleeingMerchant","floor":14,"turns":4},{"damage":8,"enemies":"Lots of Slimes","floor":15,"turns":3},{"damage":4,"enemies":"SI_SHIV_ARCHETYPE","floor":16,"turns":5},{"damage":6,"enemies":"3 Byrds","floor":19,"turns":5},{"damage":26,"enemies":"Centurion and Healer","floor":20,"turns":5},{"damage":13,"enemies":"Snake Plant","floor":21,"turns":4},{"damage":23,"enemies":"Cultist and Chosen","floor":22,"turns":6},{"damage":15,"enemies":"Centurion and Healer","floor":25,"turns":4},{"damage":30,"enemies":"Gremlin Leader","floor":28,"turns":4}],"seed_played":"-282807726754000041","potions_obtained":[{"floor":4,"key":"theDuelist:DestructPotionPot"},{"floor":12,"key":"Block Potion"},{"floor":15,"key":"ColorlessPotion"}],"is_trial":false,"path_per_floor":["R","M","M","M","?","$","T","?","R","$","R","M","R","$","M","B",null,"R","M","M","M","M","?","T","M","?","?","E"],"character_chosen":"THE_DUELIST","items_purchased":["theDuelist:ToonCannonSoldier","theDuelist:BlueEyesToon","theDuelist:ToonSummonedSkull","theDuelist:ToonAncientGear"],"campfire_rested":0,"item_purchase_floors":[6,6,10,14],"current_hp_per_floor":[88,83,79,72,72,67,67,67,67,53,53,35,35,28,20,16,88,88,82,56,43,20,45,45,30,30,30,0,0],"gold":267,"neow_bonus":"TEN_PERCENT_HP_BONUS","is_daily":false,"chose_seed":false,"campfire_upgraded":5,"win_rate":0.0,"timestamp":1612136096,"path_taken":["R","M","M","M","?","$","T","?","R","$","R","M","R","$","M","BOSS","R","M","M","M","M","?","T","M","?","?","E"],"items_purchased_type":["Card","Card","Card","Card"],"build_version":"2020-12-22","purchased_purges":3,"victory":false,"max_hp_per_floor":[88,88,88,88,88,88,88,88,88,88,88,88,88,88,88,88,88,88,88,88,88,88,88,88,88,88,88,88,88],"relic_stats":{"counters":[15,59],"Champion Belt":[60],"obtain_stats":[{"Lantern":24,"theDuelist:CursedHealer":23,"theDuelist:MillenniumPuzzle":0,"theDuelist:CardPoolSaveRelic":0,"hubris:Towel":8,"theDuelist:BoosterPackPoolRelic":0,"theDuelist:CardPoolMinusRelic":0,"theDuelist:CardPoolBasicRelic":0,"theDuelist:CardPoolAddRelic":0,"theDuelist:CardPoolOptionsRelic":0,"Champion Belt":7,"theDuelist:CardPoolRelic":0,"theDuelist:ElectricKey":17},{"Lantern":13,"theDuelist:CursedHealer":13,"theDuelist:MillenniumPuzzle":0,"theDuelist:CardPoolSaveRelic":0,"hubris:Towel":4,"theDuelist:BoosterPackPoolRelic":0,"theDuelist:CardPoolMinusRelic":0,"theDuelist:CardPoolBasicRelic":0,"theDuelist:CardPoolAddRelic":0,"theDuelist:CardPoolOptionsRelic":0,"Champion Belt":4,"theDuelist:CardPoolRelic":0,"theDuelist:ElectricKey":9},{"Lantern":51,"theDuelist:CursedHealer":51,"theDuelist:MillenniumPuzzle":0,"theDuelist:CardPoolSaveRelic":0,"hubris:Towel":12,"theDuelist:BoosterPackPoolRelic":0,"theDuelist:CardPoolMinusRelic":0,"theDuelist:CardPoolBasicRelic":0,"theDuelist:CardPoolAddRelic":0,"theDuelist:CardPoolOptionsRelic":0,"Champion Belt":12,"theDuelist:CardPoolRelic":0,"theDuelist:ElectricKey":31}]},"card_choices":[{"not_picked":["theDuelist:DestroyerGolem","theDuelist:GemArmadillo","theDuelist:LabyrinthWall","theDuelist:RainbowOverdragon"],"picked":"theDuelist:GolemSentry","floor":2},{"not_picked":["theDuelist:ToonBarrelDragon","theDuelist:FlyingSaucer","theDuelist:CheerfulCoffin","theDuelist:MangaRyuRan"],"picked":"theDuelist:RedEyesToon","floor":3},{"not_picked":["theDuelist:ToonBarrelDragon","theDuelist:FlyingSaucer","theDuelist:CheerfulCoffin","theDuelist:ToonSummonedSkull"],"picked":"theDuelist:RedEyesToon","floor":4},{"not_picked":["theDuelist:MangaRyuRan","theDuelist:FlyingSaucer","theDuelist:SpellShatteringArrow","theDuelist:ToonMermaid"],"picked":"theDuelist:ToonAncientGear","floor":6},{"not_picked":["theDuelist:ToonSummonedSkull","theDuelist:ToonTable","theDuelist:FlyingSaucer","theDuelist:ToonMagic"],"picked":"theDuelist:ToonGeminiElf","floor":10},{"not_picked":["theDuelist:ToonMermaid","theDuelist:ToonBarrelDragon","theDuelist:FlyingSaucer","theDuelist:ToonCannonSoldier"],"picked":"theDuelist:ToonAncientGear","floor":12},{"not_picked":["theDuelist:SpellShatteringArrow","theDuelist:FlyingSaucer","theDuelist:MangaRyuRan","theDuelist:CheerfulCoffin","theDuelist:ToonCannonSoldier"],"picked":"SKIP","floor":14},{"not_picked":["theDuelist:ToonDefense","theDuelist:OneForOne+1","theDuelist:SphereKuriboh","theDuelist:DestructPotion"],"picked":"theDuelist:Wiretap","floor":15},{"not_picked":["theDuelist:ObeliskTormentor","theDuelist:PotGenerosity","theDuelist:Raigeki","theDuelist:SmashingGround"],"picked":"theDuelist:SwordsConcealing","floor":16},{"not_picked":["theDuelist:ClearKuriboh","theDuelist:DarklordSuperbia","theDuelist:Hinotama","theDuelist:Blockman"],"picked":"theDuelist:LightningRodLord+1","floor":19},{"not_picked":["theDuelist:GraniteLoyalist","theDuelist:DokiDoki","theDuelist:EarthGiant","theDuelist:FutureFusion+1"],"picked":"theDuelist:WingedKuribohLv9","floor":20},{"not_picked":["theDuelist:SpellShatteringArrow","theDuelist:ToonMermaid","theDuelist:FlyingSaucer","theDuelist:CheerfulCoffin+1","theDuelist:TributeDoomed"],"picked":"SKIP","floor":21},{"not_picked":["theDuelist:MangaRyuRan","theDuelist:RedEyesToon","theDuelist:ToonMermaid+1","theDuelist:ToonBarrelDragon"],"picked":"theDuelist:ComicHand","floor":22},{"not_picked":["theDuelist:ComicHand","theDuelist:TributeDoomed+1","theDuelist:ToonGeminiElf","theDuelist:FeatherShot+1"],"picked":"theDuelist:ToonDarkMagicianGirl","floor":25}],"player_experience":469516,"relics_obtained":[{"floor":7,"key":"Champion Belt"},{"floor":24,"key":"Lantern"}],"event_choices":[{"damage_healed":0,"gold_gain":0,"player_choice":"Succumb - +25HP/Cursed Relic","duelist":true,"damage_taken":0,"max_hp_gain":0,"max_hp_loss":0,"event_name":"Tomb of the Nameless","floor":23,"gold_loss":0},{"damage_healed":0,"gold_gain":0,"player_choice":"Leave","damage_taken":0,"max_hp_gain":0,"max_hp_loss":0,"event_name":"conspire:Investor","floor":26,"gold_loss":0},{"total_magic_score":59,"gold_gain":0,"duelist":true,"damage_taken":0,"relics_obtained":[],"points":6,"max_hp_gain":0,"max_hp_loss":0,"spent_points":{"magic":0,"greed":0,"war":0,"power":0,"hunger":0},"event_name":"Nameless Tomb","floor":27,"gold_loss":0,"cards_obtained":[]}],"is_beta":false,"boss_relics":[{"not_picked":["Mark of Pain","hubris:VirtuousBlindfold"],"picked":"theDuelist:ElectricKey"}],"items_purged_floors":[6,10,14],"is_endless":false,"potions_floor_spawned":[4,12,15,16,19,21],"killed_by":"Gremlin Leader","ascension_level":0}}