{"host":"6xsbn6ynqlzwllfm","time":1612090328,"event":{"mods":["2.2 Compatiblity","BaseMod","Bestiary","Colored Map","Colored Powertips","Curses Come First","Highlight Path","Keyboard Shortcuts","Minty Spire (QoL Compilation)","Relic Stats","Slay the Relics Exporter","StSLib","SuperFastMode"],"gold_per_floor":[113,26,44,44,44,74,74,105,129,141,167,179,207,253,265,352,364,393,405,405],"floor_reached":19,"language":"ENG","playtime":426,"items_purged":[],"score":420,"play_id":"e3181eea-3d16-469a-8994-91e786c649d7","local_time":"20210131055208","is_ascension_mode":true,"campfire_choices":[{"data":"EmptyFist","floor":7,"key":"SMITH"},{"data":"WaveOfTheHand","floor":10,"key":"SMITH"},{"data":"FlyingSleeves","floor":15,"key":"SMITH"}],"circlet_count":0,"master_deck":["AscendersBane","Strike_P","Strike_P","Strike_P","Strike_P","Defend_P","Defend_P","Defend_P","Defend_P","Eruption","Vigilance","WaveOfTheHand+1","BattleHymn+1","FlyingSleeves+1","EmptyFist+1","MentalFortress","DevaForm"],"relics":["PureWater","NeowsBlessing","Happy Flower","Juzu Bracelet","MawBank","White Beast Statue","Busted Crown"],"acts_visited":["Exordium","TheCity"],"potions_floor_usage":[16],"damage_taken":[{"damage":0,"enemies":"Small Slimes","floor":1,"turns":1},{"damage":0,"enemies":"2 Louse","floor":3,"turns":1},{"damage":0,"enemies":"Gremlin Nob","floor":6,"turns":1},{"damage":7,"enemies":"Lagavulin","floor":8,"turns":6},{"damage":7,"enemies":"Jaw Worm","floor":11,"turns":3},{"damage":25,"enemies":"Exordium Wildlife","floor":13,"turns":4},{"damage":3,"enemies":"Gremlin Nob","floor":14,"turns":3},{"damage":18,"enemies":"Hexaghost","floor":16,"turns":8},{"damage":40,"enemies":"Shell Parasite","floor":18,"turns":6},{"damage":12,"enemies":"3 Byrds","floor":19,"turns":3}],"seed_played":"8996678330358294946","potions_obtained":[{"floor":11,"key":"EssenceOfSteel"},{"floor":14,"key":"SkillPotion"},{"floor":16,"key":"Block Potion"}],"is_trial":false,"path_per_floor":["M","$","M","?","?","E","R","E","T","R","M","?","M","E","R","B",null,"M","M"],"character_chosen":"WATCHER","items_purchased":["BattleHymn"],"campfire_rested":0,"item_purchase_floors":[2],"current_hp_per_floor":[61,61,61,61,61,61,61,54,54,54,47,47,22,19,19,1,51,11,0,0],"gold":405,"neow_bonus":"THREE_ENEMY_KILL","is_daily":false,"chose_seed":false,"campfire_upgraded":3,"win_rate":0.0,"timestamp":1612090328,"path_taken":["M","$","M","?","?","E","R","E","T","R","M","?","M","E","R","BOSS","M","M"],"items_purchased_type":["Card"],"build_version":"2020-12-22","purchased_purges":0,"victory":false,"max_hp_per_floor":[68,68,68,68,68,68,68,68,68,68,68,68,68,68,68,68,68,68,68,68],"relic_stats":{"Busted Crown":2,"Happy Flower":[11],"counters":[10,36],"Juzu Bracelet":0,"MawBank":120,"obtain_stats":[{"Busted Crown":17,"NeowsBlessing":0,"Happy Flower":6,"Juzu Bracelet":8,"PureWater":0,"MawBank":9,"White Beast Statue":14},{"Busted Crown":8,"NeowsBlessing":0,"Happy Flower":3,"Juzu Bracelet":4,"PureWater":0,"MawBank":4,"White Beast Statue":7},{"Busted Crown":27,"NeowsBlessing":0,"Happy Flower":3,"Juzu Bracelet":9,"PureWater":0,"MawBank":9,"White Beast Statue":19}]},"card_choices":[{"not_picked":["Protect","Halt"],"picked":"WaveOfTheHand","floor":1},{"not_picked":["Prostrate","BattleHymn"],"picked":"FlyingSleeves","floor":3},{"not_picked":["PathToVictory","Crescendo"],"picked":"EmptyFist","floor":6},{"not_picked":["EmptyFist","FlyingSleeves","CarveReality"],"picked":"SKIP","floor":8},{"not_picked":["Weave","ClearTheMind"],"picked":"MentalFortress","floor":14},{"not_picked":["ConjureBlade","Alpha"],"picked":"DevaForm","floor":16}],"player_experience":1340521,"relics_obtained":[{"floor":6,"key":"Happy Flower"},{"floor":8,"key":"Juzu Bracelet"},{"floor":9,"key":"MawBank"},{"floor":14,"key":"White Beast Statue"}],"event_choices":[{"damage_healed":0,"gold_gain":0,"player_choice":"Leave","damage_taken":0,"max_hp_gain":0,"max_hp_loss":0,"event_name":"The Cleric","floor":4,"gold_loss":0},{"damage_healed":0,"gold_gain":0,"player_choice":"Grow","damage_taken":0,"max_hp_gain":0,"max_hp_loss":0,"event_name":"Living Wall","floor":5,"gold_loss":0,"cards_upgraded":["BattleHymn"]},{"damage_healed":0,"gold_gain":0,"player_choice":"Ignored","damage_taken":0,"max_hp_gain":0,"max_hp_loss":0,"event_name":"Liars Game","floor":12,"gold_loss":0}],"is_beta":false,"boss_relics":[{"not_picked":["Velvet Choker","Tiny House"],"picked":"Busted Crown"}],"items_purged_floors":[],"is_endless":false,"potions_floor_spawned":[11,14,16,18],"killed_by":"3 Byrds","ascension_level":20}}