{"host":"6xsbn6ynqlzwllfm","time":1612077312,"event":{"mods":["2.2 Compatiblity","BaseMod","Bestiary","Colored Map","Colored Powertips","Curses Come First","Highlight Path","Keyboard Shortcuts","Minty Spire (QoL Compilation)","Relic Stats","Slay the Relics Exporter","StSLib","SuperFastMode"],"gold_per_floor":[112,131,131,143,143,172,185,211,211,176,203,203,217,231,231,231,231],"floor_reached":16,"language":"ENG","playtime":345,"items_purged":[],"score":294,"play_id":"a38c1d00-40ca-4d34-94e6-2934f6d01560","local_time":"20210131021512","is_ascension_mode":true,"campfire_choices":[{"floor":12,"key":"REST"},{"data":"Omniscience","floor":15,"key":"SMITH"}],"circlet_count":0,"master_deck":["AscendersBane","Strike_P","Strike_P","Strike_P+1","Strike_P","Defend_P","Defend_P+1","Defend_P","Defend_P","Eruption","Vigilance","CutThroughFate","EmptyFist","CutThroughFate","Omniscience+1","BowlingBash","SashWhip","Vengeance+1","Scrawl+1","Consecrate"],"relics":["Sozu","Strawberry","The Courier","Toxic Egg 2","Centennial Puzzle"],"acts_visited":["Exordium"],"potions_floor_usage":[],"damage_taken":[{"damage":2.0,"enemies":"2 Louse","floor":1.0,"turns":3.0},{"damage":0.0,"enemies":"Jaw Worm","floor":2.0,"turns":2.0},{"damage":1.0,"enemies":"Cultist","floor":4.0,"turns":3.0},{"damage":16.0,"enemies":"Gremlin Nob","floor":6.0,"turns":3.0},{"damage":11,"enemies":"Looter","floor":7,"turns":2},{"damage":14,"enemies":"Lagavulin","floor":8,"turns":6},{"damage":0,"enemies":"3 Sentries","floor":11,"turns":2},{"damage":9,"enemies":"Blue Slaver","floor":13,"turns":3},{"damage":0,"enemies":"Exordium Wildlife","floor":14,"turns":2},{"damage":21,"enemies":"The Guardian","floor":16,"turns":7}],"seed_played":"4597098947355188945","potions_obtained":[],"is_trial":false,"path_per_floor":["M","M","?","M","?","E","M","E","T","?","E","R","M","M","R","B"],"character_chosen":"WATCHER","items_purchased":[],"campfire_rested":1,"item_purchase_floors":[],"current_hp_per_floor":[59,59,39,38,38,29,18,4,4,4,4,26,17,17,17,0,0],"gold":231,"neow_bonus":"BOSS_RELIC","is_daily":false,"chose_seed":false,"campfire_upgraded":1,"win_rate":0.0,"timestamp":1612077312,"path_taken":["M","M","?","M","?","E","M","E","T","?","E","R","M","M","R","BOSS"],"items_purchased_type":[],"build_version":"2020-12-22","purchased_purges":0,"victory":false,"max_hp_per_floor":[68,68,68,68,68,75,75,75,75,75,75,75,75,75,75,75,75],"relic_stats":{"Sozu":3,"Centennial Puzzle":[6],"counters":[10,33],"obtain_stats":[{"Sozu":0,"Centennial Puzzle":11,"Strawberry":6,"The Courier":8,"PureWater":0,"Toxic Egg 2":9},{"Sozu":0,"Centennial Puzzle":7,"Strawberry":4,"The Courier":6,"PureWater":0,"Toxic Egg 2":6},{"Sozu":0,"Centennial Puzzle":21,"Strawberry":11,"The Courier":19,"PureWater":0,"Toxic Egg 2":19}]},"card_choices":[{"not_picked":["FollowUp","SashWhip"],"picked":"CutThroughFate","floor":1.0},{"not_picked":["PathToVictory","CutThroughFate"],"picked":"EmptyFist","floor":2.0},{"not_picked":["Protect","LikeWater"],"picked":"CutThroughFate","floor":4.0},{"not_picked":["ThirdEye","Halt"],"picked":"Omniscience","floor":6.0},{"not_picked":["Nirvana","JustLucky"],"picked":"BowlingBash","floor":7},{"not_picked":["PathToVictory","Crescendo"],"picked":"SashWhip","floor":8},{"not_picked":["FollowUp","SashWhip"],"picked":"Vengeance+1","floor":11},{"not_picked":["FearNoEvil","Prostrate+1"],"picked":"Scrawl+1","floor":13},{"not_picked":["Weave","SashWhip"],"picked":"Consecrate","floor":14}],"player_experience":1330015,"relics_obtained":[{"floor":6.0,"key":"Strawberry"},{"floor":8,"key":"The Courier"},{"floor":9,"key":"Toxic Egg 2"},{"floor":11,"key":"Centennial Puzzle"}],"event_choices":[{"damage_healed":0.0,"max_hp_gain":0.0,"max_hp_loss":0.0,"gold_gain":0.0,"event_name":"Shining Light","player_choice":"Entered Light","floor":3.0,"gold_loss":0.0,"damage_taken":20.0,"cards_upgraded":["Defend_P","Strike_P"]},{"damage_healed":0.0,"max_hp_gain":0.0,"max_hp_loss":0.0,"gold_gain":0.0,"event_name":"Liars Game","player_choice":"Ignored","floor":5.0,"gold_loss":0.0,"damage_taken":0.0},{"damage_healed":0,"gold_gain":0,"player_choice":"Left Gold","damage_taken":0,"max_hp_gain":0,"max_hp_loss":0,"event_name":"World of Goop","floor":10,"gold_loss":35}],"is_beta":false,"boss_relics":[],"items_purged_floors":[],"is_endless":false,"potions_floor_spawned":[6,8,14],"killed_by":"The Guardian","ascension_level":20}}