{"host":"ig3ferjl2vi2q99g","time":1612097211,"event":{"mods":["AchievementEnabler","BaseMod","Colored Map","Colored Powertips","Hermit","Minty Spire (QoL Compilation)","Permanent Neow","Quick Restart","SacredBarkPlus","StSLib"],"gold_per_floor":[10,10,34,34,34,34,77,77,77,111,111,126,170,191,191,311,311,305,321,342,342,362,362,401,417,417,417,436,459,499,175,175,303,303,323,37,58,79,0,35,35,75,75,99,99,99,57,75,75,75],"floor_reached":51,"language":"ENG","playtime":3780,"items_purged":["Strike_B","Strike_B"],"score":777,"play_id":"0bc60594-90b9-4ff8-a57c-9dcc93e70a04","local_time":"20210131134651","is_ascension_mode":true,"campfire_choices":[{"data":"Zap","floor":6,"key":"SMITH"},{"data":"Dualcast","floor":8,"key":"SMITH"},{"floor":11,"key":"REST"},{"floor":15,"key":"REST"},{"data":"Self Repair","floor":23,"key":"SMITH"},{"data":"Seek","floor":27,"key":"SMITH"},{"data":"Hyperbeam","floor":32,"key":"SMITH"},{"data":"Beam Cell","floor":41,"key":"SMITH"},{"data":"Hyperbeam","floor":45,"key":"SMITH"},{"data":"Master of Strategy","floor":49,"key":"SMITH"}],"circlet_count":0,"master_deck":["Strike_B+1","Defend_B+1","Defend_B","Defend_B","Defend_B+1","Zap+1","Dualcast+1","All For One","Steam","Streamline","Sweeping Beam","Glacier","Coolheaded","Self Repair+1","Seek+1","Gash","Sunder+1","Steam+1","All For One","Hyperbeam+1","Reprogram+1","Scrape+1","Gash","Master of Strategy+1","Hyperbeam+1","Beam Cell+1","Conserve Battery+1","Gash+1","Go for the Eyes+1","Reboot+1","Conserve Battery+1"],"relics":["Cracked Core","Golden Idol","Shuriken","PreservedInsect","StoneCalendar","Omamori","Coffee Dripper","Thread and Needle","The Courier","MealTicket","War Paint","Snecko Eye","Toxic Egg 2","Red Mask","Kunai","Meat on the Bone","Vajra"],"acts_visited":["Exordium","TheCity","TheBeyond"],"potions_floor_usage":[7,16,24,24,28,33,42,50],"damage_taken":[{"damage":5,"enemies":"Small Slimes","floor":1,"turns":3},{"damage":1,"enemies":"Jaw Worm","floor":3,"turns":3},{"damage":8,"enemies":"3 Sentries","floor":7,"turns":6},{"damage":23,"enemies":"Lagavulin","floor":10,"turns":4},{"damage":0,"enemies":"Cultist","floor":12,"turns":4},{"damage":8,"enemies":"3 Sentries","floor":13,"turns":6},{"damage":0,"enemies":"Looter","floor":14,"turns":3},{"damage":27,"enemies":"Slime Boss","floor":16,"turns":7},{"damage":4,"enemies":"2 Thieves","floor":18,"turns":4},{"damage":0,"enemies":"Shell Parasite","floor":19,"turns":5},{"damage":8,"enemies":"Snake Plant","floor":20,"turns":5},{"damage":18,"enemies":"Sentry and Sphere","floor":22,"turns":5},{"damage":24,"enemies":"Slavers","floor":24,"turns":5},{"damage":0,"enemies":"3 Cultists","floor":25,"turns":6},{"damage":11,"enemies":"Snake Plant","floor":28,"turns":3},{"damage":4,"enemies":"Chosen and Byrds","floor":29,"turns":5},{"damage":13,"enemies":"Gremlin Leader","floor":30,"turns":5},{"damage":24,"enemies":"Collector","floor":33,"turns":7},{"damage":0,"enemies":"3 Shapes","floor":35,"turns":3},{"damage":0,"enemies":"3 Darklings","floor":37,"turns":3},{"damage":28,"enemies":"Maw","floor":38,"turns":7},{"damage":0,"enemies":"Giant Head","floor":40,"turns":4},{"damage":32,"enemies":"Nemesis","floor":42,"turns":5},{"damage":0,"enemies":"Sphere and 2 Shapes","floor":48,"turns":3},{"damage":22,"enemies":"Donu and Deca","floor":50,"turns":8}],"seed_played":"5659374918495528785","potions_obtained":[{"floor":1,"key":"Explosive Potion"},{"floor":12,"key":"DistilledChaos"},{"floor":14,"key":"FocusPotion"},{"floor":16,"key":"PowerPotion"},{"floor":19,"key":"Weak Potion"},{"floor":29,"key":"BlessingOfTheForge"},{"floor":30,"key":"ColorlessPotion"},{"floor":33,"key":"Energy Potion"},{"floor":35,"key":"DuplicationPotion"},{"floor":37,"key":"FearPotion"}],"is_trial":false,"path_per_floor":["M","?","M","?","$","R","E","R","T","E","R","M","E","M","R","B",null,"M","M","M","?","M","R","E","M","T","R","M","M","E","$","R","B",null,"M","$","M","M","?","E","R","E","T","T","R","?","$","M","R","B",null],"character_chosen":"DEFECT","items_purchased":["War Paint","Master of Strategy","Toxic Egg 2","Weak Potion"],"campfire_rested":2,"item_purchase_floors":[31,31,36,47],"current_hp_per_floor":[70,69,68,54,54,54,46,46,46,23,43,43,35,35,55,35,69,69,69,68,68,57,57,43,53,53,53,52,58,55,69,69,55,69,69,69,69,51,51,61,61,39,39,39,39,39,54,64,64,42],"gold":75,"neow_bonus":"THREE_RARE_CARDS","is_daily":false,"chose_seed":false,"campfire_upgraded":8,"win_rate":0.0,"timestamp":1612097211,"path_taken":["M","?","M","?","$","R","E","R","T","E","R","?","E","M","R","BOSS","M","?","M","?","M","R","E","M","T","R","?","M","E","$","R","BOSS","M","$","M","M","?","E","R","E","T","?","R","?","$","M","R","BOSS"],"items_purchased_type":["Relic","Card","Relic","Potion"],"build_version":"2020-12-22","purchased_purges":2,"victory":true,"max_hp_per_floor":[75,69,69,69,69,69,69,69,69,69,69,69,69,69,69,69,69,69,69,69,69,69,69,69,69,69,69,69,69,69,69,69,69,69,69,69,69,69,69,69,69,69,69,69,69,69,69,69,69,69],"card_choices":[{"not_picked":["Creative AI","Reboot"],"picked":"All For One","floor":0},{"not_picked":["Melter","Ball Lightning"],"picked":"Steam","floor":1},{"not_picked":["Melter","Cold Snap"],"picked":"Streamline","floor":3},{"not_picked":["Defragment","Blizzard"],"picked":"Sweeping Beam","floor":7},{"not_picked":["Skim","Cold Snap"],"picked":"Glacier","floor":10},{"not_picked":["Redo","Rip and Tear"],"picked":"Coolheaded","floor":12},{"not_picked":["Undo","Cold Snap","Steam Power"],"picked":"SKIP","floor":13},{"not_picked":["Genetic Algorithm","Hologram"],"picked":"Self Repair","floor":14},{"not_picked":["Thunder Strike","Fission"],"picked":"Seek","floor":16},{"not_picked":["Loop+1","Leap"],"picked":"Gash","floor":18},{"not_picked":["Redo","Stack+1"],"picked":"Sunder+1","floor":19},{"not_picked":["Barrage+1","Conserve Battery+1"],"picked":"Steam+1","floor":20},{"not_picked":["Hologram","Rebound+1","Redo"],"picked":"SKIP","floor":22},{"not_picked":["Sweeping Beam","Cold Snap"],"picked":"Hyperbeam","floor":24},{"not_picked":["Aggregate","Beam Cell"],"picked":"Reprogram","floor":25},{"not_picked":["BootSequence","Self Repair+1"],"picked":"Scrape+1","floor":28},{"not_picked":["Go for the Eyes+1","Conserve Battery"],"picked":"Gash","floor":29},{"not_picked":["Glacier+1","Double Energy","Redo"],"picked":"SKIP","floor":30},{"not_picked":["Electrodynamics","Amplify"],"picked":"Hyperbeam","floor":33},{"not_picked":["Hologram","Compile Driver+1"],"picked":"Beam Cell","floor":35},{"not_picked":["Fusion+1","Redo+1"],"picked":"Conserve Battery+1","floor":37},{"not_picked":["Sweeping Beam","Static Discharge+1"],"picked":"Gash+1","floor":38},{"not_picked":["Seek+1","Biased Cognition","Coolheaded+1"],"picked":"SKIP","floor":40},{"not_picked":["Defragment","Compile Driver+1"],"picked":"Go for the Eyes+1","floor":42},{"not_picked":["Beam Cell","Cold Snap"],"picked":"Conserve Battery+1","floor":48}],"player_experience":301846,"relics_obtained":[{"floor":7,"key":"Shuriken"},{"floor":9,"key":"PreservedInsect"},{"floor":10,"key":"StoneCalendar"},{"floor":13,"key":"Omamori"},{"floor":24,"key":"Thread and Needle"},{"floor":26,"key":"The Courier"},{"floor":30,"key":"MealTicket"},{"floor":40,"key":"Kunai"},{"floor":42,"key":"Meat on the Bone"},{"floor":44,"key":"Vajra"}],"event_choices":[{"damage_healed":0,"gold_gain":0,"player_choice":"Lose Max HP","damage_taken":0,"relics_obtained":["Golden Idol"],"max_hp_gain":0,"max_hp_loss":6,"event_name":"Golden Idol","floor":2,"gold_loss":0},{"damage_healed":0,"gold_gain":0,"player_choice":"Entered Light","damage_taken":14,"max_hp_gain":0,"max_hp_loss":0,"event_name":"Shining Light","floor":4,"gold_loss":0,"cards_upgraded":["Strike_B","Defend_B"]},{"damage_healed":0,"gold_gain":0,"player_choice":"Copied","damage_taken":0,"max_hp_gain":0,"max_hp_loss":0,"event_name":"Duplicator","floor":21,"gold_loss":0,"cards_obtained":["All For One"]},{"damage_healed":0,"gold_gain":0,"player_choice":"Paid","damage_taken":0,"relics_obtained":["Red Mask"],"max_hp_gain":0,"max_hp_loss":0,"event_name":"Tomb of Lord Red Mask","floor":39,"gold_loss":79},{"damage_healed":0,"gold_gain":0,"cards_transformed":["Strike_B"],"player_choice":"Transformed","damage_taken":0,"max_hp_gain":0,"max_hp_loss":0,"event_name":"Transmorgrifier","floor":46,"gold_loss":0,"cards_obtained":["Reboot"]}],"is_beta":false,"boss_relics":[{"not_picked":["Sozu","Tiny House"],"picked":"Coffee Dripper"},{"not_picked":["Cursed Key","FrozenCore"],"picked":"Snecko Eye"}],"items_purged_floors":[31,36],"is_endless":false,"potions_floor_spawned":[1,12,14,16,19,20,29,30,33,35,37],"ascension_level":1}}