{"host":"8fuipfsvjht9cgcs","time":1612065934,"event":{"mods":["AchievementEnabler","BaseMod","Colored Map","Colored Powertips","DeckTracker","Friendly Minions","Kiyohime£¨?ýï£©","Marisa£¨Ùöéë¡¡Øª×âÞÞ£©","Minty Spire (QoL Compilation)","Prisma Mod","StSLib","SuperFastMode","The Cursed","The Gatherer"],"gold_per_floor":[118,193,368,386,208,208,208,208,231,242,242,257,289,289,289,289,289],"floor_reached":16,"language":"KOR","playtime":346,"items_purged":["Doubt"],"score":123,"play_id":"e7f4df34-29fc-462c-9c7d-206ab8e5972a","local_time":"20210131170534","is_ascension_mode":true,"campfire_choices":[{"data":"Fusion","floor":6,"key":"SMITH"},{"data":"Consume","floor":8,"key":"SMITH"},{"data":"Genetic Algorithm","floor":11,"key":"SMITH"},{"floor":15,"key":"REST"}],"circlet_count":0,"master_deck":["Strike_B","Strike_B","Strike_B","Defend_B","Defend_B","Defend_B","Defend_B","Zap","Dualcast","Master of Strategy","Fusion+1","BootSequence","Consume+1","Self Repair","Genetic Algorithm+1","Chill","Redo"],"relics":["Cracked Core","Lantern","Meat on the Bone"],"acts_visited":["Exordium"],"potions_floor_usage":[13,16],"damage_taken":[{"damage":7,"enemies":"Jaw Worm","floor":1,"turns":2},{"damage":7,"enemies":"Small Slimes","floor":4,"turns":3},{"damage":0,"enemies":"Cultist","floor":10,"turns":3},{"damage":20,"enemies":"Blue Slaver","floor":12,"turns":4},{"damage":29,"enemies":"Gremlin Nob","floor":13,"turns":5},{"damage":46,"enemies":"Hexaghost","floor":16,"turns":9}],"seed_played":"5495303456566214745","potions_obtained":[{"floor":1,"key":"Regen Potion"},{"floor":10,"key":"SkillPotion"},{"floor":13,"key":"Energy Potion"}],"is_trial":false,"path_per_floor":["M","?","?","M","$","R","?","R","T","M","R","M","E","?","R","B"],"character_chosen":"DEFECT","items_purchased":["Consume","Self Repair"],"campfire_rested":1,"item_purchase_floors":[5,5],"current_hp_per_floor":[68,57,57,50,50,50,50,50,50,50,50,37,15,8,30,0,0],"gold":289,"neow_bonus":"RANDOM_COLORLESS_2","is_daily":false,"chose_seed":false,"campfire_upgraded":3,"win_rate":0.0,"timestamp":1612065934,"path_taken":["M","?","?","?","$","R","?","R","T","M","R","?","E","?","R","BOSS"],"items_purchased_type":["Card","Card"],"build_version":"2020-12-22","purchased_purges":1,"victory":false,"max_hp_per_floor":[75,75,75,75,75,75,75,75,75,75,75,75,75,75,75,75,75],"card_choices":[{"not_picked":["Sadistic Nature","Panache"],"picked":"Master of Strategy","floor":0},{"not_picked":["Streamline","Rip and Tear"],"picked":"Fusion","floor":1},{"not_picked":["Auto Shields","Streamline"],"picked":"BootSequence","floor":4},{"not_picked":["Leap","Defragment"],"picked":"Genetic Algorithm","floor":10},{"not_picked":["Stack","BootSequence"],"picked":"Chill","floor":12},{"not_picked":["Darkness","Beam Cell"],"picked":"Redo","floor":13}],"player_experience":471627,"relics_obtained":[{"floor":9,"key":"Lantern"},{"floor":13,"key":"Meat on the Bone"}],"event_choices":[{"damage_healed":0,"gold_gain":75,"player_choice":"Gather Gold","damage_taken":11,"max_hp_gain":0,"max_hp_loss":0,"event_name":"World of Goop","floor":2,"gold_loss":0},{"damage_healed":0,"gold_gain":175,"player_choice":"AGREE","damage_taken":0,"max_hp_gain":0,"max_hp_loss":0,"event_name":"Liars Game","floor":3,"gold_loss":0,"cards_obtained":["Doubt"]},{"cards_removed":["Writhe"],"damage_healed":0,"gold_gain":0,"player_choice":"Purged","damage_taken":0,"max_hp_gain":0,"max_hp_loss":0,"event_name":"Purifier","floor":7,"gold_loss":0},{"cards_removed":["Strike_B"],"damage_healed":0,"gold_gain":0,"player_choice":"Card Removal","damage_taken":7,"max_hp_gain":0,"max_hp_loss":0,"event_name":"Golden Wing","floor":14,"gold_loss":0}],"is_beta":false,"boss_relics":[],"items_purged_floors":[5],"is_endless":false,"potions_floor_spawned":[1,10,13],"killed_by":"Hexaghost","ascension_level":5}}