{"host":"6xsbn6ynqlzwllfm","time":1612098589,"event":{"mods":["2.2 Compatiblity","BaseMod","Bestiary","Colored Map","Colored Powertips","Curses Come First","Highlight Path","Keyboard Shortcuts","Minty Spire (QoL Compilation)","Relic Stats","Slay the Relics Exporter","StSLib","SuperFastMode"],"gold_per_floor":[117,117,127,146,156,156,174,207,253,71,71,106,126,139,139,210,210,183,12,12],"floor_reached":19,"language":"ENG","playtime":494,"items_purged":[],"score":437,"play_id":"e0db44ff-ab8f-4591-878a-6d24e0ed16bf","local_time":"20210131080949","is_ascension_mode":true,"campfire_choices":[{"data":"Vigilance","floor":6,"key":"SMITH"},{"floor":11,"key":"REST"},{"data":"Prostrate","floor":15,"key":"SMITH"}],"circlet_count":0,"master_deck":["AscendersBane","Strike_P","Strike_P","Defend_P","Defend_P","Defend_P+1","Defend_P","Eruption","Vigilance+1","Brilliance+1","Prostrate+1","Prostrate","Prostrate","Brilliance","LessonLearned","Prostrate+1","Scrawl"],"relics":["PureWater","FossilizedHelix","Nunchaku","White Beast Statue","Empty Cage","OrangePellets"],"acts_visited":["Exordium","TheCity"],"potions_floor_usage":[8,12,12,16],"damage_taken":[{"damage":2,"enemies":"Jaw Worm","floor":1,"turns":4},{"damage":0,"enemies":"Cultist","floor":3,"turns":3},{"damage":0,"enemies":"2 Louse","floor":4,"turns":3},{"damage":3,"enemies":"Exordium Thugs","floor":5,"turns":3},{"damage":22,"enemies":"Gremlin Gang","floor":7,"turns":8},{"damage":13,"enemies":"Lagavulin","floor":8,"turns":6},{"damage":0,"enemies":"3 Sentries","floor":12,"turns":4},{"damage":0,"enemies":"3 Louse","floor":13,"turns":4},{"damage":9,"enemies":"Large Slime","floor":14,"turns":4},{"damage":8,"enemies":"The Guardian","floor":16,"turns":8},{"damage":0,"enemies":"2 Thieves","floor":18,"turns":4}],"seed_played":"-8147023208912508951","potions_obtained":[{"floor":7,"key":"Ambrosia"},{"floor":8,"key":"EntropicBrew"},{"floor":12,"key":"FairyPotion"},{"floor":16,"key":"Ancient Potion"}],"is_trial":false,"path_per_floor":["M","?","M","M","M","R","M","E","T","$","R","E","M","M","R","B",null,"M","$"],"character_chosen":"WATCHER","items_purchased":["Prostrate","Brilliance","OrangePellets"],"campfire_rested":1,"item_purchase_floors":[10,10,19],"current_hp_per_floor":[59,39,39,39,36,36,14,1,1,1,21,21,21,12,12,4,52,52,52,52],"gold":12,"neow_bonus":"ONE_RANDOM_RARE_CARD","is_daily":false,"chose_seed":false,"campfire_upgraded":2,"win_rate":0.0,"timestamp":1612098589,"path_taken":["M","?","M","M","M","R","M","E","T","$","R","E","M","M","R","BOSS","M","$"],"items_purchased_type":["Card","Card","Relic"],"build_version":"2020-12-22","purchased_purges":0,"victory":false,"max_hp_per_floor":[68,68,68,68,68,68,68,68,68,68,68,68,68,68,68,68,68,68,68,68],"relic_stats":{"OrangePellets":[0],"Nunchaku":[3],"counters":[11,51],"obtain_stats":[{"OrangePellets":19,"Nunchaku":9,"PureWater":0,"Empty Cage":17,"FossilizedHelix":8,"White Beast Statue":12},{"OrangePellets":11,"Nunchaku":6,"PureWater":0,"Empty Cage":10,"FossilizedHelix":6,"White Beast Statue":7},{"OrangePellets":51,"Nunchaku":27,"PureWater":0,"Empty Cage":47,"FossilizedHelix":27,"White Beast Statue":31}]},"card_choices":[{"not_picked":["JustLucky","Protect"],"picked":"Prostrate","floor":1},{"not_picked":["FollowUp","CutThroughFate"],"picked":"Prostrate","floor":8},{"not_picked":["CrushJoints","CarveReality"],"picked":"LessonLearned","floor":12},{"not_picked":["Protect","CrushJoints"],"picked":"Prostrate","floor":14},{"not_picked":["Wish","Ragnarok"],"picked":"Scrawl","floor":16}],"player_experience":1347519,"relics_obtained":[{"floor":8,"key":"FossilizedHelix"},{"floor":9,"key":"Nunchaku"},{"floor":12,"key":"White Beast Statue"}],"event_choices":[{"damage_healed":0,"gold_gain":0,"player_choice":"Entered Light","damage_taken":20,"max_hp_gain":0,"max_hp_loss":0,"event_name":"Shining Light","floor":2,"gold_loss":0,"cards_upgraded":["Prostrate","Brilliance"]}],"is_beta":false,"boss_relics":[{"not_picked":["VioletLotus","SacredBark"],"picked":"Empty Cage"}],"items_purged_floors":[],"is_endless":false,"potions_floor_spawned":[7,8,12,13,14,16,18],"ascension_level":20}}