{"host":"qgrlfjrqk9z96gfi","time":1612059282,"event":{"mods":["BaseMod","Block Reminder","Colored Map","Custom Start","DeckTracker","Minty Spire (QoL Compilation)"],"gold_per_floor":[367,337,25,1,1,36,36,36,36],"floor_reached":8,"language":"ENG","playtime":165,"items_purged":[],"score":104,"play_id":"8fc9df39-adf0-43ff-9db7-4ef9a9e0facf","local_time":"20210130161442","is_ascension_mode":true,"campfire_choices":[{"floor":7,"key":"REST"}],"circlet_count":0,"master_deck":["AscendersBane","Strike_G","Strike_G","Strike_G","Strike_G","Strike_G","Defend_G","Defend_G","Defend_G","Defend_G","Defend_G","Survivor","Neutralize","Cloak And Dagger","Infinite Blades","Backflip","Eviscerate"],"relics":["Ring of the Snake","Mummified Hand","Golden Idol","Blood Vial"],"acts_visited":["Exordium"],"potions_floor_usage":[6,6],"damage_taken":[{"damage":7,"enemies":"Jaw Worm","floor":1,"turns":6},{"damage":34,"enemies":"Gremlin Nob","floor":6,"turns":4},{"damage":27,"enemies":"Lagavulin","floor":8,"turns":6}],"seed_played":"9117095039809276607","potions_obtained":[{"floor":2,"key":"DistilledChaos"},{"floor":2,"key":"Strength Potion"}],"is_trial":false,"path_per_floor":["M","?","$","$","?","E","R","E"],"character_chosen":"THE_SILENT","items_purchased":["Mummified Hand","Infinite Blades","Backflip"],"campfire_rested":1,"item_purchase_floors":[3,3,4],"current_hp_per_floor":[37,37,37,37,37,3,21,0,0],"gold":36,"neow_bonus":"TWO_FIFTY_GOLD","is_daily":false,"chose_seed":false,"campfire_upgraded":0,"win_rate":0.0,"timestamp":1612059282,"path_taken":["M","?","?","$","?","E","R","E"],"items_purchased_type":["Relic","Card","Card"],"build_version":"2020-12-22","purchased_purges":0,"victory":false,"max_hp_per_floor":[66,66,66,66,60,60,60,60,60],"card_choices":[{"not_picked":["Riddle With Holes","Backflip"],"picked":"Cloak And Dagger","floor":1},{"not_picked":["Choke","Heel Hook"],"picked":"Eviscerate","floor":6}],"player_experience":1088969,"relics_obtained":[{"floor":6,"key":"Blood Vial"}],"event_choices":[{"damage_healed":0,"gold_gain":0,"player_choice":"Bought 2 Potions","damage_taken":0,"max_hp_gain":0,"max_hp_loss":0,"event_name":"The Woman in Blue","floor":2,"gold_loss":0},{"damage_healed":0,"gold_gain":0,"player_choice":"Lose Max HP","damage_taken":0,"relics_obtained":["Golden Idol"],"max_hp_gain":0,"max_hp_loss":6,"event_name":"Golden Idol","floor":5,"gold_loss":0}],"is_beta":false,"boss_relics":[],"items_purged_floors":[],"is_endless":false,"potions_floor_spawned":[],"killed_by":"Lagavulin","ascension_level":20}}