{"host":"vrsxkkch9ccrec7k","time":1612110080,"event":{"mods":["Act Like it!","BaseMod","Bestiary","Better Altar","Better Match","Better Note","Better Sensory Stone","Better Skull","Better Third Choice","Better Vampires","Downfall","Minty Spire (QoL Compilation)","Permanent Neow","Relic Stats","Spicy Shops","StSLib"],"gold_per_floor":[99,99,99,99,24,42,88,88,104,129,129,149,26,26,39,39,39,39],"floor_reached":16,"language":"ENG","playtime":827,"items_purged":["champ:Strike"],"score":197,"play_id":"fb12ef94-80fa-472c-9bd1-1adec417af74","local_time":"20210131112120","is_ascension_mode":true,"campfire_choices":[{"data":"champ:Execute","floor":1,"key":"SMITH"},{"data":"champ:PreciseThrust","floor":8,"key":"SMITH"},{"data":"champ:Taunt","floor":11,"key":"SMITH"}],"circlet_count":0,"master_deck":["AscendersBane","champ:Strike","champ:Strike+1","champ:Defend","champ:Defend","champ:Defend","champ:Defend","champ:Execute+1","champ:Taunt+1","champ:PreciseThrust+1","champ:FanOfKnives","champ:CrownThrow+1","champ:FocusedBerserking","champ:StanceDance","champ:ArenaPreparation","champ:BerserkersShout","champ:SwordSigil","champ:IronFortress","champ:Duel"],"relics":["champ:ChampionCrown","downfall:HeartsMalice","Strawberry","Whetstone","Bag of Preparation"],"acts_visited":["Exordium"],"potions_floor_usage":[16,16],"damage_taken":[{"damage":0,"enemies":"2 Louse","floor":2,"turns":1},{"damage":0,"enemies":"Cultist","floor":3,"turns":1},{"damage":0,"enemies":"downfall:FleeingMerchant","floor":5,"turns":1},{"damage":17,"enemies":"Jaw Worm","floor":6,"turns":2},{"damage":6,"enemies":"2 Fungi Beasts","floor":9,"turns":3},{"damage":30,"enemies":"3 Sentries","floor":10,"turns":5},{"damage":43,"enemies":"Large Slime","floor":12,"turns":3},{"damage":50,"enemies":"downfall:FleeingMerchant","floor":13,"turns":4},{"damage":5,"enemies":"Exordium Wildlife","floor":15,"turns":2},{"damage":75,"enemies":"SI_SHIV_ARCHETYPE","floor":16,"turns":7}],"seed_played":"4540044078782973614","potions_obtained":[{"floor":9,"key":"GamblersBrew"},{"floor":12,"key":"Energy Potion"}],"is_trial":false,"path_per_floor":["R","M","M","?","$","M","T","R","M","E","R","M","$","T","M","B"],"character_chosen":"THE_CHAMP","items_purchased":["champ:IronFortress"],"campfire_rested":0,"item_purchase_floors":[13],"current_hp_per_floor":[81,81,81,81,81,69,76,76,75,75,75,62,62,62,62,0,0,0],"gold":39,"neow_bonus":"THREE_ENEMY_KILL","is_daily":false,"chose_seed":false,"campfire_upgraded":3,"win_rate":0.0,"timestamp":1612110080,"path_taken":["R","M","M","?","$","M","T","R","M","E","R","M","$","?","M","BOSS"],"items_purchased_type":["Card"],"build_version":"2020-12-22","purchased_purges":1,"victory":false,"max_hp_per_floor":[90,90,90,90,90,90,97,97,97,97,97,97,97,97,97,97,97,97],"relic_stats":{"counters":[10,26],"Bag of Preparation":[4],"Whetstone":["champ:CrownThrow","champ:Strike"],"obtain_stats":[{"Strawberry":7,"champ:ChampionCrown":0,"downfall:HeartsMalice":0,"Bag of Preparation":14,"Whetstone":10},{"Strawberry":4,"champ:ChampionCrown":0,"downfall:HeartsMalice":0,"Bag of Preparation":8,"Whetstone":6},{"Strawberry":2,"champ:ChampionCrown":0,"downfall:HeartsMalice":0,"Bag of Preparation":17,"Whetstone":10}]},"card_choices":[{"not_picked":["champ:ViciousMockery","champ:EnragedBash"],"picked":"champ:PreciseThrust","floor":2},{"not_picked":["champ:FlashCut","champ:GutPunch"],"picked":"champ:FanOfKnives","floor":3},{"not_picked":["champ:Circumvent","champ:FanOfKnives"],"picked":"champ:FocusedBerserking","floor":5},{"not_picked":["champ:FlashCut","champ:IgnorePain"],"picked":"champ:StanceDance","floor":6},{"not_picked":["champ:EnragedBash","champ:FanOfKnives","champ:Parry"],"picked":"SKIP","floor":9},{"not_picked":["champ:ShieldSigil","champ:FalseCounter"],"picked":"champ:ArenaPreparation","floor":10},{"not_picked":["champ:CrownThrow","champ:PerfectedStrike"],"picked":"champ:BerserkersShout","floor":12},{"not_picked":["champ:SwordThrow","champ:FlashCut"],"picked":"champ:SwordSigil","floor":13},{"not_picked":["champ:HeartStrike","champ:DeathBlow"],"picked":"champ:Duel","floor":15}],"player_experience":1855532,"relics_obtained":[{"floor":7,"key":"Strawberry"},{"floor":10,"key":"Whetstone"},{"floor":14,"key":"Bag of Preparation"}],"event_choices":[],"is_beta":false,"boss_relics":[],"items_purged_floors":[5],"is_endless":false,"potions_floor_spawned":[9,12,15],"killed_by":"SI_SHIV_ARCHETYPE","ascension_level":12}}