{"host":"d73an99q9oevilk5","time":1612108048,"event":{"mods":["2.2 Compatiblity","AchievementEnabler","Act Like it!","Aspiration","BaseMod","Beaked The Cultist","Better Third Choice","BetterRewards","Colored Map","Colored Powertips","Conspire","Downfall","GifTheSpireLib","Halation","Hubris","Infinite Spire","Mimic Mod","Minty Spire (QoL Compilation)","Quick Restart","Relic Sorter","Reliquary","Replay The Spire","Shop Mod","Spikes Relics","StSLib","Stuff the Spire","The Cursed","The Necromancer","The Saiyan","Waifu the Spire","egg","slay the spire mod where everything is the same but ironclad has a cowboy hat"],"gold_per_floor":[114,114,38,38,51,51,51,51,81,81,111,121,133,168,168,265,265,279,296,144,144,104,104,123,157,157,187,206,221,235,245,245,378,378,391,391,391,420,420,420,380,421,467,489,489,190,0,0,0,9],"floor_reached":51,"language":"ENG","playtime":1695,"items_purged":[],"score":948,"play_id":"c372f087-4087-4c7a-8d18-50818965fa04","local_time":"20210131084728","is_ascension_mode":false,"campfire_choices":[{"data":"Defragment","floor":6,"key":"SMITH"},{"data":"ReplayTheSpireMod:Omega Cannon","floor":8,"key":"SMITH"},{"data":"Defragment","floor":10,"key":"SMITH"},{"data":"Consume","floor":15,"key":"SMITH"},{"data":"StuffTheSpire:Synthwave","floor":23,"key":"SMITH"},{"floor":32,"key":"DIG"},{"data":"Consume","floor":40,"key":"SMITH"},{"data":"ReplayRNGCard","floor":45,"key":"SMITH"},{"data":"Injury","floor":49,"key":"PURGE"}],"circlet_count":0,"master_deck":["Strike_B","Strike_B","Strike_B","Defend_B","Defend_B+1","Defend_B","Defend_B","Zap","Dualcast+1","Self Repair+1","ReplayTheSpireMod:Omega Cannon+1","Cold Snap","Defragment+1","FIFO Queue","Defragment+1","BootSequence+1","Amplify+1","Consume+1","ReplayRNGCard","StuffTheSpire:Synthwave+1","Consume+1","hubris:PowerSurge+1","Barrage+1","BasicCrystalCard+1","ReplayRNGCard+1","BasicCrystalCard+1","infinitespire:Collect+1","TheCursedMod:Dregs","Redo+1","CurseOfTheBell","CurseOfTheBell","ReplayTheSpireMod:Omega Cannon"],"relics":["Cracked Core","Geode","StoneCalendar","halation:SwordOfLegend","hubris:Metronome","infinitespire:Freezer","reliquary:Buckler","Runic Capacitor","hubris:BallOfYels","StuffTheSpire:SapphireSignet","ReplayFunnel","halation:IllGainedPizza","Cursed Key","conspire:SlowCooker","halation:Trompette","War Paint","Gremlin Food","Juzu Bracelet","Replay:Frozen Program","Red Mask","downfall:ExtraCursedBell","reliquary:SilkGlove","Onion Ring","Thread and Needle"],"acts_visited":["Exordium","TheCity","TheBeyond"],"potions_floor_usage":[14,16,25,30,30,50],"damage_taken":[{"damage":5,"enemies":"Small Slimes","floor":1,"turns":2},{"damage":0,"enemies":"Jaw Worm","floor":5,"turns":3},{"damage":13,"enemies":"Cultist","floor":9,"turns":5},{"damage":12,"enemies":"Lagavulin","floor":11,"turns":7},{"damage":0,"enemies":"Cultist","floor":12,"turns":3},{"damage":11,"enemies":"3 Louse","floor":13,"turns":3},{"damage":10,"enemies":"3 Sentries","floor":14,"turns":4},{"damage":29,"enemies":"The Guardian","floor":16,"turns":9},{"damage":7,"enemies":"Chosen","floor":18,"turns":6},{"damage":2,"enemies":"3 Byrds","floor":19,"turns":4},{"damage":4,"enemies":"Snecko","floor":24,"turns":6},{"damage":40,"enemies":"Slavers","floor":25,"turns":7},{"damage":11,"enemies":"Gremlin Leader","floor":27,"turns":5},{"damage":4,"enemies":"Snake Plant","floor":28,"turns":3},{"damage":9,"enemies":"Centurion and Healer","floor":29,"turns":3},{"damage":0,"enemies":"3 Cultists","floor":30,"turns":5},{"damage":3,"enemies":"Snecko","floor":31,"turns":4},{"damage":1,"enemies":"conspire:MysteriousRune","floor":33,"turns":7},{"damage":5,"enemies":"Orb Walker","floor":35,"turns":2},{"damage":0,"enemies":"3 Darklings","floor":38,"turns":6},{"damage":0,"enemies":"beaked:SuperParasite","floor":42,"turns":7},{"damage":6,"enemies":"4 Shapes","floor":44,"turns":7},{"damage":27,"enemies":"Donu and Deca","floor":50,"turns":6}],"seed_played":"1644549052056896222","potions_obtained":[{"floor":1,"key":"champ:CounterPotion"},{"floor":5,"key":"Dexterity Potion"},{"floor":12,"key":"Adrenaline Potion"},{"floor":14,"key":"FearPotion"},{"floor":16,"key":"LiquidMemories"},{"floor":27,"key":"GamblersBrew"},{"floor":30,"key":"Fruit Juice"},{"floor":31,"key":"FairyPotion"},{"floor":38,"key":"Fire Potion"}],"is_trial":false,"path_per_floor":["M","?","$","?","M","R","$","R","MIM","R","E","M","M","E","R","B",null,"M","M","$","?","$","R","M","E","T","E","M","M","M","M","R_BF","B",null,"M","?","?","M","AVR","R","?","E","T","M","R","$","?","?","R_BF","B",null],"character_chosen":"DEFECT","items_purchased":["Geode","Self Repair+1","Defragment","Runic Capacitor","StuffTheSpire:Synthwave","Juzu Bracelet","Replay:Frozen Program"],"campfire_rested":0,"item_purchase_floors":[0,0,3,20,22,46,46],"current_hp_per_floor":[70,70,70,70,75,75,75,75,72,72,70,75,74,74,75,56,75,68,75,75,75,75,75,75,45,45,44,50,53,68,65,80,80,80,75,75,55,65,65,74,74,80,80,80,80,80,80,80,80,53],"gold":9,"neow_bonus":"","is_daily":false,"chose_seed":false,"campfire_upgraded":7,"win_rate":0.0,"timestamp":1612108048,"path_taken":["M","?","$","?","?","R","$","R","MIM","R","E","M","M","E","R","BOSS","M","M","$","?","$","R","M","E","T","E","?","M","M","M","R_BF","BOSS","M","?","?","M","AVR","R","?","E","T","?","R","$","?","?","R_BF","BOSS"],"items_purchased_type":["Relic","Card","Card","Relic","Card","Relic","Relic"],"build_version":"2020-12-22","purchased_purges":0,"victory":true,"max_hp_per_floor":[75,75,75,75,75,75,75,75,75,75,75,75,75,75,75,75,75,75,75,75,75,75,75,75,75,75,75,75,75,80,80,80,80,80,80,80,80,80,80,80,80,80,80,80,80,80,80,80,80,80],"card_choices":[{"not_picked":["Sweeping Beam","Reinforced Body"],"picked":"Cold Snap","floor":1},{"not_picked":["aspiration:Polymerization","Cold Snap"],"picked":"FIFO Queue","floor":5},{"not_picked":["Streamline","StuffTheSpire:SnapShoot"],"picked":"Defragment","floor":9},{"not_picked":["StuffTheSpire:SnapShoot","Storm"],"picked":"BootSequence","floor":11},{"not_picked":["FIFO Queue","Barrage"],"picked":"Amplify","floor":12},{"not_picked":["Gash","Streamline","Ball Lightning"],"picked":"SKIP","floor":13},{"not_picked":["Conserve Battery","Hologram"],"picked":"Consume","floor":14},{"not_picked":["Core Surge","Creative AI"],"picked":"ReplayRNGCard","floor":16},{"not_picked":["StuffTheSpire:Plugnplay","Gash","Streamline"],"picked":"SKIP","floor":18},{"not_picked":["StuffTheSpire:CleanHardDrive","Beam Cell","Rebound+1"],"picked":"SKIP","floor":19},{"not_picked":["Sweeping Beam","Hologram"],"picked":"Consume","floor":24},{"not_picked":["Double Energy","Ball Lightning","Steam"],"picked":"SKIP","floor":25},{"not_picked":["StuffTheSpire:LoadUp","ReplayGash"],"picked":"hubris:PowerSurge+1","floor":27},{"not_picked":["Static Discharge+1","StuffTheSpire:Plugnplay","FIFO Queue+1"],"picked":"SKIP","floor":28},{"not_picked":["Stack","Aggregate"],"picked":"Barrage+1","floor":29},{"not_picked":["Stack","StuffTheSpire:Plugnplay","Sweeping Beam"],"picked":"SKIP","floor":30},{"not_picked":["Rebound+1","hubris:PowerSurge"],"picked":"BasicCrystalCard+1","floor":31},{"not_picked":["ReplayTheSpireMod:Fabricate Wheel","ReplayTheSpireMod:Omega Cannon"],"picked":"ReplayRNGCard","floor":33},{"not_picked":["Go for the Eyes","StuffTheSpire:Plugnplay+1"],"picked":"BasicCrystalCard+1","floor":35},{"not_picked":["infinitespire:DeathsTouch","ReplayTheSpireMod:Black Plague"],"picked":"infinitespire:Collect","floor":37},{"not_picked":["Rebound+1","Gash","Steam"],"picked":"SKIP","floor":38},{"not_picked":["Sweeping Beam+1","All For One","Coolheaded"],"picked":"SKIP","floor":42},{"not_picked":["Hologram+1","Panic Button"],"picked":"Redo+1","floor":44}],"player_experience":1804008,"relics_obtained":[{"floor":9,"key":"hubris:Metronome"},{"floor":11,"key":"infinitespire:Freezer"},{"floor":14,"key":"reliquary:Buckler"},{"floor":25,"key":"hubris:BallOfYels"},{"floor":26,"key":"StuffTheSpire:SapphireSignet"},{"floor":27,"key":"ReplayFunnel"},{"floor":32,"key":"halation:IllGainedPizza"},{"floor":42,"key":"War Paint"},{"floor":43,"key":"Gremlin Food"},{"floor":48,"key":"reliquary:SilkGlove"},{"floor":48,"key":"Onion Ring"},{"floor":48,"key":"Thread and Needle"}],"event_choices":[{"damage_healed":0,"gold_gain":0,"player_choice":"Upgrade","damage_taken":0,"max_hp_gain":0,"max_hp_loss":0,"event_name":"Designer","floor":41,"gold_loss":40,"cards_upgraded":["infinitespire:Collect"]},{"damage_healed":0,"gold_gain":0,"player_choice":"Paid","damage_taken":0,"relics_obtained":["Red Mask"],"max_hp_gain":0,"max_hp_loss":0,"event_name":"Tomb of Lord Red Mask","floor":47,"gold_loss":190}],"is_beta":false,"boss_relics":[{"not_picked":["hubris:BlackHole","bronze:MakeshiftBattery","Runic Dome"]},{"not_picked":["halation:Yufonium","StuffTheSpire:RunicConfusion"],"picked":"Cursed Key"}],"items_purged_floors":[],"is_endless":false,"potions_floor_spawned":[1,5,12,14,16,19,24,27,30,31,35,38],"ascension_level":0}}