{"host":"sad04l3m69qtnhom","time":1612087181,"event":{"mods":["AchievementEnabler","BaseMod","Colored Map","Colored Powertips","DeckTracker","Highlight Path","Minty Spire (QoL Compilation)","Permanent Neow","Quick Restart","SuperFastMode","everything is the same but u backflip on backflip"],"gold_per_floor":[114,114,132,132,145,145,183,258,281,297,297,147,190,16,16,136,136,152,168,96,56,74,74,74,74,74],"floor_reached":25,"language":"KOR","playtime":886,"items_purged":["Strike_B","Defend_B"],"score":251,"play_id":"c32c3667-dc1b-4284-993b-b8c69640edbc","local_time":"20210131185941","is_ascension_mode":true,"campfire_choices":[{"data":"Rainbow","floor":6,"key":"SMITH"},{"data":"Redo","floor":11,"key":"SMITH"},{"floor":15,"key":"REST"},{"data":"Loop","floor":23,"key":"SMITH"}],"circlet_count":0,"master_deck":["Strike_B","Strike_B","Strike_B","Defend_B+1","Defend_B","Defend_B","Zap+1","Dualcast+1","Rainbow+1","Redo+1","BootSequence+1","Self Repair","Auto Shields","Reinforced Body","Loop+1","Seek","Redo","Doom and Gloom","Chaos+1"],"relics":["Cracked Core","Golden Idol","Anchor","Kunai","Sozu"],"acts_visited":["Exordium","TheCity"],"potions_floor_usage":[7,16,18,19],"damage_taken":[{"damage":2,"enemies":"2 Louse","floor":1,"turns":2},{"damage":0,"enemies":"Small Slimes","floor":3,"turns":2},{"damage":0,"enemies":"Cultist","floor":5,"turns":3},{"damage":20,"enemies":"Lagavulin","floor":7,"turns":6},{"damage":0,"enemies":"Red Slaver","floor":10,"turns":3},{"damage":12,"enemies":"3 Sentries","floor":13,"turns":7},{"damage":25,"enemies":"Hexaghost","floor":16,"turns":12},{"damage":14,"enemies":"3 Byrds","floor":18,"turns":2},{"damage":0,"enemies":"Chosen","floor":19,"turns":4},{"damage":8,"enemies":"Snake Plant","floor":22,"turns":5},{"damage":24,"enemies":"Book of Stabbing","floor":25,"turns":4}],"seed_played":"8735557063134070178","potions_obtained":[{"floor":5,"key":"FearPotion"},{"floor":10,"key":"GamblersBrew"},{"floor":13,"key":"LiquidBronze"},{"floor":16,"key":"GamblersBrew"}],"is_trial":false,"path_per_floor":["M","?","M","?","M","R","E","?","T","M","R","$","E","$","R","B",null,"M","M","$","?","M","R","$","E"],"character_chosen":"DEFECT","items_purchased":["Auto Shields","Loop","Doom and Gloom"],"campfire_rested":1,"item_purchase_floors":[12,14,20],"current_hp_per_floor":[66,63,63,50,50,50,30,19,19,19,19,19,14,14,32,14,63,49,56,56,56,55,55,55,31,31],"gold":74,"neow_bonus":"THREE_RARE_CARDS","is_daily":false,"chose_seed":false,"campfire_upgraded":3,"win_rate":0.0,"timestamp":1612087181,"path_taken":["M","?","M","?","M","R","E","?","T","M","R","$","E","$","R","BOSS","M","M","$","?","M","R","$","E"],"items_purchased_type":["Card","Card","Card"],"build_version":"2020-12-22","purchased_purges":2,"victory":false,"max_hp_per_floor":[68,63,63,63,63,63,63,63,63,63,63,63,63,63,63,63,63,63,63,63,63,63,63,63,63,63],"card_choices":[{"not_picked":["Meteor Strike","Biased Cognition"],"picked":"Rainbow","floor":0},{"not_picked":["Hologram","Hello World","Scrape"],"picked":"SKIP","floor":1},{"not_picked":["Tempest","Force Field","Steam"],"picked":"SKIP","floor":3},{"not_picked":["Stack","Heatsinks"],"picked":"Redo","floor":5},{"not_picked":["Conserve Battery","Ball Lightning"],"picked":"BootSequence","floor":7},{"not_picked":["Gash","Tempest"],"picked":"Self Repair","floor":10},{"not_picked":["Compile Driver","Reprogram"],"picked":"Reinforced Body","floor":13},{"not_picked":["Reboot","All For One"],"picked":"Seek","floor":16},{"not_picked":["FTL","Streamline"],"picked":"Redo","floor":18},{"not_picked":["Consume+1","Coolheaded+1","Rebound"],"picked":"SKIP","floor":19},{"not_picked":["Rip and Tear","Blizzard"],"picked":"Chaos+1","floor":22}],"player_experience":426819,"relics_obtained":[{"floor":7,"key":"Anchor"},{"floor":13,"key":"Kunai"}],"event_choices":[{"damage_healed":0,"gold_gain":0,"player_choice":"Lose Max HP","damage_taken":0,"relics_obtained":["Golden Idol"],"max_hp_gain":0,"max_hp_loss":5,"event_name":"Golden Idol","floor":2,"gold_loss":0},{"damage_healed":0,"gold_gain":0,"player_choice":"Entered Light","damage_taken":13,"max_hp_gain":0,"max_hp_loss":0,"event_name":"Shining Light","floor":4,"gold_loss":0,"cards_upgraded":["Dualcast","Zap"]},{"damage_healed":0,"gold_gain":75,"player_choice":"Gather Gold","damage_taken":11,"max_hp_gain":0,"max_hp_loss":0,"event_name":"World of Goop","floor":8,"gold_loss":0},{"damage_healed":0,"gold_gain":0,"player_choice":"Upgraded Two","damage_taken":0,"max_hp_gain":0,"max_hp_loss":0,"event_name":"Designer","floor":21,"gold_loss":40,"cards_upgraded":["BootSequence","Defend_B"]}],"is_beta":false,"boss_relics":[{"not_picked":["Coffee Dripper","Philosopher\u0027s Stone"],"picked":"Sozu"}],"items_purged_floors":[12,14],"is_endless":false,"potions_floor_spawned":[5,10,13,16,19],"killed_by":"Book of Stabbing","ascension_level":4}}