{"host":"8uihyzx2cncbsjod","time":1612057662,"event":{"mods":["BaseMod","Custom Start","Downfall","Hermit","Minty Spire (QoL Compilation)","StSLib","egg"],"gold_per_floor":[99,99,84,100,118,18,45,45,45,56,156,191,25,37,54,153,153,153,171,188,207,219,219,219,219,234,234,77,88,188,221,232,337,337,237,251,265,289,289,302,302,334,346,246,146,160,35,46,63,63,63,94,55,55,55,55,55,55],"floor_reached":56,"language":"ENG","playtime":3084,"items_purged":["Doubt","downfall:Bewildered","Doubt"],"score":878,"play_id":"e431e445-1dcc-4afb-b133-b8d6db3d7ecd","local_time":"20210130204742","daily_mods":["SealedDeck"],"is_ascension_mode":false,"campfire_choices":[{"floor":1,"key":"RECALL"},{"data":"bronze:FollowUp","floor":6,"key":"SMITH"},{"data":"bronze:BronzeOrb","floor":8,"key":"SMITH"},{"data":"bronze:SpaghettiCode","floor":18,"key":"SMITH"},{"data":"bronze:Boost","floor":23,"key":"SMITH"},{"data":"bronze:Fortify","floor":25,"key":"SMITH"},{"data":"bronze:RecursiveStrike","floor":35,"key":"SMITH"},{"data":"bronze:ThunderWave","floor":44,"key":"SMITH"},{"data":"expansioncontent:DashGenerateEvil","floor":54,"key":"SMITH"}],"circlet_count":0,"master_deck":["bronze:GetLatest","bronze:FineTuning","bronze:Branch","bronze:Branch","bronze:Branch","bronze:Branch","bronze:FollowUp+1","bronze:BronzeOrb+1","bronze:ChosenStrike","bronze:Backtrace","bronze:FineTuning","bronze:Repair","bronze:Flail","bronze:BronzeOrb","bronze:Boost+1","bronze:ForceShield","bronze:SpaghettiCode+1","bronze:Fortify+1","downfall:Icky","expansioncontent:DashGenerateEvil+1","bronze:Optimize","bronze:Assembly","bronze:RecursiveStrike+1","bronze:ThunderWave+1","bronze:Repulsor+1","bronze:Optimize"],"relics":["bronze:BronzeCore","downfall:HeartBlessingRed","Bronze Scales","Toy Ornithopter","Art of War","Sling","Cursed Key","Happy Flower","Letter Opener","Bag of Marbles","Mango","Sozu","downfall:HeartBlessingGreen","Vajra","bronze:BottledCode","TungstenRod","downfall:HeartBlessingBlue","Oddly Smooth Stone"],"acts_visited":["Exordium","TheCity","TheBeyond","TheEnding"],"potions_floor_usage":[16,16,33,50,50,50],"damage_taken":[{"damage":0,"enemies":"downfall:FleeingMerchant","floor":3,"turns":4},{"damage":0,"enemies":"2 Louse","floor":4,"turns":2},{"damage":0,"enemies":"Small Slimes","floor":5,"turns":2},{"damage":0,"enemies":"Cultist","floor":9,"turns":1},{"damage":0,"enemies":"Gremlin Gang","floor":10,"turns":2},{"damage":0,"enemies":"downfall:LadyInBlue","floor":11,"turns":5},{"damage":0,"enemies":"Gremlin Nob","floor":12,"turns":1},{"damage":0,"enemies":"downfall:FleeingMerchant","floor":13,"turns":4},{"damage":0,"enemies":"2 Fungi Beasts","floor":14,"turns":2},{"damage":0,"enemies":"Red Slaver","floor":15,"turns":1},{"damage":18,"enemies":"DF_ARCHETYPE_STREAMLINE","floor":16,"turns":6},{"damage":0,"enemies":"Spheric Guardian","floor":19,"turns":1},{"damage":0,"enemies":"Chosen","floor":20,"turns":3},{"damage":0,"enemies":"Centurion and Healer","floor":21,"turns":2},{"damage":0,"enemies":"Chosen and Byrds","floor":22,"turns":3},{"damage":0,"enemies":"Shelled Parasite and Fungi","floor":26,"turns":2},{"damage":0,"enemies":"downfall:FleeingMerchant","floor":28,"turns":2},{"damage":0,"enemies":"3 Cultists","floor":29,"turns":2},{"damage":0,"enemies":"Slavers","floor":31,"turns":1},{"damage":0,"enemies":"Snake Plant","floor":32,"turns":1},{"damage":0,"enemies":"IC_MUSHROOM_ARCHETYPE","floor":33,"turns":3},{"damage":0,"enemies":"3 Shapes","floor":36,"turns":2},{"damage":0,"enemies":"Orb Walker","floor":37,"turns":1},{"damage":0,"enemies":"Sphere and 2 Shapes","floor":40,"turns":2},{"damage":4,"enemies":"Giant Head","floor":42,"turns":3},{"damage":0,"enemies":"Jaw Worm Horde","floor":43,"turns":1},{"damage":0,"enemies":"3 Darklings","floor":46,"turns":2},{"damage":0,"enemies":"Transient","floor":48,"turns":5},{"damage":0,"enemies":"4 Shapes","floor":49,"turns":1},{"damage":35,"enemies":"SI_POISON_ARCHETYPE","floor":50,"turns":5},{"damage":13,"enemies":"downfall:CharBossMerchant","floor":52,"turns":5},{"damage":19,"enemies":"downfall:NeowBoss","floor":55,"turns":12},{"damage":89,"enemies":"downfall:NeowBossFinal","floor":56,"turns":8}],"seed_played":"-6444273491228361899","potions_obtained":[{"floor":4,"key":"LiquidMemories"},{"floor":5,"key":"EssenceOfSteel"},{"floor":11,"key":"Energy Potion"},{"floor":16,"key":"Energy Potion"},{"floor":19,"key":"Regen Potion"},{"floor":33,"key":"PowerPotion"}],"is_trial":true,"path_per_floor":["R","?","$","M","M","R","T","R","M","M","?","E","$","M","M","B",null,"R","M","M","M","M","R","T","R","M","T","$","M","?","E","M","B",null,"R","M","M","T","?","M","T","E","M","R","$","M","$","M","M","B",null,"E","$","R","B","B"],"character_chosen":"THE_AUTOMATON","items_purchased":["Sling","expansioncontent:DashGenerateEvil","Bag of Marbles","bronze:Optimize","bronze:Optimize"],"campfire_rested":0,"item_purchase_floors":[13,28,28,28,53],"current_hp_per_floor":[70,70,70,70,70,70,70,70,70,70,70,70,70,70,70,62,70,70,70,70,70,70,70,70,70,70,70,70,70,70,84,84,84,84,84,84,84,84,74,74,74,70,70,80,80,80,80,84,84,69,84,82,82,82,71,0,0,0],"gold":55,"neow_bonus":"","is_daily":false,"chose_seed":false,"campfire_upgraded":8,"win_rate":0.0,"timestamp":1612057662,"path_taken":["R","?","$","M","M","R","T","R","M","M","?","E","$","M","M","BOSS","R","M","M","M","M","R","T","R","M","?","$","?","?","E","M","BOSS","R","M","M","?","?","M","T","E","M","R","$","M","$","M","M","BOSS","E","$","R","BOSS","BOSS"],"items_purchased_type":["Relic","Card","Relic","Card","Card"],"build_version":"2020-12-22","purchased_purges":3,"victory":false,"max_hp_per_floor":[70,70,70,70,70,70,70,70,70,70,70,70,70,70,70,70,70,70,70,70,70,70,70,70,70,70,70,70,70,70,84,84,84,84,84,84,84,84,74,74,74,74,74,84,84,84,84,84,84,84,84,84,84,84,84,84,84,84],"card_choices":[{"not_picked":["bronze:ForLoop","bronze:Philosophize"],"picked":"bronze:FineTuning","floor":3},{"not_picked":["bronze:ItsAFeature","bronze:ChildClass"],"picked":"bronze:Repair","floor":4},{"not_picked":["bronze:Shield","bronze:Safeguard","bronze:Frontload"],"picked":"SKIP","floor":5},{"not_picked":["bronze:DelayedGuard","bronze:CloningBeam","bronze:BitShift"],"picked":"SKIP","floor":9},{"not_picked":["bronze:Overheat","bronze:DelayedSlice"],"picked":"bronze:Flail","floor":10},{"not_picked":["bronze:Shield","bronze:Deprecate"],"picked":"bronze:BronzeOrb","floor":11},{"not_picked":["bronze:Allocate","bronze:Break"],"picked":"bronze:Boost","floor":12},{"not_picked":["bronze:Safeguard","bronze:BronzeOrb","bronze:ClassDefault"],"picked":"SKIP","floor":13},{"not_picked":["bronze:Invalidate","bronze:Allocate","bronze:Overheat"],"picked":"SKIP","floor":14},{"not_picked":["bronze:MaxOutput","bronze:Iterate"],"picked":"bronze:ForceShield","floor":15},{"not_picked":["bronze:Virus","bronze:FindAndReplace"],"picked":"bronze:SpaghettiCode","floor":16},{"not_picked":["bronze:Deprecate","bronze:BitShift"],"picked":"bronze:Fortify","floor":19},{"not_picked":["bronze:Boost+1","bronze:WhirlingStrike","bronze:BitShift"],"picked":"SKIP","floor":20},{"not_picked":["bronze:Philosophize+1","bronze:BitShift","bronze:Repulsor"],"picked":"SKIP","floor":21},{"not_picked":["bronze:DigitalCarnage","bronze:Invalidate+1","bronze:Allocate"],"picked":"SKIP","floor":22},{"not_picked":["bronze:Invalidate+1","bronze:Frontload+1","bronze:NullPointer"],"picked":"SKIP","floor":26},{"not_picked":["bronze:DigitalCarnage","bronze:Invalidate+1","bronze:BuggyMess+1"],"picked":"SKIP","floor":28},{"not_picked":["bronze:Boost","bronze:Overheat","bronze:Frontload"],"picked":"SKIP","floor":29},{"not_picked":["bronze:BronzeOrb","bronze:FindAndReplace"],"picked":"bronze:Assembly","floor":31},{"not_picked":["bronze:WildBeam+1","bronze:Overheat","bronze:OilSpill"],"picked":"SKIP","floor":32},{"not_picked":["bronze:BurnOut","bronze:HyperBeam"],"picked":"bronze:RecursiveStrike","floor":33},{"not_picked":["bronze:Shield","bronze:BitShift+1","bronze:Branch"],"picked":"SKIP","floor":36},{"not_picked":["bronze:Flail","bronze:OilSpill","bronze:Fortify"],"picked":"SKIP","floor":37},{"not_picked":["bronze:DelayedSlice","bronze:WildBeam+1"],"picked":"bronze:ThunderWave","floor":40},{"not_picked":["bronze:Invalidate","bronze:Boost"],"picked":"bronze:Repulsor+1","floor":42},{"not_picked":["bronze:Overheat","bronze:DelayedSlice","bronze:CutThrough"],"picked":"SKIP","floor":43},{"not_picked":["bronze:Iterate","bronze:Invalidate+1","bronze:CutThrough"],"picked":"SKIP","floor":46},{"not_picked":["bronze:Iterate+1","bronze:BitShift+1","bronze:Shield"],"picked":"SKIP","floor":48},{"not_picked":["bronze:Invalidate+1","bronze:BurnOut","bronze:Turbo+1"],"picked":"SKIP","floor":49},{"not_picked":["bronze:Frontload","bronze:Iterate","bronze:WhirlingStrike+1"],"picked":"SKIP","floor":52}],"player_experience":637147,"relics_obtained":[{"floor":7,"key":"Bronze Scales"},{"floor":11,"key":"Toy Ornithopter"},{"floor":12,"key":"Art of War"},{"floor":24,"key":"Happy Flower"},{"floor":27,"key":"Letter Opener"},{"floor":31,"key":"Mango"},{"floor":38,"key":"Vajra"},{"floor":42,"key":"TungstenRod"},{"floor":52,"key":"Oddly Smooth Stone"}],"event_choices":[],"is_beta":false,"boss_relics":[{"not_picked":["Runic Dome","Tiny House"],"picked":"Cursed Key"},{"not_picked":["Coffee Dripper","Runic Pyramid"],"picked":"Sozu"}],"items_purged_floors":[28,45,47],"is_endless":false,"potions_floor_spawned":[4,5,11,14,15,16,19,26,29,31,33,36,43,48,52],"killed_by":"downfall:NeowBossFinal","ascension_level":0}}