{"host":"skr63qsdfgeey3it","time":1612086150,"event":{"mods":["BaseMod","Colored Map","Hubris","Minty Spire (QoL Compilation)","Replay The Spire","Spicy Shops","StSLib"],"gold_per_floor":[112,112,130,48,258,298,298,60,60,69,84,124,124,124,124,229,229,252,21,21,63,108,117,156,178,204,204,251,280,27,65,74,183,183,202,226,8,27,52,52,274,284,309,328,328,328],"floor_reached":45,"language":"ENG","playtime":1647,"items_purged":["Regret"],"score":903,"play_id":"e999dd7e-ed5e-4db8-b14d-8260a89932ba","local_time":"20210131034230","is_ascension_mode":true,"campfire_choices":[{"floor":10,"key":"REST"},{"data":"Storm","floor":13,"key":"SMITH"},{"data":"Hologram","floor":15,"key":"SMITH"},{"floor":23,"key":"REST"},{"data":"FIFO Queue","floor":27,"key":"SMITH"},{"floor":32,"key":"REST"},{"floor":40,"key":"REST"}],"circlet_count":0,"master_deck":["AscendersBane","Defend_B+1","Defend_B+1","Defend_B+1","Defend_B+1","Zap","Dualcast","Cold Snap+1","Storm+1","Defragment+1","FIFO Queue+1","Trip","Rebound","Hologram+1","Scrape","Panic Button","Electrodynamics","ReplayRNGCard","Gash","Bandage Up","Conserve Battery+1","Bite","Bite","Bite","Bite","Bite","Sweeping Beam+1","Auto Shields+1","BasicCrystalCard+1","Storm","Defragment","Darkness","Buffer","Gash+1","Thunder Strike","Gash","Tempest","Loop","ReplayGash","Force Field+1","Tempest+1","Stack"],"relics":["Cracked Core","NeowsBlessing","ReplayTheSpireMod:CursedCoin","CeramicFish","Dream Catcher","BargainBundle","Whetstone","White Beast Statue","Chameleon Ring","hubris:VirtuousBlindfold","Replay:Baseball","Red Mask","Potion Belt","Tiny Chest","Lantern","Membership Card","Art of War","Durian","Painkiller Herb","Replay:Frozen Program","Blood Vial"],"acts_visited":["Exordium","TheCity","TheBeyond"],"potions_floor_usage":[12,16,16,21,21,31,31,33,33,35,35,38,44,45,45,45],"damage_taken":[{"damage":0,"enemies":"Cultist","floor":1,"turns":1},{"damage":0,"enemies":"Small Slimes","floor":3,"turns":1},{"damage":0,"enemies":"Lagavulin","floor":6,"turns":1},{"damage":1,"enemies":"2 Louse","floor":11,"turns":2},{"damage":38,"enemies":"3 Sentries","floor":12,"turns":9},{"damage":14,"enemies":"Hexaghost","floor":16,"turns":9},{"damage":16,"enemies":"Shell Parasite","floor":18,"turns":5},{"damage":20,"enemies":"Masked Bandits","floor":21,"turns":4},{"damage":14,"enemies":"Replay:Snechameleon","floor":24,"turns":4},{"damage":7,"enemies":"Chosen","floor":25,"turns":4},{"damage":3,"enemies":"Snecko","floor":29,"turns":4},{"damage":52,"enemies":"Book of Stabbing","floor":31,"turns":5},{"damage":15,"enemies":"hubris:MusketHawk","floor":33,"turns":6},{"damage":35,"enemies":"3 Darklings","floor":35,"turns":4},{"damage":6,"enemies":"3 Shapes","floor":36,"turns":6},{"damage":11,"enemies":"Jaw Worm Horde","floor":38,"turns":4},{"damage":17,"enemies":"Transient","floor":39,"turns":5},{"damage":9,"enemies":"Sphere and 2 Shapes","floor":42,"turns":3},{"damage":51,"enemies":"4 Shapes","floor":44,"turns":4},{"damage":31,"enemies":"Jaw Worm Horde","floor":45,"turns":3}],"seed_played":"4132888771771495756","potions_obtained":[{"floor":3,"key":"GamblersBrew"},{"floor":6,"key":"SmokeBomb"},{"floor":7,"key":"Energy Potion"},{"floor":12,"key":"Block Potion"},{"floor":16,"key":"Languid Potion"},{"floor":18,"key":"DuplicationPotion"},{"floor":21,"key":"GamblersBrew"},{"floor":24,"key":"Swift Potion"},{"floor":25,"key":"Reflective Coating"},{"floor":29,"key":"FocusPotion"},{"floor":31,"key":"DuplicationPotion"},{"floor":33,"key":"PowerPotion"},{"floor":35,"key":"Ancient Potion"},{"floor":36,"key":"ColorlessPotion"},{"floor":38,"key":"PotionOfCapacity"},{"floor":39,"key":"FearPotion"},{"floor":42,"key":"SpeedPotion"},{"floor":44,"key":"Energy Potion"}],"is_trial":false,"path_per_floor":["M","?","M","$","?","E","?","$","T","R","M","E","R","?","R","B",null,"M","$","?","?","?","R","E","M","T","R","T","M","$","E","R","B",null,"?","?","T","?","?","T","?","?","T","?","?"],"character_chosen":"DEFECT","items_purchased":["ReplayTheSpireMod:CursedCoin","CeramicFish","BargainBundle","Trip","Rebound","Hologram","Scrape","Whetstone","Regen Potion","Replay:Baseball","Bandage Up","Membership Card","Defragment","Darkness","Art of War","Loop","ReplayGash","Replay:Frozen Program"],"campfire_rested":4,"item_purchase_floors":[4,4,8,8,8,8,8,8,8,19,19,30,30,30,30,37,37,37],"current_hp_per_floor":[68,61,61,61,43,43,43,43,43,65,64,41,41,41,41,27,63,47,47,47,31,31,46,42,43,43,43,43,48,48,15,32,31,51,28,34,40,35,32,55,57,52,57,10,0,0],"gold":328,"neow_bonus":"THREE_ENEMY_KILL","is_daily":false,"chose_seed":false,"campfire_upgraded":3,"win_rate":0.0,"timestamp":1612086150,"path_taken":["M","?","M","$","?","E","?","$","T","R","?","E","R","?","R","BOSS","M","$","?","?","?","R","E","M","T","R","?","M","$","E","R","BOSS","?","?","T","?","?","T","?","?","T","?","?"],"items_purchased_type":["Relic","Relic","Relic","Card","Card","Card","Card","Relic","Potion","Relic","Card","Relic","Card","Card","Relic","Card","Card","Relic"],"build_version":"2020-12-22","purchased_purges":1,"victory":false,"max_hp_per_floor":[75,75,75,75,75,75,75,75,75,75,75,75,75,75,75,75,75,75,75,75,75,52,52,52,52,52,52,52,52,52,57,57,57,57,57,57,57,57,57,57,57,57,57,57,57,57],"card_choices":[{"not_picked":["Leap","Hologram"],"picked":"Cold Snap","floor":1},{"not_picked":["Cold Snap","Barrage"],"picked":"Storm","floor":3},{"not_picked":["Streamline","Chill"],"picked":"Defragment","floor":5},{"not_picked":["Hyperbeam","Steam Power"],"picked":"FIFO Queue","floor":6},{"not_picked":["Force Field","BasicCrystalCard"],"picked":"Panic Button","floor":10},{"not_picked":["BasicCrystalCard","Sweeping Beam","ReplayTheSpireMod:GoodbyeWorld"],"picked":"SKIP","floor":11},{"not_picked":["Tempest","Sweeping Beam"],"picked":"Electrodynamics","floor":12},{"not_picked":["hubris:Prefetch","hubris:DoWhile"],"picked":"ReplayRNGCard","floor":16},{"not_picked":["Beam Cell+1","Coolheaded"],"picked":"Gash","floor":18},{"not_picked":["Aggregate","Time Bomb"],"picked":"Conserve Battery+1","floor":21},{"not_picked":["Hologram","Streamline+1"],"picked":"Sweeping Beam+1","floor":23},{"not_picked":["Stack","Ball Lightning"],"picked":"Auto Shields+1","floor":24},{"not_picked":["Ball Lightning","Streamline+1"],"picked":"BasicCrystalCard+1","floor":25},{"not_picked":["Go for the Eyes","Reprogram"],"picked":"Storm","floor":29},{"not_picked":["ReplayGash","Leap"],"picked":"Buffer","floor":31},{"not_picked":["White Noise","Rebound"],"picked":"Gash+1","floor":32},{"not_picked":["Seek","Mirror Shield"],"picked":"Thunder Strike","floor":33},{"not_picked":["Barrage","Hologram+1"],"picked":"Gash","floor":35},{"not_picked":["FIFO Queue","Sweeping Beam"],"picked":"Tempest","floor":36},{"not_picked":["Sweeping Beam+1","Melter"],"picked":"Force Field+1","floor":38},{"not_picked":["Barrage","Capacitor+1"],"picked":"Tempest+1","floor":39},{"not_picked":["Hologram","Beam Cell","Rip and Tear"],"picked":"SKIP","floor":42},{"not_picked":["ReplayTheSpireMod:GoodbyeWorld+1","Undo+1"],"picked":"Stack","floor":44}],"player_experience":841559,"relics_obtained":[{"floor":6,"key":"Dream Catcher"},{"floor":9,"key":"White Beast Statue"},{"floor":12,"key":"Chameleon Ring"},{"floor":21,"key":"Red Mask"},{"floor":24,"key":"Potion Belt"},{"floor":26,"key":"Tiny Chest"},{"floor":28,"key":"Lantern"},{"floor":31,"key":"Durian"},{"floor":43,"key":"Blood Vial"}],"event_choices":[{"cards_removed":["Strike_B"],"damage_healed":0,"gold_gain":0,"player_choice":"Card Removal","damage_taken":7,"max_hp_gain":0,"max_hp_loss":0,"event_name":"Golden Wing","floor":2,"gold_loss":0},{"damage_healed":0,"gold_gain":0,"player_choice":"Got Potions","damage_taken":0,"max_hp_gain":0,"max_hp_loss":0,"event_name":"Lab","floor":7,"gold_loss":0},{"damage_healed":0,"gold_gain":0,"player_choice":"Upgraded","damage_taken":0,"max_hp_gain":0,"max_hp_loss":0,"event_name":"Upgrade Shrine","floor":14,"gold_loss":0,"cards_upgraded":["Defragment"]},{"damage_healed":0,"gold_gain":0,"player_choice":"Simplicity","damage_taken":0,"max_hp_gain":0,"max_hp_loss":0,"event_name":"Back to Basics","floor":20,"gold_loss":0,"cards_upgraded":["Strike_B","Strike_B","Defend_B","Defend_B","Defend_B","Defend_B"]},{"damage_healed":0,"gold_gain":0,"player_choice":"Fought Bandits","damage_taken":0,"max_hp_gain":0,"max_hp_loss":0,"event_name":"Masked Bandits","floor":21,"gold_loss":0},{"damage_healed":0,"gold_gain":0,"player_choice":"Became a vampire","damage_taken":0,"max_hp_gain":0,"max_hp_loss":23,"event_name":"Vampires","floor":22,"gold_loss":0,"cards_obtained":["Bite","Bite","Bite","Bite","Bite"]},{"damage_healed":0,"gold_gain":222,"player_choice":"Wore Mask","damage_taken":0,"max_hp_gain":0,"max_hp_loss":0,"event_name":"Tomb of Lord Red Mask","floor":41,"gold_loss":0}],"is_beta":false,"boss_relics":[{"not_picked":["ReplayTheSpireMod:DimensionalGlitch","Empty Cage"],"picked":"hubris:VirtuousBlindfold"},{"not_picked":["Tiny House","Astrolabe"],"picked":"Painkiller Herb"}],"items_purged_floors":[4],"is_endless":false,"potions_floor_spawned":[3,6,11,12,16,18,21,24,25,29,31,33,35,36,38,39,42,44],"killed_by":"Jaw Worm Horde","ascension_level":11}}