{"host":"qmnyg5dk1o6rw6mz","time":1612070585,"event":{"mods":["100% Spire Juice","2.2 Compatiblity","AchievementEnabler","Act Like it!","Aspiration","Astrologer","BaseMod","Beaked The Cultist","Better Altar","Better Match","Better Note","Better Sensory Stone","Better Skull","Better Third Choice","Better Vampires","Block Reminder","CCEM2","CapriCore","Challenge The Spire","ChefMod","Colored Map","Colored Powertips","Conspire","DeckTracker","Defuse TimeMaze Blight","Disable Question Mark Monsters","Displayed Cursed Tome","Downfall","Energized Spire","Friendly Minions","Gensokyo","GifTheSpireLib","Hermit","Highlight Path","HornydragonMod","Hubris","Infinite Spire","Jedi Mod","Koishi","KomeijiMod","Lobotomy","Mari Mod (Legacy)","Mari\u0027s V1 Patch","Marisa¡]Ãú«B¡@Å]²z¨F¡^","Marked Mod","Minty Spire (QoL Compilation)","Monster B Gone","Pale of the Ancients","Permanent Neow","Prisma Mod","Quick Restart","Reimu¡]³Õ???¡^","Relic Filter","Relic Sorter","Reliquary","Replay The Spire","SIMod","StSLib","Synergy Search","The Alterego","The Bug Knight","The Construct","The Cursed","The Dragon Tamer","The Gatherer","The Hayseed","The Immortal","The Poker Player","The Problem Sleuth","The Runesmith","The Showman","Unceasing Turn Reminder","Wide Potions","Yuri Mod","thorton"],"gold_per_floor":[110,110,35,35,35,35,64,64,91,91,111,121,153,168,168,269,269,288,288,84,84,95,95,125,151,151,168,168,168,186,218,250,348,348,381,170,198,298,333,384,384,434,513,571,622,682,682,682,682,714,714,714],"floor_reached":53,"language":"ENG","playtime":3118,"items_purged":["PokerPlayerMod:Diamond1","PokerPlayerMod:Spade1"],"score":1066,"play_id":"abed1446-7033-47f7-9ac7-a9975bea4445","local_time":"20210131132305","is_ascension_mode":false,"metric_token":4818,"campfire_choices":[{"floor":6,"key":"REST"},{"floor":10,"key":"REST"},{"data":"PokerPlayerMod:TheDieIsCast","floor":15,"key":"SMITH"},{"data":"PokerPlayerMod:Duplicate","floor":23,"key":"SMITH"},{"data":"PokerPlayerMod:ItsShowtime","floor":29,"key":"SMITH"},{"data":"PokerPlayerMod:WasteCollection","floor":41,"key":"SMITH"},{"data":"PokerPlayerMod:TrumpStrike","floor":47,"key":"SMITH"},{"floor":51,"key":"RECALL"}],"circlet_count":0,"master_deck":["PokerPlayerMod:Diamond7","PokerPlayerMod:Diamond4","PokerPlayerMod:Diamond5","PokerPlayerMod:Diamond7","PokerPlayerMod:Spade6","PokerPlayerMod:Spade8","PokerPlayerMod:Spade6","PokerPlayerMod:Club4","PokerPlayerMod:Club4","PokerPlayerMod:Heart2","PokerPlayerMod:TrumpStrike+1","PokerPlayerMod:BadJoker","PokerPlayerMod:Mulligan","PokerPlayerMod:ClubStrike+1","PokerPlayerMod:Spade8","PokerPlayerMod:Heart4","PokerPlayerMod:TheDieIsCast+1","PokerPlayerMod:ItsShowtime+1","PokerPlayerMod:Club5","PokerPlayerMod:Duplicate+1","PokerPlayerMod:Heart7","PokerPlayerMod:DiamondStrike","PokerPlayerMod:Club6","PokerPlayerMod:WasteCollection+1","PokerPlayerMod:Diamond8","PokerPlayerMod:Diamond7","PokerPlayerMod:Spade6","PokerPlayerMod:Heart8","PokerPlayerMod:HotShotCut+1","PokerPlayerMod:Diamond3","PokerPlayerMod:Diamond7","PokerPlayerMod:HotShotCut+1"],"relics":["PokerPlayerMod:DeckCase","hubris:FruitBowl","Gremlin Food","hubris:TenFootPole","conspire:DecoderRing","Pen Nib","infinitespire:CursedDice","reliquary:RedPaperclip","Snack Pack","Ancient Tea Set","conspire:DeflatedDodgeball","aspiration:StickyExplosives","jedi:paperlyon","aspiration:Lifesprig","aspiration:FetidBarrel","MariMod:MariFestivalBadge","infinitespire:EvilPickle","CCEMRelics:BiPhaseBiplane","CCEMRelics:GrindingGear","Eternal Feather","reliquary:SharkskinSheath","reliquary:IridiumChain"],"acts_visited":["Exordium","TheCity","TheBeyond"],"potions_floor_usage":[33,40,52],"damage_taken":[{"damage":0,"enemies":"2 Louse","floor":1,"turns":3},{"damage":3,"enemies":"Replay:BlueRogue","floor":7,"turns":4},{"damage":1,"enemies":"Jaw Worm","floor":11,"turns":2},{"damage":0,"enemies":"Cultist","floor":12,"turns":2},{"damage":3,"enemies":"3 Sentries","floor":13,"turns":5},{"damage":0,"enemies":"2 Fungi Beasts","floor":14,"turns":3},{"damage":1,"enemies":"Slime Boss","floor":16,"turns":7},{"damage":0,"enemies":"Spheric Guardian","floor":18,"turns":3},{"damage":0,"enemies":"3 Byrds","floor":22,"turns":2},{"damage":10,"enemies":"conspire:Head Lice","floor":24,"turns":4},{"damage":4,"enemies":"Shelled Parasite and Fungi","floor":27,"turns":2},{"damage":33,"enemies":"conspire:HollyBat","floor":30,"turns":6},{"damage":0,"enemies":"Gremlin Leader","floor":31,"turns":5},{"damage":0,"enemies":"conspire:MimicChest","floor":32,"turns":3},{"damage":69,"enemies":"Pondfish","floor":33,"turns":10},{"damage":0,"enemies":"3 Shapes","floor":35,"turns":2},{"damage":3,"enemies":"Orb Walker","floor":37,"turns":2},{"damage":39,"enemies":"Spire Growth","floor":39,"turns":4},{"damage":0,"enemies":"R_Hoarder","floor":40,"turns":6},{"damage":22,"enemies":"Giant Head","floor":42,"turns":6},{"damage":40,"enemies":"Nemesis","floor":44,"turns":5},{"damage":0,"enemies":"3 Darklings","floor":45,"turns":2},{"damage":0,"enemies":"Maw","floor":46,"turns":5},{"damage":0,"enemies":"conspire:MimicChest","floor":50,"turns":2},{"damage":46,"enemies":"infinitespire:MassOfShapes","floor":52,"turns":7}],"seed_played":"6688535443433789948","potions_obtained":[{"floor":1,"key":"CalmPotion"},{"floor":14,"key":"ZuzhouPotion:ReiMu"},{"floor":16,"key":"MagicPotion:ReiMu"},{"floor":32,"key":"SkillPotion"},{"floor":33,"key":"SpeedPotion"},{"floor":37,"key":"CalmPotion"},{"floor":42,"key":"PowerPotion"}],"is_trial":false,"path_per_floor":["M","?","$","?","$","R","E","?","T","R","M","M","E","M","R","B",null,"M","?","$","?","M","R","E","T","T","M","AVR","R","M","E","R_BF","B",null,"M","$","M","?","M","E","R","E","T","E","M","M","R","PTL","PTL","?","R_BF","B",null],"character_chosen":"THE_POKER_PLAYER","items_purchased":["hubris:FruitBowl","CCEMRelics:IronFruit","Gremlin Food","hubris:TenFootPole","PokerPlayerMod:Duplicate","PokerPlayerMod:Heart7","PokerPlayerMod:Spade5","CCEMRelics:BiPhaseBiplane"],"campfire_rested":2,"item_purchase_floors":[5,5,5,5,20,20,36,36],"current_hp_per_floor":[52,52,52,52,4,21,20,20,20,37,38,45,50,59,59,58,59,59,59,59,59,59,59,49,49,49,59,59,59,32,59,59,26,59,59,59,59,59,58,59,59,37,37,59,59,59,59,59,59,59,59,16],"gold":714,"neow_bonus":"RANDOM_COMMON_RELIC","is_daily":false,"chose_seed":false,"campfire_upgraded":5,"win_rate":0.0,"timestamp":1612070585,"path_taken":["M","?","$","?","?","R","E","?","T","R","?","?","E","M","R","BOSS","M","?","?","?","M","R","E","?","T","M","AVR","R","M","E","R_BF","BOSS","M","$","M","?","?","E","R","E","T","E","M","M","R","PTL","PTL","?","R_BF","BOSS"],"items_purchased_type":["Relic","Relic","Relic","Relic","Card","Card","Card","Relic"],"build_version":"2020-12-22","purchased_purges":2,"victory":true,"max_hp_per_floor":[52,52,52,52,59,59,59,59,59,59,59,59,59,59,59,59,59,59,59,59,59,59,59,59,59,59,59,59,59,59,59,59,59,59,59,59,59,59,59,59,59,59,59,59,59,59,59,59,59,59,59,59],"card_choices":[{"not_picked":["PokerPlayerMod:Club1","PokerPlayerMod:Diamond2"],"picked":"PokerPlayerMod:ClubStrike","floor":1},{"not_picked":["PokerPlayerMod:Fold","PokerPlayerMod:Configure"],"picked":"PokerPlayerMod:Spade6","floor":7},{"not_picked":["PokerPlayerMod:Club1","PokerPlayerMod:HeartStrike"],"picked":"PokerPlayerMod:Heart4","floor":11},{"not_picked":["PokerPlayerMod:CloakAndDiamond","PokerPlayerMod:Club4"],"picked":"PokerPlayerMod:TheDieIsCast","floor":12},{"not_picked":["PokerPlayerMod:SpadeStrike","PokerPlayerMod:Club1","PokerPlayerMod:Diamond4"],"picked":"SKIP","floor":13},{"not_picked":["PokerPlayerMod:Fold","PokerPlayerMod:ClubStrike","PokerPlayerMod:CardBurn"],"picked":"SKIP","floor":14},{"not_picked":["PokerPlayerMod:Diamond10+","PokerPlayerMod:Club10+"],"picked":"PokerPlayerMod:ItsShowtime","floor":16},{"not_picked":["PokerPlayerMod:Diamond3","PokerPlayerMod:Club1"],"picked":"PokerPlayerMod:Club5","floor":18},{"not_picked":["PokerPlayerMod:Diamond1","PokerPlayerMod:Diamond2"],"picked":"PokerPlayerMod:DiamondStrike","floor":22},{"not_picked":["PokerPlayerMod:Manipulation+1","PokerPlayerMod:Raise"],"picked":"PokerPlayerMod:Club6","floor":24},{"not_picked":["PokerPlayerMod:Club4","PokerPlayerMod:Spade4","PokerPlayerMod:Heart3"],"picked":"SKIP","floor":27},{"not_picked":["PokerPlayerMod:Diamond4","PokerPlayerMod:CloakAndDiamond","PokerPlayerMod:Spade4"],"picked":"SKIP","floor":30},{"not_picked":["PokerPlayerMod:Diamond2","PokerPlayerMod:Spade2"],"picked":"PokerPlayerMod:WasteCollection","floor":31},{"not_picked":["PokerPlayerMod:Spade8","PokerPlayerMod:ChangeRules"],"picked":"PokerPlayerMod:Diamond8","floor":33},{"not_picked":["PokerPlayerMod:PoorCopy","PokerPlayerMod:FlyingCard+1"],"picked":"PokerPlayerMod:Diamond6","floor":35},{"not_picked":["PokerPlayerMod:Overdeal","PokerPlayerMod:Fold+1"],"picked":"PokerPlayerMod:Heart8","floor":37},{"not_picked":["PokerPlayerMod:WasteCollection","PokerPlayerMod:Heart1"],"picked":"PokerPlayerMod:HotShotCut+1","floor":39},{"not_picked":["PokerPlayerMod:Diamond5","PokerPlayerMod:CardBurn"],"picked":"PokerPlayerMod:Diamond3","floor":40},{"not_picked":["PokerPlayerMod:Diamond4","PokerPlayerMod:Raise"],"picked":"PokerPlayerMod:Diamond6","floor":42},{"not_picked":["PokerPlayerMod:Raise+1","PokerPlayerMod:Spade1"],"picked":"PokerPlayerMod:HotShotCut+1","floor":44},{"not_picked":["PokerPlayerMod:Configure+1","PokerPlayerMod:Spade2","PokerPlayerMod:CardBurn"],"picked":"SKIP","floor":45},{"not_picked":["PokerPlayerMod:ClubDance","PokerPlayerMod:CardBurn+1","PokerPlayerMod:Spade4"],"picked":"SKIP","floor":46}],"player_experience":240789,"relics_obtained":[{"floor":7,"key":"conspire:DecoderRing"},{"floor":9,"key":"Pen Nib"},{"floor":13,"key":"infinitespire:CursedDice"},{"floor":24,"key":"Snack Pack"},{"floor":25,"key":"Ancient Tea Set"},{"floor":26,"key":"conspire:DeflatedDodgeball"},{"floor":31,"key":"aspiration:Lifesprig"},{"floor":32,"key":"aspiration:FetidBarrel"},{"floor":40,"key":"CCEMRelics:GrindingGear"},{"floor":42,"key":"Eternal Feather"},{"floor":44,"key":"reliquary:SharkskinSheath"},{"floor":50,"key":"reliquary:IridiumChain"}],"event_choices":[{"cards_removed":["PokerPlayerMod:Mulligan"],"damage_healed":0,"gold_gain":0,"player_choice":"Give","damage_taken":0,"max_hp_gain":0,"max_hp_loss":0,"event_name":"betterNote:BetterNote","floor":19,"gold_loss":0,"cards_obtained":["None"]},{"damage_healed":0,"gold_gain":100,"player_choice":"Pray","damage_taken":0,"max_hp_gain":0,"max_hp_loss":0,"event_name":"Golden Shrine","floor":38,"gold_loss":0}],"is_beta":false,"boss_relics":[{"not_picked":["infinitespire:Cupcake","Painkiller Herb"],"picked":"reliquary:RedPaperclip"},{"not_picked":["hubris:VirtuousBlindfold","CCEMRelics:ReaperScythe"],"picked":"MariMod:MariFestivalBadge"}],"items_purged_floors":[3,28],"is_endless":false,"potions_floor_spawned":[1,14,16,22,27,31,32,33,37,39,42,50],"ascension_level":0}}