{"host":"tjq6rykv202u6iqx","time":1612128988,"event":{"mods":["AchievementEnabler","BaseMod","Minty Spire (QoL Compilation)","Rare Cards Sparkle","Relic Stats"],"gold_per_floor":[114,131,131,206,219,219,21,56,81,104,120,138,138,88,88,211,211,226,226,255,170,187,220,220,253,253,273,198,198,227,82,82,82,82],"floor_reached":33,"language":"ENG","playtime":2823,"items_purged":["Defend_G"],"score":470,"play_id":"3b2dcd19-1af1-4887-ab15-f2facaa73b0d","local_time":"20210131153628","is_ascension_mode":true,"campfire_choices":[{"data":"Dagger Spray","floor":6.0,"key":"SMITH"},{"floor":13.0,"key":"REST"},{"data":"Wraith Form v2","floor":15.0,"key":"SMITH"},{"data":"Leg Sweep","floor":24,"key":"SMITH"},{"data":"Phantasmal Killer","floor":29,"key":"SMITH"},{"data":"Neutralize","floor":32,"key":"SMITH"}],"circlet_count":0,"master_deck":["AscendersBane","Strike_G","Strike_G","Strike_G+1","Strike_G","Defend_G","Defend_G","Defend_G","Defend_G","Survivor","Neutralize+1","Phantasmal Killer+1","Underhanded Strike","Dagger Spray+1","Dagger Throw","Wraith Form v2+1","Venomology+1","Blade Dance","Backstab+1","All Out Attack","Terror","Dagger Throw","Deflect","Leg Sweep+1","Die Die Die","Backflip","PiercingWail+1","PiercingWail+1","Deflect+1","Flying Knee+1","Calculated Gamble"],"relics":["Ring of the Snake","Bloody Idol","Orrery","Boot","Bag of Marbles","SlaversCollar","Red Mask","Juzu Bracelet","HornCleat","War Paint","Anchor","Whetstone","ClockworkSouvenir"],"acts_visited":["Exordium","TheCity"],"potions_floor_usage":[16,16,16,20,23,23,25,27,30,33,33,33],"damage_taken":[{"damage":6.0,"enemies":"Cultist","floor":1.0,"turns":4.0},{"damage":4.0,"enemies":"Small Slimes","floor":2.0,"turns":4.0},{"damage":2.0,"enemies":"2 Louse","floor":5.0,"turns":2.0},{"damage":19.0,"enemies":"Lagavulin","floor":8.0,"turns":8.0},{"damage":0.0,"enemies":"Large Slime","floor":10.0,"turns":2.0},{"damage":0.0,"enemies":"3 Louse","floor":11.0,"turns":1.0},{"damage":0.0,"enemies":"Looter","floor":12.0,"turns":1.0},{"damage":17,"enemies":"Slime Boss","floor":16,"turns":8},{"damage":5,"enemies":"Spheric Guardian","floor":18,"turns":6},{"damage":24,"enemies":"Masked Bandits","floor":20,"turns":4},{"damage":6,"enemies":"Shell Parasite","floor":22,"turns":5},{"damage":7,"enemies":"Book of Stabbing","floor":23,"turns":6},{"damage":2,"enemies":"Slavers","floor":25,"turns":5},{"damage":1,"enemies":"Chosen and Byrds","floor":27,"turns":5},{"damage":12,"enemies":"Gremlin Leader","floor":30,"turns":5},{"damage":31,"enemies":"Champ","floor":33,"turns":10}],"seed_played":"6047153180185823923","potions_obtained":[{"floor":1.0,"key":"FearPotion"},{"floor":2.0,"key":"Strength Potion"},{"floor":10.0,"key":"BlessingOfTheForge"},{"floor":12.0,"key":"Weak Potion"},{"floor":18,"key":"SteroidPotion"},{"floor":23,"key":"CunningPotion"}],"is_trial":false,"path_per_floor":["M","M","?","?","M","R","$","E","T","M","M","M","R","?","R","B",null,"M","?","?","?","M","E","R","E","T","M","$","R","E","$","R","B"],"character_chosen":"THE_SILENT","items_purchased":["Orrery","Dexterity Potion","ClockworkSouvenir"],"campfire_rested":1,"item_purchase_floors":[7,7,31],"current_hp_per_floor":[39,35,35,24,22,22,22,3,3,3,3,3,22,22,22,5,50,45,45,26,26,25,23,23,26,26,30,30,30,23,23,23,0,0],"gold":82,"neow_bonus":"THREE_RARE_CARDS","is_daily":false,"chose_seed":false,"campfire_upgraded":5,"win_rate":0.0,"timestamp":1612128988,"path_taken":["M","M","?","?","M","R","$","E","T","M","M","M","R","?","R","BOSS","M","?","?","?","M","E","R","E","T","M","$","R","E","?","R","BOSS"],"items_purchased_type":["Relic","Potion","Relic"],"build_version":"2020-12-22","purchased_purges":1,"victory":false,"max_hp_per_floor":[70,70,65,65,65,65,65,65,65,65,65,65,65,65,65,65,65,65,65,65,65,65,65,65,65,65,65,65,65,65,65,65,65,65],"relic_stats":{"counters":[16,76],"Bloody Idol":30,"Juzu Bracelet":0,"Whetstone":["Strike_G","Backstab"],"War Paint":["PiercingWail","Venomology"],"Boot":[26],"obtain_stats":[{"Golden Idol":3,"Juzu Bracelet":21,"Whetstone":30,"War Paint":25,"Boot":8,"ClockworkSouvenir":31,"SlaversCollar":17,"Anchor":26,"HornCleat":23,"Bloody Idol":19,"Orrery":7,"Bag of Marbles":9,"Red Mask":20,"Ring of the Snake":0},{"Golden Idol":2,"Juzu Bracelet":10,"Whetstone":15,"War Paint":13,"Boot":4,"ClockworkSouvenir":15,"SlaversCollar":8,"Anchor":13,"HornCleat":12,"Bloody Idol":9,"Orrery":3,"Bag of Marbles":4,"Red Mask":10,"Ring of the Snake":0},{"Golden Idol":8,"Juzu Bracelet":40,"Whetstone":66,"War Paint":56,"Boot":18,"ClockworkSouvenir":66,"SlaversCollar":30,"Anchor":56,"HornCleat":51,"Bloody Idol":36,"Orrery":10,"Bag of Marbles":18,"Red Mask":40,"Ring of the Snake":0}],"Ring of the Snake":[32]},"card_choices":[{"not_picked":["Storm of Steel","Tools of the Trade"],"picked":"Phantasmal Killer","floor":0.0},{"not_picked":["Noxious Fumes","Outmaneuver"],"picked":"Underhanded Strike","floor":1.0},{"not_picked":["Catalyst","Deflect"],"picked":"Dagger Spray","floor":2.0},{"not_picked":["Bane","Endless Agony"],"picked":"Dagger Throw","floor":5.0},{"not_picked":["PiercingWail","Underhanded Strike"],"picked":"Wraith Form v2","floor":7.0},{"not_picked":["Infinite Blades","Backstab"],"picked":"Venomology","floor":7.0},{"not_picked":["Prepared","Underhanded Strike"],"picked":"Blade Dance","floor":7.0},{"not_picked":["Dagger Spray","Dodge and Roll"],"picked":"Backstab","floor":7.0},{"not_picked":["Underhanded Strike","Sucker Punch"],"picked":"All Out Attack","floor":7.0},{"not_picked":["All Out Attack","Deflect"],"picked":"Terror","floor":8.0},{"not_picked":["Accuracy","Heel Hook"],"picked":"Dagger Throw","floor":10.0},{"not_picked":["Terror","Outmaneuver"],"picked":"Deflect","floor":11.0},{"not_picked":["Distraction","Dodge and Roll"],"picked":"Leg Sweep","floor":12.0},{"not_picked":["Phantasmal Killer","A Thousand Cuts"],"picked":"Die Die Die","floor":16},{"not_picked":["Skewer","Prepared"],"picked":"Backflip","floor":18},{"not_picked":["Riddle With Holes+1","Flechettes"],"picked":"PiercingWail+1","floor":20},{"not_picked":["Backflip","Bane+1"],"picked":"PiercingWail","floor":22},{"not_picked":["Masterful Stab+1","Prepared"],"picked":"Deflect+1","floor":23},{"not_picked":["Deadly Poison","Slice"],"picked":"Flying Knee+1","floor":25},{"not_picked":["Bouncing Flask+1","Poisoned Stab","Sucker Punch"],"picked":"SKIP","floor":27},{"not_picked":["Riddle With Holes","Accuracy"],"picked":"Calculated Gamble","floor":30}],"player_experience":895901,"relics_obtained":[{"floor":8.0,"key":"Boot"},{"floor":9.0,"key":"Bag of Marbles"},{"floor":20,"key":"Red Mask"},{"floor":23,"key":"HornCleat"},{"floor":25,"key":"War Paint"},{"floor":26,"key":"Anchor"},{"floor":30,"key":"Whetstone"}],"event_choices":[{"damage_healed":0.0,"max_hp_gain":0.0,"max_hp_loss":5.0,"gold_gain":0.0,"event_name":"Golden Idol","player_choice":"Lose Max HP","floor":3.0,"gold_loss":0.0,"damage_taken":0.0,"relics_obtained":["Golden Idol"]},{"damage_healed":0.0,"max_hp_gain":0.0,"max_hp_loss":0.0,"gold_gain":75.0,"event_name":"World of Goop","player_choice":"Gather Gold","floor":4.0,"gold_loss":0.0,"damage_taken":11.0},{"cards_removed":["Strike_G"],"damage_healed":0.0,"max_hp_gain":0.0,"max_hp_loss":0.0,"gold_gain":0.0,"event_name":"The Cleric","player_choice":"Card Removal","floor":14.0,"gold_loss":50.0,"damage_taken":0.0},{"damage_healed":0,"gold_gain":0,"player_choice":"Gave Idol","damage_taken":0,"relics_obtained":["Bloody Idol"],"max_hp_gain":0,"max_hp_loss":0,"event_name":"Forgotten Altar","floor":19,"relics_lost":["Golden Idol"],"gold_loss":0},{"damage_healed":0,"gold_gain":0,"player_choice":"Fought Bandits","damage_taken":0,"max_hp_gain":0,"max_hp_loss":0,"event_name":"Masked Bandits","floor":20,"gold_loss":0},{"damage_healed":0,"gold_gain":0,"player_choice":"Obtained Relic","damage_taken":0,"relics_obtained":["Juzu Bracelet"],"max_hp_gain":0,"max_hp_loss":0,"event_name":"Addict","floor":21,"gold_loss":85}],"is_beta":false,"boss_relics":[{"not_picked":["Ectoplasm","Snecko Eye"],"picked":"SlaversCollar"}],"items_purged_floors":[28],"is_endless":false,"potions_floor_spawned":[1,2,10,12,18,23,27],"killed_by":"Champ","ascension_level":11}}