{"host":"7s9cy3ihj997zbmc","time":1612067685,"event":{"mods":["Act Like it!","BaseMod","Card Filter","Custom Start","Downfall","Highlight Path","Minty Spire (QoL Compilation)","Permanent Neow","Quick Restart","Relic Filter","Relic Sorter","StSLib","SuperFastMode"],"gold_per_floor":[99,110,125,125,135,146,158,175,224,253,253,253,403,403,414,467,495,395,395,62,79,179,179,79,94,107,119,4,4,4,4,4,39,57,57,257,276,286,305,305,339,318,333,428,428,328,345,345,445,326,341,370,384,384,398,410,427,310,610,644,203,217,228,247,266,266,266,301,4,4,4,4],"floor_reached":73,"language":"ZHS","playtime":4519,"items_purged":["champ:Strike","champ:Strike","champ:Strike","champ:Defend","champ:Defend","champ:Haymaker+1","champ:Defend"],"score":1623,"play_id":"9e8cdad6-558c-41b2-88ec-d34f90706fb2","local_time":"20210131123445","is_ascension_mode":true,"campfire_choices":[{"data":"champ:UltimateStance","floor":1.0,"key":"SMITH"},{"data":"champ:SteelEdge","floor":11.0,"key":"SMITH"},{"data":"champ:ShieldSlam","floor":12.0,"key":"SMITH"},{"floor":14.0,"key":"REST"},{"floor":18.0,"key":"RECALL"},{"data":"champ:EnchantCrown","floor":24.0,"key":"SMITH"},{"data":"champ:RageSigil","floor":30.0,"key":"SMITH"},{"data":"champ:FaceSlap","floor":35.0,"key":"SMITH"},{"data":"champ:EnchantShield","floor":46.0,"key":"SMITH"},{"data":"champ:Devastate","floor":59.0,"key":"SMITH"},{"data":"champ:RageSigil","floor":70,"key":"SMITH"}],"circlet_count":0,"master_deck":["champ:Execute+1","champ:Taunt","champ:UltimateStance+1","champ:ShieldSlam+1","champ:SteelEdge+1","downfall:Icky","champ:FaceSlap+1","champ:EnchantCrown+1","champ:RageSigil+1","champ:CalledShot+1","downfall:Haunted","champ:EnchantShield+1","champ:RageSigil+1","champ:CalledShot+1","champ:BerserkerStyle","champ:Devastate+1","expansioncontent:Chronoboost"],"relics":["champ:ChampionCrown","Lantern","Pen Nib","Shuriken","downfall:HeartBlessingBlue","Kunai","Runic Pyramid","downfall:HeartBlessingRed","Darkstone Periapt","White Beast Statue","Toy Ornithopter","Smiling Mask","Pantograph","champ:DefensiveTrainingManual","Happy Flower","SacredBark","downfall:HeartBlessingGreen","downfall:GremlinWheel","Guardian:PocketSentry","Whetstone","Eternal Feather","Chemical X","Nunchaku","Art of War","Mummified Hand"],"acts_visited":["Exordium","TheCity","TheBeyond","TheEnding"],"potions_floor_usage":[66,72,72,72],"damage_taken":[{"damage":11.0,"enemies":"Cultist","floor":2.0,"turns":4.0},{"damage":23.0,"enemies":"Jaw Worm","floor":3.0,"turns":3.0},{"damage":15.0,"enemies":"Small Slimes","floor":5.0,"turns":3.0},{"damage":24.0,"enemies":"Blue Slaver","floor":6.0,"turns":3.0},{"damage":30.0,"enemies":"2 Fungi Beasts","floor":7.0,"turns":4.0},{"damage":21.0,"enemies":"Large Slime","floor":8.0,"turns":5.0},{"damage":42.0,"enemies":"Gremlin Nob","floor":10.0,"turns":5.0},{"damage":2.0,"enemies":"3 Louse","floor":15.0,"turns":5.0},{"damage":25.0,"enemies":"Lagavulin","floor":17.0,"turns":9.0},{"damage":15.0,"enemies":"downfall:FleeingMerchant","floor":20.0,"turns":4.0},{"damage":14.0,"enemies":"Blue Slaver","floor":21.0,"turns":3.0},{"damage":26.0,"enemies":"SI_SHIV_ARCHETYPE","floor":22.0,"turns":7.0},{"damage":27.0,"enemies":"Spheric Guardian","floor":25.0,"turns":4.0},{"damage":9.0,"enemies":"Shell Parasite","floor":26.0,"turns":3.0},{"damage":26.0,"enemies":"Cultist and Chosen","floor":27.0,"turns":4.0},{"damage":10.0,"enemies":"downfall:FleeingMerchant","floor":28.0,"turns":4.0},{"damage":20.0,"enemies":"Book of Stabbing","floor":33.0,"turns":3.0},{"damage":55.0,"enemies":"3 Cultists","floor":34.0,"turns":5.0},{"damage":36.0,"enemies":"Snake Plant","floor":37.0,"turns":2.0},{"damage":18.0,"enemies":"Centurion and Healer","floor":38.0,"turns":3.0},{"damage":20.0,"enemies":"Chosen and Byrds","floor":39.0,"turns":4.0},{"damage":29.0,"enemies":"Slavers","floor":41.0,"turns":4.0},{"damage":10.0,"enemies":"downfall:FleeingMerchant","floor":42.0,"turns":4.0},{"damage":5.0,"enemies":"Snecko","floor":43.0,"turns":3.0},{"damage":20.0,"enemies":"WA_ARCHETYPE_CALM","floor":44.0,"turns":4.0},{"damage":11.0,"enemies":"Orb Walker","floor":47.0,"turns":2.0},{"damage":39.0,"enemies":"Orb Walker","floor":49.0,"turns":3.0},{"damage":35.0,"enemies":"3 Darklings","floor":51.0,"turns":4.0},{"damage":44.0,"enemies":"Nemesis","floor":52.0,"turns":5.0},{"damage":10.0,"enemies":"Spire Growth","floor":53.0,"turns":2.0},{"damage":20.0,"enemies":"Writhing Mass","floor":55.0,"turns":3.0},{"damage":33.0,"enemies":"Jaw Worm Horde","floor":56.0,"turns":4.0},{"damage":54.0,"enemies":"4 Shapes","floor":57.0,"turns":4.0},{"damage":38.0,"enemies":"Giant Head","floor":60.0,"turns":3.0},{"damage":73.0,"enemies":"Transient","floor":62.0,"turns":5.0},{"damage":31.0,"enemies":"3 Darklings","floor":63.0,"turns":3.0},{"damage":39.0,"enemies":"Sphere and 2 Shapes","floor":64.0,"turns":4.0},{"damage":19.0,"enemies":"Transient","floor":65.0,"turns":5.0},{"damage":93,"enemies":"IC_BLOCK_ARCHETYPE","floor":66,"turns":4},{"damage":110,"enemies":"downfall:CharBossMerchant","floor":68,"turns":3},{"damage":208,"enemies":"downfall:NeowBoss","floor":71,"turns":10},{"damage":117,"enemies":"downfall:NeowBossFinal","floor":72,"turns":4}],"seed_played":"-2388851850271918321","potions_obtained":[{"floor":2.0,"key":"Weak Potion"},{"floor":5.0,"key":"Energy Potion"},{"floor":6.0,"key":"Dexterity Potion"},{"floor":7.0,"key":"champ:TechniquePotion"},{"floor":17.0,"key":"CultistPotion"},{"floor":21.0,"key":"Strength Potion"},{"floor":33.0,"key":"Swift Potion"},{"floor":43.0,"key":"champ:OpenerPotion"},{"floor":44.0,"key":"DistilledChaos"},{"floor":57.0,"key":"DuplicationPotion"},{"floor":65.0,"key":"ColorlessPotion"},{"floor":68,"key":"PowerPotion"}],"is_trial":false,"path_per_floor":["R","M","M","?","M","M","M","M","T","E","R","R","?","R","M","T","E","R","?","$","M","B",null,"R","M","M","M","$","?","R","T","T","E","M","R","?","M","M","M","T","E","$","M","B",null,"R","M","?","?","$","M","E","M","T","M","M","M","$","R","E","$","M","M","M","M","B",null,"E","$","R","B","B",null],"character_chosen":"THE_CHAMP","items_purchased":["Kunai","champ:DefensiveTrainingManual","Happy Flower","champ:RageSigil","champ:Devastate","Chemical X","expansioncontent:Chronoboost","Nunchaku","Mummified Hand"],"campfire_rested":1,"item_purchase_floors":[20,42,42,50,58,61,61,61,69],"current_hp_per_floor":[63,62,59,59,54,45,45,39,39,17,17,17,17,44,42,42,27,37,42,37,28,22,105,105,88,84,78,78,78,78,78,78,78,73,73,79,63,55,55,55,51,51,56,81,111,111,105,105,81,81,81,67,67,67,67,63,50,50,50,50,50,32,18,17,4,34,111,111,111,111,77,44],"gold":4,"neow_bonus":"THREE_RARE_CARDS","is_daily":false,"chose_seed":false,"campfire_upgraded":9,"win_rate":0.0,"timestamp":1612067685,"path_taken":["R","M","?","?","M","M","M","?","T","E","R","R","?","R","M","?","E","R","?","$","M","BOSS","R","M","M","M","$","?","R","T","T","E","M","R","?","M","M","M","?","E","?","M","BOSS","R","M","?","?","$","M","E","M","T","M","M","M","$","R","E","$","M","M","?","M","BOSS","E","$","R","BOSS","BOSS"],"items_purchased_type":["Relic","Relic","Relic","Card","Card","Relic","Card","Relic","Relic"],"build_version":"2020-12-22","purchased_purges":7,"victory":true,"max_hp_per_floor":[90,90,90,90,90,90,90,90,90,90,90,90,90,90,90,90,90,100,105,105,105,105,105,105,105,105,105,105,105,105,105,105,105,105,105,111,111,111,111,111,111,111,111,111,111,111,111,111,111,111,111,111,111,111,111,111,111,111,111,111,111,111,111,111,111,111,111,111,111,111,111,111],"card_choices":[{"not_picked":["champ:VampiricStrike","champ:SteelEdge"],"picked":"champ:UltimateStance","floor":0.0},{"not_picked":["champ:DeathBlow","champ:Circumvent","champ:FalseCounter"],"picked":"SKIP","floor":2.0},{"not_picked":["champ:EnGarde","champ:Backstep"],"picked":"champ:Haymaker","floor":3.0},{"not_picked":["champ:BringItOn","champ:FanOfKnives"],"picked":"champ:ShieldSlam","floor":5.0},{"not_picked":["champ:Circumvent","champ:DefensiveShout","champ:BringItOn"],"picked":"SKIP","floor":6.0},{"not_picked":["champ:PreciseThrust","champ:CrownThrow"],"picked":"champ:SteelEdge","floor":7.0},{"not_picked":["champ:CrownThrow","champ:Duel","champ:IronFortress"],"picked":"SKIP","floor":8.0},{"not_picked":["champ:HeartStrike","champ:DefensiveShout","champ:Parry"],"picked":"SKIP","floor":10.0},{"not_picked":["champ:DefensiveShout","champ:FanOfKnives","champ:Haymaker"],"picked":"SKIP","floor":15.0},{"not_picked":["champ:FocusedBerserking","champ:StanceDance","champ:AdrenalArmor"],"picked":"SKIP","floor":17.0},{"not_picked":["champ:BerserkersShout","champ:IgnorePain"],"picked":"champ:FaceSlap","floor":20.0},{"not_picked":["champ:PerfectedStrike","champ:EnGarde","champ:TornadoPunch"],"picked":"SKIP","floor":21.0},{"not_picked":["champ:MurderStrike","champ:LastStand"],"picked":"champ:EnchantCrown","floor":22.0},{"not_picked":["champ:BladeFlurry","champ:IronFortress","champ:FanOfKnives+1"],"picked":"SKIP","floor":25.0},{"not_picked":["champ:PreciseThrust+1","champ:GutPunch+1","champ:FanOfKnives+1"],"picked":"SKIP","floor":26.0},{"not_picked":["champ:RapidStrikes","champ:FancyFootwork"],"picked":"champ:RageSigil","floor":27.0},{"not_picked":["champ:PerfectedStrike","champ:FanOfKnives","champ:FaceSlap+1"],"picked":"SKIP","floor":28.0},{"not_picked":["champ:CrownThrow","champ:FlashCut"],"picked":"champ:CalledShot+1","floor":33.0},{"not_picked":["champ:StanceDance","champ:CrownThrow","champ:SwordThrow"],"picked":"SKIP","floor":34.0},{"not_picked":["champ:BringItOn","champ:Backstep","champ:Encircle"],"picked":"SKIP","floor":37.0},{"not_picked":["champ:BerserkersShout","champ:Backstep","champ:Encircle+1"],"picked":"SKIP","floor":38.0},{"not_picked":["champ:FanOfKnives+1","champ:BerserkerStyle","champ:TornadoPunch+1"],"picked":"SKIP","floor":39.0},{"not_picked":["champ:FanOfKnives+1","champ:ArenaPreparation","champ:BerserkersShout"],"picked":"SKIP","floor":41.0},{"not_picked":["champ:UltimateStance","champ:PreciseThrust+1","champ:FaceSlap"],"picked":"SKIP","floor":42.0},{"not_picked":["champ:IronFortress","champ:BladeFlurry","champ:Duel+1"],"picked":"SKIP","floor":43.0},{"not_picked":["champ:SteelEdge","champ:SwordThrow"],"picked":"champ:EnchantShield","floor":44.0},{"not_picked":["champ:FaceSlap","champ:Haymaker","champ:TornadoPunch"],"picked":"SKIP","floor":47.0},{"not_picked":["champ:SetATrap+1","champ:AdrenalArmor"],"picked":"champ:CalledShot+1","floor":51.0},{"not_picked":["champ:Haymaker+1","champ:BringItOn","champ:Backstep+1"],"picked":"SKIP","floor":52.0},{"not_picked":["champ:DefensiveShout+1","champ:Haymaker+1","champ:FlashCut"],"picked":"SKIP","floor":53.0},{"not_picked":["champ:FanOfKnives+1","champ:GutPunch+1"],"picked":"champ:BerserkerStyle","floor":55.0},{"not_picked":["champ:Haymaker","champ:ShieldThrow","champ:CrownThrow+1"],"picked":"SKIP","floor":57.0},{"not_picked":["champ:FocusedBerserking+1","champ:SkillfulDodge","champ:EnGarde"],"picked":"SKIP","floor":62.0},{"not_picked":["champ:FanOfKnives","champ:StanceDance","champ:FancyFootwork"],"picked":"SKIP","floor":63.0},{"not_picked":["champ:EndlessRage","champ:DefensiveShout+1","champ:ShieldSigil+1"],"picked":"SKIP","floor":64.0},{"not_picked":["champ:FocusedBerserking","champ:Backstep+1","champ:EndlessRage"],"picked":"SKIP","floor":65.0},{"not_picked":["champ:Lariat","champ:FocusedDefense+1","champ:BladeFlurry+1"],"picked":"SKIP","floor":68}],"player_experience":390545,"relics_obtained":[{"floor":9.0,"key":"Lantern"},{"floor":10.0,"key":"Pen Nib"},{"floor":17.0,"key":"Shuriken"},{"floor":31.0,"key":"Darkstone Periapt"},{"floor":32.0,"key":"White Beast Statue"},{"floor":33.0,"key":"Toy Ornithopter"},{"floor":40.0,"key":"Smiling Mask"},{"floor":41.0,"key":"Pantograph"},{"floor":49.0,"key":"downfall:GremlinWheel"},{"floor":52.0,"key":"Guardian:PocketSentry"},{"floor":54.0,"key":"Whetstone"},{"floor":60.0,"key":"Eternal Feather"},{"floor":68,"key":"Art of War"}],"event_choices":[{"cards_removed":["champ:Strike"],"damage_healed":0.0,"max_hp_gain":0.0,"max_hp_loss":0.0,"gold_gain":0.0,"event_name":"Bonfire Elementals","player_choice":"Offered Basic","floor":4.0,"gold_loss":0.0,"damage_taken":0.0},{"damage_healed":0.0,"max_hp_gain":5.0,"max_hp_loss":0.0,"gold_gain":0.0,"event_name":"Big Fish","player_choice":"Donut","floor":19.0,"gold_loss":0.0,"damage_taken":0.0},{"damage_healed":0.0,"max_hp_gain":0.0,"max_hp_loss":0.0,"gold_gain":300.0,"event_name":"Wheel of Change","player_choice":"Gold","floor":59.0,"gold_loss":0.0,"damage_taken":0.0}],"is_beta":false,"boss_relics":[{"not_picked":["Astrolabe","Cursed Key"],"picked":"Runic Pyramid"},{"not_picked":["bronze:MakeshiftBattery","Velvet Choker"],"picked":"SacredBark"}],"items_purged_floors":[20,28,42,50,58,61,69],"is_endless":false,"potions_floor_spawned":[2,5,6,7,17,21,22,26,27,33,34,37,38,39,41,42,43,44,47,49,51,52,53,55,56,57,60,62,63,64,65,68],"ascension_level":1}}