{"host":"87mnajev72vv2sjg","time":1612080092,"event":{"mods":["BaseMod","BetterRewards","Colored Map","Curses Come First","Infinite Spire","Minty Spire (QoL Compilation)","Shop Mod","StSLib","SuperFastMode","The Gatherer"],"gold_per_floor":[117,49,49,64,64,99,99,99,99,99],"floor_reached":8,"language":"ENG","playtime":363,"items_purged":["Gatherer:Strike_Gatherer","Gatherer:Strike_Gatherer","Gatherer:Strike_Gatherer","Gatherer:Strike_Gatherer"],"score":57,"play_id":"47d6e79b-7389-453b-a146-190ee9335367","local_time":"20210131030132","is_ascension_mode":true,"metric_token":657,"campfire_choices":[{"floor":7,"key":"REST"}],"circlet_count":0,"master_deck":["Gatherer:Strike_Gatherer","Gatherer:Defend_Gatherer","Gatherer:Defend_Gatherer","Gatherer:Defend_Gatherer","Gatherer:Defend_Gatherer","Gatherer:Defend_Gatherer","Gatherer:Centralize","Gatherer:FlowerWhip","Gatherer:QuickSynthesis","Gatherer:RecipeChange","Gatherer:Snatch","Gatherer:UpgradeBag","Gatherer:ScrollOfWall","Gatherer:UpgradeBag"],"relics":["Gatherer:AlchemyBag","Bronze Scales","Bird Faced Urn","Molten Egg 2"],"acts_visited":["Exordium"],"potions_floor_usage":[4],"damage_taken":[{"damage":6,"enemies":"Cultist","floor":1,"turns":3},{"damage":0,"enemies":"2 Louse","floor":4,"turns":4},{"damage":23,"enemies":"Lagavulin","floor":6,"turns":5},{"damage":72,"enemies":"Gremlin Nob","floor":8,"turns":7}],"seed_played":"3387535206679028589","potions_obtained":[{"floor":1,"key":"ColorlessPotion"},{"floor":6,"key":"DuplicationPotion"}],"is_trial":false,"path_per_floor":["M","$","?","M","$","E","R","E"],"character_chosen":"THE_GATHERER","items_purchased":["Gatherer:QuickSynthesis","Gatherer:RecipeChange","Gatherer:Snatch","Gatherer:UpgradeBag","Bronze Scales","Gatherer:UpgradeBag"],"campfire_rested":1,"item_purchase_floors":[0,0,0,0,0,2],"current_hp_per_floor":[30,30,30,34,34,21,42,0,0,0],"gold":99,"neow_bonus":"","is_daily":false,"chose_seed":false,"campfire_upgraded":0,"win_rate":0.0,"timestamp":1612080092,"path_taken":["M","$","?","M","$","E","R","E"],"items_purchased_type":["Card","Card","Card","Card","Relic","Card"],"build_version":"2020-12-22","purchased_purges":4,"victory":false,"max_hp_per_floor":[72,72,72,72,72,72,72,72,72,72],"card_choices":[{"not_picked":["Gatherer:ScherryThrow","Gatherer:FragileHammer"],"picked":"Gatherer:ScrollOfWall","floor":1},{"not_picked":["Gatherer:BalancedGrowth","Gatherer:CarefulStrike","Gatherer:Frenzy"],"picked":"SKIP","floor":4},{"not_picked":["Gatherer:FlowerBeam+1","Gatherer:ScherryThrow+1","Gatherer:SealedBomb+1"],"picked":"SKIP","floor":6}],"player_experience":322329,"relics_obtained":[{"floor":6,"key":"Molten Egg 2"}],"event_choices":[{"damage_healed":0,"gold_gain":0,"player_choice":"Ignored","damage_taken":0,"max_hp_gain":0,"max_hp_loss":0,"event_name":"Liars Game","floor":3,"gold_loss":0}],"is_beta":false,"boss_relics":[],"items_purged_floors":[0,0,0,0],"is_endless":false,"potions_floor_spawned":[1,6],"killed_by":"Gremlin Nob","ascension_level":1}}