{"host":"at5b10nm0iti0w4x","time":1612125718,"event":{"mods":["AchievementEnabler","BaseMod","Bestiary","Block Reminder","Colored Map","Colored Powertips","Highlight Path","Keyboard Shortcuts","Minty Spire (QoL Compilation)","Relic Stats","StSLib","SuperFastMode"],"gold_per_floor":[109,37,54,4,18,44,44,76,99,99,110,136,136,159,159,260,260,275,275,290,63,74,74,103,103,178,103,113,128,7,21,21,121,121,131,231,242,256,266,266,0,0,24,39,70,70,96,107,107,107],"floor_reached":51,"language":"ENG","playtime":2855,"items_purged":[],"score":872,"play_id":"481af552-9139-4eae-b2f3-58daa84894bd","local_time":"20210131154158","is_ascension_mode":false,"campfire_choices":[{"data":"Combust","floor":7,"key":"SMITH"},{"data":"Shockwave","floor":10,"key":"SMITH"},{"data":"Feed","floor":13,"key":"SMITH"},{"floor":15,"key":"REST"},{"floor":23,"key":"REST"},{"data":"Berserk","floor":25,"key":"SMITH"},{"floor":32,"key":"REST"},{"data":"Barricade","floor":40,"key":"SMITH"},{"data":"Rupture","floor":42,"key":"SMITH"},{"data":"Armaments","floor":46,"key":"SMITH"},{"data":"Body Slam","floor":49,"key":"SMITH"}],"circlet_count":0,"master_deck":["Strike_R","Strike_R","Strike_R","Defend_R","Defend_R+1","Defend_R","Defend_R","Bash","Intimidate+1","Combust+1","Iron Wave","Cleave","Thunderclap","Shockwave+1","Feed+1","Berserk+1","Shrug It Off","Rupture+1","Armaments+1","Sword Boomerang","Infernal Blade","Disarm+1","Seeing Red+1","Shrug It Off+1","Barricade+1","Shrug It Off+1","Armaments+1","Parasite","Body Slam+1","Headbutt+1","Shrug It Off+1","Body Slam+1","Seeing Red+1"],"relics":["Burning Blood","Potion Belt","War Paint","Centennial Puzzle","Strawberry","Paper Frog","Odd Mushroom","SlaversCollar","Oddly Smooth Stone","TungstenRod","Toxic Egg 2","Coffee Dripper","Red Mask","Nunchaku","Pear","Magic Flower"],"acts_visited":["Exordium","TheCity","TheBeyond"],"potions_floor_usage":[16,16,18,28,33,33,33,44,48,50,50,50],"damage_taken":[{"damage":11,"enemies":"Jaw Worm","floor":1,"turns":2},{"damage":3,"enemies":"2 Louse","floor":3,"turns":3},{"damage":0,"enemies":"Small Slimes","floor":5,"turns":5},{"damage":17,"enemies":"3 Sentries","floor":6,"turns":5},{"damage":14,"enemies":"Gremlin Nob","floor":8,"turns":4},{"damage":13,"enemies":"Exordium Wildlife","floor":11,"turns":4},{"damage":11,"enemies":"3 Sentries","floor":12,"turns":3},{"damage":13,"enemies":"The Mushroom Lair","floor":14,"turns":4},{"damage":37,"enemies":"Slime Boss","floor":16,"turns":9},{"damage":27,"enemies":"3 Byrds","floor":18,"turns":4},{"damage":22,"enemies":"Spheric Guardian","floor":20,"turns":6},{"damage":14,"enemies":"Chosen and Byrds","floor":22,"turns":5},{"damage":5,"enemies":"Gremlin Leader","floor":24,"turns":5},{"damage":27,"enemies":"Snake Plant","floor":28,"turns":5},{"damage":11,"enemies":"Cultist and Chosen","floor":29,"turns":7},{"damage":28,"enemies":"Chosen and Byrds","floor":31,"turns":8},{"damage":22,"enemies":"Collector","floor":33,"turns":13},{"damage":7,"enemies":"3 Shapes","floor":35,"turns":10},{"damage":49,"enemies":"3 Darklings","floor":37,"turns":7},{"damage":26,"enemies":"Writhing Mass","floor":38,"turns":14},{"damage":7,"enemies":"4 Shapes","floor":39,"turns":9},{"damage":33,"enemies":"Transient","floor":44,"turns":5},{"damage":0,"enemies":"Giant Head","floor":45,"turns":9},{"damage":17,"enemies":"Nemesis","floor":47,"turns":9},{"damage":2,"enemies":"Spire Growth","floor":48,"turns":6},{"damage":2,"enemies":"Time Eater","floor":50,"turns":13}],"seed_played":"-598688765581495928","potions_obtained":[{"floor":1,"key":"Dexterity Potion"},{"floor":8,"key":"ElixirPotion"},{"floor":11,"key":"SmokeBomb"},{"floor":14,"key":"Regen Potion"},{"floor":16,"key":"AttackPotion"},{"floor":24,"key":"ColorlessPotion"},{"floor":28,"key":"Dexterity Potion"},{"floor":31,"key":"AttackPotion"},{"floor":33,"key":"GamblersBrew"},{"floor":37,"key":"HeartOfIron"},{"floor":39,"key":"Fire Potion"},{"floor":45,"key":"Swift Potion"},{"floor":48,"key":"Swift Potion"}],"is_trial":false,"path_per_floor":["M","$","M","?","M","E","R","E","T","R","M","E","R","?","R","B",null,"M","?","M","$","M","R","E","R","T","?","M","M","$","M","R","B",null,"M","?","M","M","M","R","?","R","T","M","E","R","E","M","R","B",null],"character_chosen":"IRONCLAD","items_purchased":["Combust","Rupture","Oddly Smooth Stone","Armaments","DuplicationPotion","Dexterity Potion"],"campfire_rested":3,"item_purchase_floors":[2,21,21,21,30,30],"current_hp_per_floor":[75,75,78,78,80,69,69,61,68,68,61,56,56,53,80,64,91,70,52,36,36,28,56,57,57,57,57,40,39,39,21,53,37,108,111,111,68,48,51,51,51,51,51,24,40,40,29,36,36,43],"gold":107,"neow_bonus":"RANDOM_COMMON_RELIC","is_daily":false,"chose_seed":false,"campfire_upgraded":8,"win_rate":0.0,"timestamp":1612125718,"path_taken":["M","$","M","?","M","E","R","E","T","R","M","E","R","?","R","BOSS","M","?","M","$","M","R","E","R","T","?","M","M","?","?","R","BOSS","M","?","M","?","M","R","?","R","T","M","E","R","E","M","R","BOSS"],"items_purchased_type":["Card","Card","Relic","Card","Potion","Potion"],"build_version":"2020-12-22","purchased_purges":0,"victory":true,"max_hp_per_floor":[80,80,80,80,80,80,80,80,87,87,87,87,87,91,91,91,91,91,96,96,96,96,96,96,96,96,96,100,104,104,108,108,108,108,112,112,112,112,116,116,116,116,116,116,126,126,126,126,126,126],"relic_stats":{"Centennial Puzzle":[60],"Nunchaku":[8],"counters":[26,174],"Magic Flower":[6],"War Paint":["Defend_R","Intimidate"],"obtain_stats":[{"Potion Belt":0,"Pear":45,"Oddly Smooth Stone":21,"Magic Flower":47,"War Paint":6,"Odd Mushroom":14,"Burning Blood":0,"SlaversCollar":17,"Centennial Puzzle":8,"Nunchaku":43,"Strawberry":9,"Coffee Dripper":34,"Red Mask":41,"Toxic Egg 2":26,"TungstenRod":24,"Paper Frog":12},{"Potion Belt":0,"Pear":23,"Oddly Smooth Stone":11,"Magic Flower":24,"War Paint":4,"Odd Mushroom":8,"Burning Blood":0,"SlaversCollar":9,"Centennial Puzzle":5,"Nunchaku":21,"Strawberry":5,"Coffee Dripper":17,"Red Mask":21,"Toxic Egg 2":13,"TungstenRod":13,"Paper Frog":7},{"Potion Belt":0,"Pear":146,"Oddly Smooth Stone":49,"Magic Flower":155,"War Paint":15,"Odd Mushroom":30,"Burning Blood":0,"SlaversCollar":39,"Centennial Puzzle":19,"Nunchaku":132,"Strawberry":19,"Coffee Dripper":92,"Red Mask":132,"Toxic Egg 2":59,"TungstenRod":59,"Paper Frog":26}],"Burning Blood":158,"TungstenRod":115},"card_choices":[{"not_picked":["Fire Breathing","Clash"],"picked":"Intimidate","floor":1},{"not_picked":["Warcry","Flame Barrier"],"picked":"Iron Wave","floor":3},{"not_picked":["Pummel","Pommel Strike"],"picked":"Cleave","floor":5},{"not_picked":["Shrug It Off","Searing Blow"],"picked":"Thunderclap","floor":6},{"not_picked":["Heavy Blade","Flex"],"picked":"Shockwave","floor":8},{"not_picked":["Warcry","Thunderclap","Body Slam"],"picked":"SKIP","floor":11},{"not_picked":["Spot Weakness","Burning Pact"],"picked":"Feed","floor":12},{"not_picked":["Feed","Reaper"],"picked":"Berserk","floor":16},{"not_picked":["Perfected Strike","Flex"],"picked":"Shrug It Off","floor":18},{"not_picked":["Clash","Warcry","Perfected Strike"],"picked":"SKIP","floor":20},{"not_picked":["Body Slam+1","Perfected Strike"],"picked":"Sword Boomerang","floor":22},{"not_picked":["Thunderclap+1","Corruption"],"picked":"Infernal Blade","floor":24},{"not_picked":["Entrench+1","Infernal Blade+1"],"picked":"Disarm+1","floor":28},{"not_picked":["Iron Wave","Body Slam"],"picked":"Seeing Red+1","floor":29},{"not_picked":["Uppercut+1","True Grit+1"],"picked":"Shrug It Off+1","floor":31},{"not_picked":["Impervious+1","Feed"],"picked":"Barricade","floor":33},{"not_picked":["Twin Strike+1","Flex+1"],"picked":"Shrug It Off+1","floor":35},{"not_picked":["Iron Wave","Perfected Strike+1"],"picked":"Armaments+1","floor":37},{"not_picked":["Infernal Blade+1","Heavy Blade+1"],"picked":"Body Slam+1","floor":38},{"not_picked":["Warcry+1","Dual Wield+1"],"picked":"Headbutt+1","floor":39},{"not_picked":["Rampage+1","Inflame+1"],"picked":"Shrug It Off+1","floor":44},{"not_picked":["Thunderclap","Juggernaut"],"picked":"Body Slam","floor":45},{"not_picked":["Reckless Charge+1","Cleave+1","Pommel Strike+1"],"picked":"SKIP","floor":47},{"not_picked":["Infernal Blade+1","Disarm+1"],"picked":"Seeing Red+1","floor":48}],"player_experience":6291,"relics_obtained":[{"floor":6,"key":"War Paint"},{"floor":8,"key":"Centennial Puzzle"},{"floor":9,"key":"Strawberry"},{"floor":12,"key":"Paper Frog"},{"floor":14,"key":"Odd Mushroom"},{"floor":24,"key":"TungstenRod"},{"floor":26,"key":"Toxic Egg 2"},{"floor":43,"key":"Nunchaku"},{"floor":45,"key":"Pear"},{"floor":47,"key":"Magic Flower"}],"event_choices":[{"cards_removed":["Strike_R"],"damage_healed":0,"gold_gain":0,"player_choice":"Card Removal","damage_taken":0,"max_hp_gain":0,"max_hp_loss":0,"event_name":"The Cleric","floor":4,"gold_loss":50},{"damage_healed":0,"gold_gain":0,"player_choice":"Fought Mushrooms","damage_taken":0,"max_hp_gain":0,"max_hp_loss":0,"event_name":"Mushrooms","floor":14,"gold_loss":0},{"damage_healed":0,"gold_gain":0,"player_choice":"Shed Blood","damage_taken":23,"max_hp_gain":5,"max_hp_loss":0,"event_name":"Forgotten Altar","floor":19,"gold_loss":0},{"cards_removed":["Strike_R"],"damage_healed":0,"gold_gain":0,"player_choice":"Gave Gold","damage_taken":0,"max_hp_gain":0,"max_hp_loss":0,"event_name":"Beggar","floor":27,"gold_loss":75},{"damage_healed":0,"gold_gain":100,"player_choice":"Pray","damage_taken":0,"max_hp_gain":0,"max_hp_loss":0,"event_name":"Golden Shrine","floor":36,"gold_loss":0},{"damage_healed":0,"gold_gain":0,"player_choice":"Paid","damage_taken":0,"relics_obtained":["Red Mask"],"max_hp_gain":0,"max_hp_loss":0,"event_name":"Tomb of Lord Red Mask","floor":41,"gold_loss":266}],"is_beta":false,"boss_relics":[{"not_picked":["Snecko Eye","Philosopher\u0027s Stone"],"picked":"SlaversCollar"},{"not_picked":["Empty Cage","Black Star"],"picked":"Coffee Dripper"}],"items_purged_floors":[],"is_endless":false,"potions_floor_spawned":[1,8,11,14,16,24,28,31,33,37,39,45,48],"ascension_level":0}}