{"host":"6xsbn6ynqlzwllfm","time":1612129063,"event":{"mods":["2.2 Compatiblity","BaseMod","Bestiary","Colored Map","Colored Powertips","Curses Come First","Highlight Path","Keyboard Shortcuts","Minty Spire (QoL Compilation)","Relic Stats","Slay the Relics Exporter","StSLib","SuperFastMode"],"gold_per_floor":[99,99,99,99,99,99,99,24,24,24,24,24,24,24,24,24,24,24,24],"floor_reached":18,"language":"ENG","playtime":433,"items_purged":[],"score":386,"play_id":"4835dbba-bd35-41fd-822e-08b2eb83691b","local_time":"20210131163743","is_ascension_mode":true,"campfire_choices":[{"data":"ReachHeaven","floor":7,"key":"SMITH"},{"data":"Conclude","floor":11,"key":"SMITH"},{"floor":15,"key":"REST"}],"circlet_count":0,"master_deck":["AscendersBane","Defend_P","Defend_P","Defend_P","Eruption","Vigilance","ReachHeaven+1","FollowUp+1","Conclude+1","LessonLearned","Protect","Blasphemy","SashWhip+1","EmptyBody+1","Prostrate+1"],"relics":["Ectoplasm","Pear","Bag of Marbles","Potion Belt","Darkstone Periapt","Astrolabe"],"acts_visited":["Exordium","TheCity"],"potions_floor_usage":[10,16],"damage_taken":[{"damage":1,"enemies":"Cultist","floor":1,"turns":4},{"damage":9,"enemies":"Jaw Worm","floor":4,"turns":6},{"damage":0,"enemies":"Gremlin Nob","floor":6,"turns":2},{"damage":25,"enemies":"3 Sentries","floor":10,"turns":5},{"damage":0,"enemies":"Small Slimes","floor":12,"turns":2},{"damage":23,"enemies":"Exordium Thugs","floor":13,"turns":5},{"damage":40,"enemies":"The Guardian","floor":16,"turns":11},{"damage":100025,"enemies":"3 Byrds","floor":18,"turns":4}],"seed_played":"-3437947017086147247","potions_obtained":[{"floor":6,"key":"BlessingOfTheForge"},{"floor":10,"key":"Energy Potion"},{"floor":13,"key":"Block Potion"}],"is_trial":false,"path_per_floor":["M","$","T","M","?","E","R","?","T","E","R","M","M","?","R","B",null,"M"],"character_chosen":"WATCHER","items_purchased":[],"campfire_rested":1,"item_purchase_floors":[],"current_hp_per_floor":[60,60,70,61,66,66,66,66,66,41,41,41,18,18,42,2,63,0,0],"gold":24,"neow_bonus":"BOSS_RELIC","is_daily":false,"chose_seed":false,"campfire_upgraded":2,"win_rate":0.0,"timestamp":1612129063,"path_taken":["M","$","?","M","?","E","R","?","T","E","R","M","?","?","R","BOSS","M"],"items_purchased_type":[],"build_version":"2020-12-22","purchased_purges":0,"victory":false,"max_hp_per_floor":[68,68,78,78,83,83,83,83,83,83,83,83,83,83,83,83,83,83,83],"relic_stats":{"Darkstone Periapt":0,"counters":[8,38],"Astrolabe":["SashWhip","EmptyBody","Prostrate"],"Ectoplasm":198,"obtain_stats":[{"Potion Belt":9,"Darkstone Periapt":10,"Pear":3,"Astrolabe":17,"Ectoplasm":0,"Bag of Marbles":6,"PureWater":0},{"Potion Belt":3,"Darkstone Periapt":4,"Pear":1,"Astrolabe":7,"Ectoplasm":0,"Bag of Marbles":3,"PureWater":0},{"Potion Belt":12,"Darkstone Periapt":17,"Pear":4,"Astrolabe":35,"Ectoplasm":0,"Bag of Marbles":12,"PureWater":0}]},"card_choices":[{"not_picked":["Prostrate","FlyingSleeves"],"picked":"ReachHeaven","floor":4},{"not_picked":["Worship","ClearTheMind"],"picked":"FollowUp","floor":6},{"not_picked":["SashWhip","Study"],"picked":"Conclude","floor":10},{"not_picked":["ClearTheMind","SignatureMove"],"picked":"LessonLearned","floor":12},{"not_picked":["SashWhip","Wireheading"],"picked":"Protect","floor":13},{"not_picked":["MasterReality","ConjureBlade"],"picked":"Blasphemy","floor":16}],"player_experience":1370943,"relics_obtained":[{"floor":3,"key":"Pear"},{"floor":6,"key":"Bag of Marbles"},{"floor":9,"key":"Potion Belt"},{"floor":10,"key":"Darkstone Periapt"}],"event_choices":[{"damage_healed":0,"gold_gain":0,"player_choice":"Donut","damage_taken":0,"max_hp_gain":5,"max_hp_loss":0,"event_name":"Big Fish","floor":5,"gold_loss":0},{"cards_removed":["Strike_P"],"damage_healed":0,"gold_gain":0,"player_choice":"Card Removal","damage_taken":0,"max_hp_gain":0,"max_hp_loss":0,"event_name":"The Cleric","floor":8,"gold_loss":75},{"cards_removed":["Strike_P"],"damage_healed":0,"gold_gain":0,"player_choice":"Purged","damage_taken":0,"max_hp_gain":0,"max_hp_loss":0,"event_name":"Purifier","floor":14,"gold_loss":0}],"is_beta":false,"boss_relics":[{"not_picked":["Runic Dome","SlaversCollar"],"picked":"Astrolabe"}],"items_purged_floors":[],"is_endless":false,"potions_floor_spawned":[6,10,13],"killed_by":"3 Byrds","ascension_level":20}}