{"host":"vlqejv0notyktumz","time":1612128543,"event":{"mods":["AchievementEnabler","BaseMod","Colored Map","Colored Powertips","Downfall","Googly Eyes","Minty Spire (QoL Compilation)","StSLib"],"gold_per_floor":[116,136,211,229,229,229,270,283,309,309,309],"floor_reached":10,"language":"ENG","playtime":273,"items_purged":[],"score":102,"play_id":"f5436551-891b-4812-8492-1dd4be181d77","local_time":"20210131152903","is_ascension_mode":true,"campfire_choices":[{"data":"Acrobatics","floor":6,"key":"SMITH"}],"circlet_count":0,"master_deck":["AscendersBane","Strike_G","Strike_G","Strike_G","Strike_G","Strike_G","Defend_G","Defend_G","Defend_G","Defend_G+1","Defend_G","Survivor+1","Neutralize","Concentrate","Acrobatics+1","Dodge and Roll","Cloak And Dagger","Dodge and Roll"],"relics":["Ring of the Snake","Ancient Tea Set","Golden Idol","War Paint","Centennial Puzzle"],"acts_visited":["Exordium"],"potions_floor_usage":[7,7,8,10],"damage_taken":[{"damage":2,"enemies":"Jaw Worm","floor":1,"turns":6},{"damage":0,"enemies":"2 Louse","floor":2,"turns":3},{"damage":0,"enemies":"Small Slimes","floor":4,"turns":3},{"damage":33,"enemies":"Gremlin Nob","floor":7,"turns":4},{"damage":5,"enemies":"Exordium Wildlife","floor":8,"turns":7},{"damage":16,"enemies":"Lagavulin","floor":10,"turns":2}],"seed_played":"3255833487632748146","potions_obtained":[{"floor":1,"key":"Fire Potion"},{"floor":2,"key":"Strength Potion"},{"floor":4,"key":"Energy Potion"},{"floor":7,"key":"CunningPotion"}],"is_trial":false,"path_per_floor":["M","M","?","M","?","R","E","M","T","E"],"character_chosen":"THE_SILENT","items_purchased":[],"campfire_rested":0,"item_purchase_floors":[],"current_hp_per_floor":[61,61,50,50,50,50,17,12,12,0,0],"gold":309,"neow_bonus":"RANDOM_COMMON_RELIC","is_daily":false,"chose_seed":false,"campfire_upgraded":1,"win_rate":0.0,"timestamp":1612128543,"path_taken":["M","M","?","M","?","R","E","M","T","E"],"items_purchased_type":[],"build_version":"2020-12-22","purchased_purges":0,"victory":false,"max_hp_per_floor":[70,70,70,70,65,65,65,65,65,65,65],"card_choices":[{"not_picked":["Deflect","Flying Knee"],"picked":"Concentrate","floor":1},{"not_picked":["Bane","Poisoned Stab"],"picked":"Acrobatics","floor":2},{"not_picked":["Dagger Spray","Backstab"],"picked":"Dodge and Roll","floor":4},{"not_picked":["Blade Dance","Well Laid Plans"],"picked":"Cloak And Dagger","floor":7},{"not_picked":["Blade Dance","Prepared"],"picked":"Dodge and Roll","floor":8}],"player_experience":380231,"relics_obtained":[{"floor":7,"key":"War Paint"},{"floor":9,"key":"Centennial Puzzle"}],"event_choices":[{"damage_healed":0,"gold_gain":75,"player_choice":"Gather Gold","damage_taken":11,"max_hp_gain":0,"max_hp_loss":0,"event_name":"World of Goop","floor":3,"gold_loss":0},{"damage_healed":0,"gold_gain":0,"player_choice":"Lose Max HP","damage_taken":0,"relics_obtained":["Golden Idol"],"max_hp_gain":0,"max_hp_loss":5,"event_name":"Golden Idol","floor":5,"gold_loss":0}],"is_beta":false,"boss_relics":[],"items_purged_floors":[],"is_endless":false,"potions_floor_spawned":[1,2,4,7],"killed_by":"Lagavulin","ascension_level":10}}