{"host":"x205naxbihvu3p76","time":1612079152,"event":{"mods":["AchievementEnabler","BaseMod","Minty Spire (QoL Compilation)","StSLib","SuperFastMode"],"gold_per_floor":[116,116,31,31,50,50,50,89,89,124,139,153,22,22,22,116,116,129,148,171,33,56,56,92,92,92,136,161,185,200,224,224,224,224],"floor_reached":33,"language":"KOR","playtime":667,"items_purged":[],"score":648,"play_id":"557d72d7-c839-4625-aa6d-74ebc304a21c","local_time":"20210131164552","is_ascension_mode":true,"campfire_choices":[{"data":"Zap","floor":6.0,"key":"SMITH"},{"floor":15.0,"key":"REST"},{"floor":23.0,"key":"REST"},{"floor":25.0,"key":"REST"},{"floor":32,"key":"REST"}],"circlet_count":0,"master_deck":["AscendersBane","Strike_B","Strike_B+1","Defend_B","Defend_B","Defend_B","Defend_B","Zap+1","Dualcast","Ball Lightning","Glacier","Undo+1","Ball Lightning","Beam Cell","Electrodynamics","Glacier+1","Core Surge","Chaos+1","Go for the Eyes+1"],"relics":["Cracked Core","NeowsBlessing","Golden Idol","The Courier","Ancient Tea Set","Pocketwatch","DataDisk","Fusion Hammer","Runic Capacitor","Anchor","Vajra"],"acts_visited":["Exordium","TheCity"],"potions_floor_usage":[27,31,33],"damage_taken":[{"damage":0.0,"enemies":"Cultist","floor":1.0,"turns":1.0},{"damage":0.0,"enemies":"Jaw Worm","floor":5.0,"turns":1.0},{"damage":0.0,"enemies":"Lagavulin","floor":8.0,"turns":1.0},{"damage":29.0,"enemies":"Gremlin Nob","floor":10.0,"turns":5.0},{"damage":0.0,"enemies":"2 Louse","floor":11.0,"turns":3.0},{"damage":14.0,"enemies":"Gremlin Gang","floor":12.0,"turns":4.0},{"damage":14.0,"enemies":"Slime Boss","floor":16.0,"turns":7.0},{"damage":1.0,"enemies":"3 Byrds","floor":18.0,"turns":2.0},{"damage":4.0,"enemies":"Spheric Guardian","floor":19.0,"turns":4.0},{"damage":0.0,"enemies":"Snake Plant","floor":20.0,"turns":4.0},{"damage":5.0,"enemies":"Snecko","floor":22.0,"turns":4.0},{"damage":33.0,"enemies":"Slavers","floor":24.0,"turns":3.0},{"damage":22,"enemies":"Gremlin Leader","floor":27,"turns":4},{"damage":19,"enemies":"Cultist and Chosen","floor":28,"turns":4},{"damage":0,"enemies":"Centurion and Healer","floor":29,"turns":3},{"damage":0,"enemies":"Snake Plant","floor":30,"turns":3},{"damage":0,"enemies":"Snecko","floor":31,"turns":4},{"damage":23,"enemies":"Collector","floor":33,"turns":5}],"seed_played":"4553858151705286819","potions_obtained":[{"floor":8.0,"key":"Weak Potion"},{"floor":11.0,"key":"SkillPotion"},{"floor":16.0,"key":"Explosive Potion"},{"floor":19.0,"key":"PotionOfCapacity"},{"floor":29,"key":"Swift Potion"}],"is_trial":false,"path_per_floor":["M","?","$","?","M","R","?","E","T","E","M","M","$","?","R","B",null,"M","M","M","$","M","R","E","R","T","E","M","M","M","M","R","B"],"character_chosen":"DEFECT","items_purchased":["Glacier","DataDisk","Runic Capacitor"],"campfire_rested":4,"item_purchase_floors":[3,13,21],"current_hp_per_floor":[64,64,64,64,64,64,45,45,45,16,16,2,2,2,21,7,50,49,45,45,45,40,59,26,45,45,23,4,4,4,4,23,0,0],"gold":224,"neow_bonus":"THREE_ENEMY_KILL","is_daily":false,"chose_seed":false,"campfire_upgraded":1,"win_rate":0.0,"timestamp":1612079152,"path_taken":["M","?","$","?","M","R","?","E","T","E","M","M","$","?","R","BOSS","M","M","M","$","M","R","E","R","T","E","?","M","M","M","R","BOSS"],"items_purchased_type":["Card","Relic","Relic"],"build_version":"2020-12-22","purchased_purges":0,"victory":false,"max_hp_per_floor":[71,64,64,64,64,64,64,64,64,64,64,64,64,64,64,64,64,64,64,64,64,64,64,64,64,64,64,64,64,64,64,64,64,64],"card_choices":[{"not_picked":["Conserve Battery","Sweeping Beam"],"picked":"Ball Lightning","floor":1.0},{"not_picked":["Hologram","Go for the Eyes","Steam Power"],"picked":"SKIP","floor":5.0},{"not_picked":["Buffer","Thunder Strike"],"picked":"Ball Lightning","floor":8.0},{"not_picked":["Aggregate","Compile Driver","Blizzard"],"picked":"SKIP","floor":10.0},{"not_picked":["Streamline","Storm"],"picked":"Beam Cell","floor":11.0},{"not_picked":["Compile Driver","Redo","Reprogram"],"picked":"SKIP","floor":12.0},{"not_picked":["Amplify","Thunder Strike"],"picked":"Electrodynamics","floor":16.0},{"not_picked":["Sweeping Beam","Cold Snap"],"picked":"Glacier+1","floor":18.0},{"not_picked":["Barrage","Force Field","Tempest"],"picked":"SKIP","floor":19.0},{"not_picked":["Hologram","Steam+1","Stack+1"],"picked":"SKIP","floor":20.0},{"not_picked":["Go for the Eyes","Ball Lightning"],"picked":"Core Surge","floor":22.0},{"not_picked":["Storm+1","Turbo","Coolheaded"],"picked":"SKIP","floor":24.0},{"not_picked":["Stack","Genetic Algorithm+1","Heatsinks"],"picked":"SKIP","floor":27},{"not_picked":["Aggregate","Stack","Chaos+1"],"picked":"SKIP","floor":28},{"not_picked":["Aggregate","Stack"],"picked":"Chaos+1","floor":28},{"not_picked":["Go for the Eyes","Force Field","All For One"],"picked":"SKIP","floor":29},{"not_picked":["Stack","Steam"],"picked":"Go for the Eyes+1","floor":30},{"not_picked":["Coolheaded","Chaos+1","Hello World"],"picked":"SKIP","floor":31}],"player_experience":1009002,"relics_obtained":[{"floor":8.0,"key":"The Courier"},{"floor":9.0,"key":"Ancient Tea Set"},{"floor":10.0,"key":"Pocketwatch"},{"floor":24.0,"key":"Anchor"},{"floor":27,"key":"Vajra"}],"event_choices":[{"damage_healed":0.0,"max_hp_gain":0.0,"max_hp_loss":7.0,"gold_gain":0.0,"event_name":"Golden Idol","player_choice":"Lose Max HP","floor":2.0,"gold_loss":0.0,"damage_taken":0.0,"relics_obtained":["Golden Idol"]},{"damage_healed":0.0,"max_hp_gain":0.0,"max_hp_loss":0.0,"gold_gain":0.0,"cards_transformed":["Strike_B"],"event_name":"Living Wall","player_choice":"Change","floor":4.0,"gold_loss":0.0,"damage_taken":0.0,"cards_obtained":["Undo"]},{"damage_healed":0.0,"max_hp_gain":0.0,"max_hp_loss":0.0,"gold_gain":0.0,"event_name":"Shining Light","player_choice":"Entered Light","floor":7.0,"gold_loss":0.0,"damage_taken":19.0,"cards_upgraded":["Undo","Strike_B"]},{"cards_removed":["Strike_B"],"damage_healed":0.0,"max_hp_gain":0.0,"max_hp_loss":0.0,"gold_gain":0.0,"event_name":"Purifier","player_choice":"Purged","floor":14.0,"gold_loss":0.0,"damage_taken":0.0}],"is_beta":false,"boss_relics":[{"not_picked":["FrozenCore","Snecko Eye"],"picked":"Fusion Hammer"}],"items_purged_floors":[],"is_endless":false,"potions_floor_spawned":[8,11,16,18,19,24,29,30],"killed_by":"Collector","ascension_level":20}}