{"host":"m8o7tt929h4qck9e","time":1612094999,"event":{"mods":["Aspiration","BaseMod","Better Third Choice","BetterRewards","Card Forge","Colored Powertips","Conspire","Defuse TimeMaze Blight","Friendly Minions","Hubris","Infinite Spire","Minty Spire (QoL Compilation)","Replay The Spire","Shop Mod","Spicy Shops","StSLib","The Jungle","The Spell Scribe","Transform Curses","??????REMEMod"],"gold_per_floor":[111,111,111,123,136,136,146,146,146,146,158,184,27,27,27,120,120,139,155,155,173,191,191,35,35,35,35,50,50,64,164,236,335,335,348,348,367,367,386,386,386,386,386,404,416,416,434,434,434,434],"floor_reached":51,"language":"ENG","playtime":25651,"items_purged":["theScribe:StarterAttack","theScribe:StarterDefend","theScribe:StarterAttack","theScribe:StarterDefend"],"score":726,"play_id":"96587345-df07-40e7-a2ac-2a278396be5f","local_time":"20210131070959","is_ascension_mode":false,"campfire_choices":[{"data":"Discovery","floor":6.0,"key":"SMITH"},{"data":"theScribe:CapacitanceScroll","floor":10.0,"key":"SMITH"},{"floor":15.0,"key":"REST"},{"data":"theScribe:ForkedBolt","floor":23.0,"key":"SMITH"},{"data":"theScribe:ForkedBolt","floor":40,"key":"SMITH"},{"data":"Flash of Steel","floor":42,"key":"SMITH"},{"data":"REME_AllRoundStrike","floor":46,"key":"SMITH"},{"data":"Flash of Steel","floor":49,"key":"SMITH"}],"circlet_count":0,"master_deck":["theScribe:LightningStrike","theScribe:LightningStrike","theScribe:StarterDefend","theScribe:IcyDefend","theScribe:IcyDefend","theScribe:CapacitanceScroll+1","Discovery+1","Inflame","theScribe:ForkedBolt+1","theScribe:Insight+1","theScribe:ForkedBolt+1","theScribe:ScrollOfScrying","theScribe:Echo","theScribe:MirrorImage+1","Panacea+1","Flash of Steel+1","REME_AllRoundStrike+1","Flash of Steel+1","Parasite"],"relics":["theScribe:StarterRelic1","Hammer of Thor","Seething Fire","Anvil of the Gods","REME_ComplimentaryCards","Tiny Chest","aspiration:HiddenCompartment","hubris:ToyBattleship","Happy Flower","infinitespire:WardingShard","Strawberry","Replay:Rubber Ducky","hubris:Backtick","Quantum Egg","Blood Vial","Membership Card","conspire:DeflatedDodgeball","aspiration:FetidBarrel","StoneCalendar","hubris:Reverence","REME_LowDesire","Replay:Baseball","Centennial Puzzle","hubris:TenFootPole","Snack Pack"],"acts_visited":["Exordium","TheCity","TheBeyond"],"potions_floor_usage":[33,50,50,50],"damage_taken":[{"damage":0.0,"enemies":"Cultist","floor":1.0,"turns":3.0},{"damage":0.0,"enemies":"conspire:RoseBush","floor":4.0,"turns":3.0},{"damage":1.0,"enemies":"Jaw Worm","floor":5.0,"turns":3.0},{"damage":3.0,"enemies":"Large Slime","floor":7.0,"turns":4.0},{"damage":3.0,"enemies":"2 Fungi Beasts","floor":11.0,"turns":2.0},{"damage":12.0,"enemies":"Gremlin Nob","floor":12.0,"turns":4.0},{"damage":17.0,"enemies":"Hexaghost","floor":16.0,"turns":9.0},{"damage":6.0,"enemies":"Shell Parasite","floor":18.0,"turns":5.0},{"damage":0.0,"enemies":"conspire:FuzzyDice","floor":19.0,"turns":4.0},{"damage":18.0,"enemies":"Centurion and Healer","floor":21.0,"turns":5.0},{"damage":3.0,"enemies":"Cultist and Chosen","floor":22.0,"turns":5.0},{"damage":6.0,"enemies":"Snake Plant","floor":28.0,"turns":5.0},{"damage":0.0,"enemies":"Chosen and Byrds","floor":30.0,"turns":5.0},{"damage":0.0,"enemies":"Colosseum Slavers","floor":31.0,"turns":4.0},{"damage":0.0,"enemies":"Colosseum Nobs","floor":31.0,"turns":3.0},{"damage":0,"enemies":"conspire:MysteriousRune","floor":33,"turns":7},{"damage":4,"enemies":"Orb Walker","floor":35,"turns":4},{"damage":2,"enemies":"3 Darklings","floor":37,"turns":4},{"damage":0,"enemies":"Sphere and 2 Shapes","floor":39,"turns":3},{"damage":0,"enemies":"Transient","floor":44,"turns":5},{"damage":0,"enemies":"Spire Growth","floor":45,"turns":3},{"damage":0,"enemies":"Maw","floor":47,"turns":5},{"damage":10,"enemies":"Writhing Mass","floor":48,"turns":4},{"damage":27,"enemies":"infinitespire:MassOfShapes","floor":50,"turns":5}],"seed_played":"-1342924502514358877","potions_obtained":[{"floor":1.0,"key":"Death Potion"},{"floor":5.0,"key":"Swift Potion"},{"floor":11.0,"key":"Energy Potion"},{"floor":12.0,"key":"Energy Potion"},{"floor":18.0,"key":"conspire:TimeTravelPotion"},{"floor":21.0,"key":"Ancient Potion"},{"floor":31.0,"key":"BlessingOfTheForge"},{"floor":33,"key":"Strength Potion"},{"floor":39,"key":"Swift Potion"},{"floor":48,"key":"Dexterity Potion"}],"is_trial":false,"path_per_floor":["M","T","?","M","M","R","M","T","T","R","M","E","$","?","R","B",null,"M","M","AVR","M","M","R","$","?","T","?","M","T","M","?","R","B",null,"M","?","M","?","M","R","T","R","T","M","M","R","M","M","R","B",null],"character_chosen":"THE_SCRIBE","items_purchased":["theScribe:CapacitanceScroll","Discovery","Tiny Chest","aspiration:HiddenCompartment","PowerPotion","Replay:Rubber Ducky","Membership Card"],"campfire_rested":1,"item_purchase_floors":[0,0,0,0,0,13,24],"current_hp_per_floor":[40,40,40,40,39,39,36,36,36,36,33,28,28,28,52,35,82,82,82,82,82,79,79,79,79,79,79,75,75,77,82,82,82,82,78,78,82,82,82,82,82,82,82,82,82,82,82,80,80,63],"gold":434,"neow_bonus":"","is_daily":false,"chose_seed":false,"campfire_upgraded":7,"win_rate":0.0,"timestamp":1612094999,"path_taken":["M","?","?","M","M","R","?","?","T","R","M","E","$","?","R","BOSS","M","M","AVR","M","M","R","$","?","T","?","M","?","M","?","R","BOSS","M","?","M","?","M","R","?","R","T","M","M","R","M","M","R","BOSS"],"items_purchased_type":["Card","Card","Relic","Relic","Potion","Relic","Relic"],"build_version":"2020-12-22","purchased_purges":4,"victory":true,"max_hp_per_floor":[75,75,75,75,75,75,75,75,75,75,75,82,82,82,82,82,82,82,82,82,82,82,82,82,82,82,82,82,82,82,82,82,82,82,82,82,82,82,82,82,82,82,82,82,82,82,82,82,82,82],"card_choices":[{"not_picked":["theScribe:RecklessResponse","theScribe:LightningBolt","theScribe:Overcharge"],"picked":"SKIP","floor":1.0},{"not_picked":["theScribe:FlowLikeWater","theScribe:ThrownScroll","theScribe:QuickStudy"],"picked":"SKIP","floor":4.0},{"not_picked":["theScribe:Divination","theScribe:ToxicSpellstone","theScribe:MirrorImage"],"picked":"SKIP","floor":5.0},{"not_picked":["theScribe:Split","theScribe:CrystalShield"],"picked":"theScribe:SacrificeRitual","floor":7.0},{"not_picked":["theScribe:ArcaneBarrier","theScribe:ThrownScroll","theScribe:Escalation"],"picked":"SKIP","floor":11.0},{"not_picked":["theScribe:MagicMissiles","theScribe:RecklessResponse","theScribe:FrostvenomToxin"],"picked":"SKIP","floor":12.0},{"not_picked":["theScribe:AnomalousTexts","theScribe:Maelstrom"],"picked":"theScribe:ForkedBolt","floor":16.0},{"not_picked":["theScribe:Divination+1","theScribe:ArcaneBarrier","theScribe:InvigoratingStrike+1"],"picked":"SKIP","floor":18.0},{"not_picked":["theScribe:FrostvenomToxin+1","theScribe:ArcaneBarrier+1","theScribe:FalseLife"],"picked":"SKIP","floor":19.0},{"not_picked":["theScribe:MagicMissiles+1","theScribe:ArcaneArcing","theScribe:EnchantedStrike+1"],"picked":"SKIP","floor":21.0},{"not_picked":["theScribe:MagicMissiles","theScribe:FalseLife+1","theScribe:InvigoratingStrike+1"],"picked":"SKIP","floor":22.0},{"not_picked":["theScribe:Divination+1","theScribe:AmplifyingSpellstone","theScribe:TelumSpellstone"],"picked":"SKIP","floor":28.0},{"not_picked":["theScribe:SacrificeRitual","theScribe:Incendio","theScribe:RecklessResponse+1"],"picked":"SKIP","floor":30.0},{"not_picked":["theScribe:BloodMagicks","theScribe:InscribeDeath"],"picked":"theScribe:Echo","floor":33},{"not_picked":["theScribe:CripplingCharge+1","theScribe:MagicMissiles","The Bomb"],"picked":"theScribe:MirrorImage+1","floor":35},{"not_picked":["theScribe:TelumSpellstone","theScribe:ArcaneArcing","theScribe:RecklessResponse"],"picked":"Panacea+1","floor":37},{"not_picked":["theScribe:GlaciesSpellstone+1","theScribe:MagicMissiles+1","theScribe:Overexert"],"picked":"Flash of Steel","floor":39},{"not_picked":["theScribe:GatherComponents","theScribe:Split","theScribe:ArcaneBarrier+1","ReplayTheSpireMod:Necrogeddon"],"picked":"SKIP","floor":44},{"not_picked":["theScribe:GatherComponents","theScribe:Split","theScribe:ArcaneBarrier+1","ReplayTheSpireMod:Necrogeddon"],"picked":"SKIP","floor":44},{"not_picked":["theScribe:PiercingBolts+1","theScribe:IcicleBlast+1","theScribe:ArcaneArcing+1"],"picked":"REME_AllRoundStrike","floor":45},{"not_picked":["theScribe:Frost","theScribe:FocusingBarrier+1","theScribe:WordsOfPower+1"],"picked":"Flash of Steel","floor":47},{"not_picked":["theScribe:SacrificeRitual+1","theScribe:Overcharge","theScribe:WeirdToxin+1","Mind Blast"],"picked":"SKIP","floor":48}],"player_experience":29783,"relics_obtained":[{"floor":2.0,"key":"hubris:ToyBattleship"},{"floor":8.0,"key":"Happy Flower"},{"floor":9.0,"key":"infinitespire:WardingShard"},{"floor":12.0,"key":"Strawberry"},{"floor":26.0,"key":"conspire:DeflatedDodgeball"},{"floor":29.0,"key":"aspiration:FetidBarrel"},{"floor":31.0,"key":"StoneCalendar"},{"floor":31.0,"key":"hubris:Reverence"},{"floor":34,"key":"Replay:Baseball"},{"floor":34,"key":"Centennial Puzzle"},{"floor":41,"key":"hubris:TenFootPole"},{"floor":43,"key":"Snack Pack"}],"event_choices":[{"damage_healed":0.0,"max_hp_gain":0.0,"max_hp_loss":0.0,"gold_gain":0.0,"event_name":"Match and Keep!","player_choice":"2 cards matched","floor":3.0,"gold_loss":0.0,"damage_taken":0.0,"cards_obtained":["theScribe:ForkedBolt","theScribe:Insight"]},{"damage_healed":0.0,"max_hp_gain":0.0,"max_hp_loss":0.0,"gold_gain":0.0,"event_name":"conspire:LoneGhost","player_choice":"Disagree","floor":14.0,"gold_loss":0.0,"damage_taken":0.0},{"damage_healed":0.0,"max_hp_gain":0.0,"max_hp_loss":0.0,"gold_gain":0.0,"event_name":"The Library","player_choice":"Read","floor":25.0,"gold_loss":0.0,"damage_taken":0.0,"cards_obtained":["theScribe:ScrollOfScrying"]},{"cards_removed":["theScribe:StarterModifier"],"damage_healed":0.0,"max_hp_gain":0.0,"max_hp_loss":0.0,"gold_gain":0.0,"event_name":"betterThird:BetterWriting","player_choice":"Elegance","floor":27.0,"gold_loss":0.0,"damage_taken":0.0},{"damage_healed":0.0,"max_hp_gain":0.0,"max_hp_loss":0.0,"gold_gain":0.0,"event_name":"Colosseum","player_choice":"Fight","floor":31.0,"gold_loss":0.0,"damage_taken":0.0},{"damage_healed":0.0,"max_hp_gain":0.0,"max_hp_loss":0.0,"gold_gain":0.0,"event_name":"Colosseum","player_choice":"Fought Nobs","floor":31.0,"gold_loss":0.0,"damage_taken":0.0},{"damage_healed":0,"gold_gain":0,"player_choice":"Ignored","damage_taken":0,"max_hp_gain":0,"max_hp_loss":0,"event_name":"Mysterious Sphere","floor":36,"gold_loss":0},{"cards_removed":["theScribe:SacrificeRitual"],"damage_healed":0,"gold_gain":0,"player_choice":"Removed Attack","damage_taken":0,"max_hp_gain":0,"max_hp_loss":0,"event_name":"Falling","floor":38,"gold_loss":0}],"is_beta":false,"boss_relics":[{"not_picked":["Black Star","REME_DuelDisc"],"picked":"hubris:Backtick"},{"not_picked":["aspiration:RitualDagger","Honey Jar"],"picked":"REME_LowDesire"}],"items_purged_floors":[0,0,0,20],"is_endless":false,"potions_floor_spawned":[1,5,11,12,18,21,31,33,39,48],"ascension_level":0}}