{"host":"whloki2o3dp1b07n","time":1612110294,"event":{"mods":["100% Spire Juice","Abigail Mod","Act Like it!","Arknights","BaseMod","Better Synergies","Block Reminder","CapriCore","Colored Map","Colored Powertips","DNKmod","Evolution","Friendly Minions","GifTheSpireLib","GungeonMod","HexUI Lib","Koishi","Marked Mod","Minty Spire (QoL Compilation)","Poor People Problems","Reliquary","StSLib","Swap Starting Deck Mod","The Bug Knight","The Marked","TheSurvivalist","Transform Curses"],"gold_per_floor":[115,129,148,148,148,148,176,176,176,206,4,19,19,19,19,122,122,139,58,71,83,83,83],"floor_reached":22,"language":"ENG","playtime":1266,"items_purged":[],"score":244,"play_id":"aadd94ad-b72b-47aa-bdff-599aae1da2be","local_time":"20210131112454","is_ascension_mode":false,"campfire_choices":[{"data":"survmod:FlareQuiver","floor":6,"key":"SMITH"},{"floor":8,"key":"REST"},{"data":"survmod:FlashbangShot","floor":13,"key":"SMITH"},{"data":"Bandage Up","floor":15,"key":"SMITH"}],"circlet_count":0,"master_deck":["survmod:Strike","survmod:Strike","survmod:Strike","survmod:Strike","survmod:Defend","survmod:Defend","survmod:Defend","survmod:Defend","survmod:VersatileOffense","survmod:Sprint","survmod:MarkTrap","survmod:FenceTrap","survmod:FlareQuiver+1","survmod:DuckAndFlare","survmod:FocusedFire","survmod:FlashbangTrap","Bandage Up+1","survmod:PinningSnipe","survmod:TwinShot","survmod:FlashbangShot+1","survmod:MarkedForDeath","survmod:AcidArrow","survmod:GoForFace","survmod:PiercingShot","survmod:PoisonTrap","survmod:HiddenTactic+1"],"relics":["survmod:InnateMutation","EVO:Axolotl","NeowsBlessing","Pen Nib","Question Card","Omamori","SlaversCollar"],"acts_visited":["Exordium","TheCity"],"potions_floor_usage":[16,18,20,20,20,20,21],"damage_taken":[{"damage":0,"enemies":"Cultist","floor":1,"turns":1},{"damage":0,"enemies":"2 Louse","floor":2,"turns":1},{"damage":0,"enemies":"Jaw Worm","floor":3,"turns":1},{"damage":29,"enemies":"Lagavulin","floor":7,"turns":11},{"damage":0,"enemies":"HollowMod:MossKnight","floor":10,"turns":7},{"damage":3,"enemies":"Exordium Wildlife","floor":12,"turns":5},{"damage":20,"enemies":"The Guardian","floor":16,"turns":13},{"damage":9,"enemies":"Shell Parasite","floor":18,"turns":6},{"damage":24,"enemies":"3 Byrds","floor":20,"turns":6},{"damage":17,"enemies":"Snake Plant","floor":21,"turns":5},{"damage":29,"enemies":"Sentry and Sphere","floor":22,"turns":4}],"seed_played":"-8211309853143839577","potions_obtained":[{"floor":12,"key":"ColorlessPotion"},{"floor":14,"key":"EntropicBrew"},{"floor":14,"key":"DuplicationPotion"},{"floor":16,"key":"GamblersBrew"},{"floor":20,"key":"Strength Potion"},{"floor":21,"key":"SteroidPotion"}],"is_trial":false,"path_per_floor":["M","M","M","?","?","R","E","R","T","E","$","M","R","?","R","B",null,"M","$","M","M","M"],"character_chosen":"THE_SURVIVOR","items_purchased":["survmod:FlashbangTrap","Bandage Up","survmod:PinningSnipe","survmod:TwinShot","survmod:GoForFace","survmod:PiercingShot"],"campfire_rested":1,"item_purchase_floors":[11,11,11,11,19,19],"current_hp_per_floor":[50,50,50,50,55,55,26,42,42,42,42,43,43,43,43,29,55,51,51,31,20,0,0],"gold":83,"neow_bonus":"THREE_ENEMY_KILL","is_daily":false,"chose_seed":false,"campfire_upgraded":3,"win_rate":0.0,"timestamp":1612110294,"path_taken":["M","M","?","?","?","R","E","R","T","E","?","M","R","?","R","BOSS","M","$","M","M","M"],"items_purchased_type":["Card","Card","Card","Card","Card","Card"],"build_version":"2020-12-22","purchased_purges":0,"victory":false,"max_hp_per_floor":[50,50,50,50,55,55,55,55,55,55,55,55,55,55,55,55,55,55,55,55,55,55,55],"card_choices":[{"not_picked":["survmod:SimpleMutation","survmod:QuickDash"],"picked":"survmod:MarkTrap","floor":1},{"not_picked":["survmod:BearTrap","survmod:FindCover"],"picked":"survmod:FenceTrap","floor":2},{"not_picked":["survmod:FlashbangTrap","survmod:AimForTheLiver"],"picked":"survmod:FlareQuiver","floor":3},{"not_picked":["survmod:OverwhelmingAssault","survmod:ExpertSniper"],"picked":"survmod:DuckAndFlare","floor":7},{"not_picked":["survmod:TrickShot","survmod:AcidTrap","survmod:FenceTrap"],"picked":"survmod:FocusedFire","floor":10},{"not_picked":["survmod:PinningSnipe","survmod:FenceTrap","survmod:UnleashTheTraps"],"picked":"survmod:FlashbangShot","floor":12},{"not_picked":["survmod:ConcussiveShot","survmod:MutantEnergy","survmod:DeadlyAim"],"picked":"survmod:MarkedForDeath","floor":16},{"not_picked":["survmod:BearTrap","survmod:FindCover","survmod:TakeAim"],"picked":"survmod:AcidArrow","floor":18},{"not_picked":["survmod:FenceTrap+1","survmod:PiercingShot","survmod:PinningSnipe"],"picked":"survmod:PoisonTrap","floor":20},{"not_picked":["survmod:FlashbangShot","survmod:LongShot","survmod:PinningSnipe"],"picked":"survmod:HiddenTactic+1","floor":21}],"player_experience":1132485,"relics_obtained":[{"floor":7,"key":"Pen Nib"},{"floor":9,"key":"Question Card"},{"floor":10,"key":"Omamori"}],"event_choices":[{"damage_healed":0,"gold_gain":0,"player_choice":"Ignored","damage_taken":0,"max_hp_gain":0,"max_hp_loss":0,"event_name":"Golden Wing","floor":4,"gold_loss":0},{"damage_healed":0,"gold_gain":0,"player_choice":"Donut","damage_taken":0,"max_hp_gain":5,"max_hp_loss":0,"event_name":"Big Fish","floor":5,"gold_loss":0},{"damage_healed":0,"gold_gain":0,"player_choice":"Got Potions","damage_taken":0,"max_hp_gain":0,"max_hp_loss":0,"event_name":"Lab","floor":14,"gold_loss":0}],"is_beta":false,"boss_relics":[{"not_picked":["Pandora\u0027s Box","SacredBark"],"picked":"SlaversCollar"}],"items_purged_floors":[],"is_endless":false,"potions_floor_spawned":[12,16,20,21],"killed_by":"Sentry and Sphere","ascension_level":0}}