{"host":"2x189hkb4impm2gi","time":1612120555,"event":{"mods":["BaseMod","Colored Map","Colored Powertips","Minty Spire (QoL Compilation)"],"gold_per_floor":[110,110,183,85,96,131,146,174,174,189,204,4,24,36,36,138,138,148,166,41,41,16,16,46,1,27,139,151,198,225,237,237],"floor_reached":31,"language":"ENG","playtime":2530,"items_purged":["Strike_B","Strike_B","Strike_B"],"score":310,"play_id":"a2e5cd5b-6962-44cb-9859-d4a7ee18c9d6","local_time":"20210131141555","is_ascension_mode":false,"campfire_choices":[{"floor":15,"key":"REST"},{"floor":23,"key":"REST"},{"data":"Dualcast","floor":28,"key":"SMITH"}],"circlet_count":0,"master_deck":["Defend_B","Defend_B","Defend_B","Defend_B","Zap","Dualcast+1","Leap","Lockon","Beam Cell","Cold Snap","Redo","Doom and Gloom","Chaos","Loop","Streamline","Compile Driver","Redo","Fusion","Doom and Gloom","Beam Cell","Electrodynamics","Genetic Algorithm","Cold Snap","Compile Driver","Blizzard","Conserve Battery","Darkness","Storm+1"],"relics":["FrozenCore","Gremlin Horn","Dream Catcher","Strawberry","Happy Flower","Question Card","Pen Nib","MawBank","Boot"],"acts_visited":["Exordium","TheCity"],"potions_floor_usage":[13,16,24,24,31],"damage_taken":[{"damage":0,"enemies":"Small Slimes","floor":1,"turns":2},{"damage":0,"enemies":"Jaw Worm","floor":5,"turns":4},{"damage":12,"enemies":"3 Sentries","floor":6,"turns":8},{"damage":0,"enemies":"Cultist","floor":7,"turns":3},{"damage":0,"enemies":"Gremlin Nob","floor":8,"turns":3},{"damage":22,"enemies":"Gremlin Gang","floor":10,"turns":2},{"damage":0,"enemies":"Lots of Slimes","floor":11,"turns":1},{"damage":17,"enemies":"Exordium Thugs","floor":13,"turns":3},{"damage":10,"enemies":"Looter","floor":14,"turns":2},{"damage":28,"enemies":"Hexaghost","floor":16,"turns":9},{"damage":18,"enemies":"2 Thieves","floor":18,"turns":3},{"damage":0,"enemies":"3 Byrds","floor":19,"turns":2},{"damage":42,"enemies":"Slavers","floor":24,"turns":5},{"damage":19,"enemies":"Gremlin Leader","floor":29,"turns":5},{"damage":24,"enemies":"3 Cultists","floor":30,"turns":4},{"damage":16,"enemies":"Centurion and Healer","floor":31,"turns":2}],"seed_played":"5973823919700664336","potions_obtained":[{"floor":5,"key":"EssenceOfSteel"},{"floor":13,"key":"FearPotion"},{"floor":16,"key":"FearPotion"},{"floor":18,"key":"Explosive Potion"},{"floor":19,"key":"Regen Potion"}],"is_trial":false,"path_per_floor":["M","?","T","$","M","E","M","E","T","M","M","$","M","M","R","B",null,"M","M","$","T","$","R","E","$","T","?","R","E","M","M"],"character_chosen":"DEFECT","items_purchased":["Beam Cell","Compile Driver","Redo","Cold Snap","Conserve Battery"],"campfire_rested":2,"item_purchase_floors":[4,12,12,22,25],"current_hp_per_floor":[82,82,82,82,82,70,70,77,77,55,55,55,38,28,54,26,89,71,71,71,71,71,89,59,59,59,59,59,40,16,0,0],"gold":237,"neow_bonus":"TEN_PERCENT_HP_BONUS","is_daily":false,"chose_seed":false,"campfire_upgraded":1,"win_rate":0.0,"timestamp":1612120555,"path_taken":["M","?","?","?","M","E","M","E","T","M","M","$","?","?","R","BOSS","M","?","$","?","?","R","E","$","T","?","R","E","?","M"],"items_purchased_type":["Card","Card","Card","Card","Card"],"build_version":"2020-12-22","purchased_purges":3,"victory":false,"max_hp_per_floor":[82,82,82,82,82,82,82,89,89,89,89,89,89,89,89,89,89,89,89,89,89,89,89,89,89,89,89,89,89,89,89,89],"card_choices":[{"not_picked":["Go for the Eyes","FTL"],"picked":"Leap","floor":1},{"not_picked":["Leap","Hologram"],"picked":"Cold Snap","floor":5},{"not_picked":["Hologram","White Noise"],"picked":"Redo","floor":6},{"not_picked":["Sweeping Beam","Rip and Tear"],"picked":"Doom and Gloom","floor":7},{"not_picked":["Auto Shields","Go for the Eyes"],"picked":"Chaos","floor":8},{"not_picked":["Leap","Thunder Strike"],"picked":"Loop","floor":10},{"not_picked":["BootSequence","Gash"],"picked":"Streamline","floor":11},{"not_picked":["Leap","Coolheaded"],"picked":"Fusion","floor":13},{"not_picked":["Coolheaded","Fusion"],"picked":"Doom and Gloom","floor":14},{"not_picked":["Tempest","Sweeping Beam"],"picked":"Beam Cell","floor":15},{"not_picked":["Machine Learning","Rainbow"],"picked":"Electrodynamics","floor":16},{"not_picked":["Coolheaded","Scrape+1"],"picked":"Genetic Algorithm","floor":18},{"not_picked":["Chaos","Lockon","Steam"],"picked":"SKIP","floor":19},{"not_picked":["Scrape","Hologram","Gash"],"picked":"Compile Driver","floor":23},{"not_picked":["Beam Cell","Reboot","FTL"],"picked":"Blizzard","floor":24},{"not_picked":["Auto Shields","Force Field+1","Compile Driver+1"],"picked":"Darkness","floor":29},{"not_picked":["Hologram","Streamline","Auto Shields"],"picked":"Storm+1","floor":30}],"player_experience":4547,"relics_obtained":[{"floor":3,"key":"Gremlin Horn"},{"floor":6,"key":"Dream Catcher"},{"floor":8,"key":"Strawberry"},{"floor":9,"key":"Happy Flower"},{"floor":21,"key":"Question Card"},{"floor":24,"key":"Pen Nib"},{"floor":26,"key":"MawBank"},{"floor":29,"key":"Boot"}],"event_choices":[{"damage_healed":0,"gold_gain":0,"cards_transformed":["Strike_B"],"player_choice":"Change","damage_taken":0,"max_hp_gain":0,"max_hp_loss":0,"event_name":"Living Wall","floor":2,"gold_loss":0,"cards_obtained":["Lockon"]},{"damage_healed":0,"gold_gain":100,"player_choice":"Pray","damage_taken":0,"max_hp_gain":0,"max_hp_loss":0,"event_name":"Golden Shrine","floor":27,"gold_loss":0}],"is_beta":false,"boss_relics":[{"not_picked":["Snecko Eye","Runic Dome"],"picked":"FrozenCore"}],"items_purged_floors":[4,12,20],"is_endless":false,"potions_floor_spawned":[5,13,16,18,19],"killed_by":"Centurion and Healer","ascension_level":0}}