{"host":"6xsbn6ynqlzwllfm","time":1612070608,"event":{"mods":["2.2 Compatiblity","BaseMod","Bestiary","Colored Map","Colored Powertips","Curses Come First","Highlight Path","Keyboard Shortcuts","Minty Spire (QoL Compilation)","Relic Stats","Slay the Relics Exporter","StSLib","SuperFastMode"],"gold_per_floor":[116,130,145,159,129,154,170,170,170,197,225,53,53,53],"floor_reached":13,"language":"ENG","playtime":368,"items_purged":[],"score":190,"play_id":"7e41f003-1f13-47b8-bf28-136ef9e2c022","local_time":"20210131002328","is_ascension_mode":true,"campfire_choices":[{"data":"Vault","floor":8.0,"key":"SMITH"}],"circlet_count":0,"master_deck":["AscendersBane","Strike_P","Strike_P","Strike_P","Strike_P","Defend_P","Defend_P","Defend_P","Defend_P","Eruption","Vigilance","Prostrate","CarveReality","FearNoEvil","Ragnarok","Vault+1","Prostrate","Omniscience"],"relics":["VioletLotus","Oddly Smooth Stone","Shuriken","Odd Mushroom","White Beast Statue","Bag of Marbles"],"acts_visited":["Exordium"],"potions_floor_usage":[],"damage_taken":[{"damage":0.0,"enemies":"Cultist","floor":1.0,"turns":3.0},{"damage":8.0,"enemies":"Small Slimes","floor":2.0,"turns":8.0},{"damage":4.0,"enemies":"Jaw Worm","floor":3.0,"turns":4.0},{"damage":4.0,"enemies":"Exordium Wildlife","floor":4.0,"turns":4.0},{"damage":15.0,"enemies":"Lagavulin","floor":6.0,"turns":4.0},{"damage":0.0,"enemies":"Looter","floor":7.0,"turns":3.0},{"damage":4.0,"enemies":"The Mushroom Lair","floor":10.0,"turns":4.0},{"damage":5.0,"enemies":"3 Sentries","floor":11.0,"turns":5.0},{"damage":58,"enemies":"Gremlin Nob","floor":13,"turns":3}],"seed_played":"114709420184138076","potions_obtained":[{"floor":1.0,"key":"SteroidPotion"},{"floor":2.0,"key":"SpeedPotion"},{"floor":5.0,"key":"StancePotion"}],"is_trial":false,"path_per_floor":["M","M","M","M","?","E","M","R","T","?","E","$","E"],"character_chosen":"WATCHER","items_purchased":["Bag of Marbles"],"campfire_rested":0,"item_purchase_floors":[12],"current_hp_per_floor":[61,53,49,45,45,30,30,30,30,26,21,21,0,0],"gold":53,"neow_bonus":"BOSS_RELIC","is_daily":false,"chose_seed":false,"campfire_upgraded":1,"win_rate":0.0,"timestamp":1612070608,"path_taken":["M","?","?","M","?","E","?","R","T","?","E","?","E"],"items_purchased_type":["Relic"],"build_version":"2020-12-22","purchased_purges":0,"victory":false,"max_hp_per_floor":[68,68,68,68,68,68,68,68,68,68,68,68,68,68],"relic_stats":{"counters":[9,38],"Shuriken":[1],"VioletLotus":[11],"obtain_stats":[{"Shuriken":9,"Oddly Smooth Stone":6,"VioletLotus":0,"Bag of Marbles":12,"PureWater":0,"Odd Mushroom":10,"White Beast Statue":11},{"Shuriken":6,"Oddly Smooth Stone":5,"VioletLotus":0,"Bag of Marbles":8,"PureWater":0,"Odd Mushroom":7,"White Beast Statue":8},{"Shuriken":26,"Oddly Smooth Stone":23,"VioletLotus":0,"Bag of Marbles":35,"PureWater":0,"Odd Mushroom":30,"White Beast Statue":35}]},"card_choices":[{"not_picked":["EmptyMind","Indignation"],"picked":"Prostrate","floor":1.0},{"not_picked":["Protect","CutThroughFate"],"picked":"CarveReality","floor":2.0},{"not_picked":["CutThroughFate","TalkToTheHand"],"picked":"FearNoEvil","floor":3.0},{"not_picked":["BowlingBash","EmptyFist"],"picked":"Ragnarok","floor":4.0},{"not_picked":["Swivel","EmptyBody"],"picked":"Vault","floor":6.0},{"not_picked":["WindmillStrike","ClearTheMind"],"picked":"Prostrate","floor":7.0},{"not_picked":["CarveReality","Protect"],"picked":"Omniscience","floor":11.0}],"player_experience":1324003,"relics_obtained":[{"floor":6.0,"key":"Oddly Smooth Stone"},{"floor":9.0,"key":"Shuriken"},{"floor":10.0,"key":"Odd Mushroom"},{"floor":11.0,"key":"White Beast Statue"}],"event_choices":[{"damage_healed":0.0,"max_hp_gain":0.0,"max_hp_loss":0.0,"gold_gain":0.0,"event_name":"The Woman in Blue","player_choice":"Bought 2 Potions","floor":5.0,"gold_loss":0.0,"damage_taken":0.0},{"damage_healed":0.0,"max_hp_gain":0.0,"max_hp_loss":0.0,"gold_gain":0.0,"event_name":"Mushrooms","player_choice":"Fought Mushrooms","floor":10.0,"gold_loss":0.0,"damage_taken":0.0}],"is_beta":false,"boss_relics":[],"items_purged_floors":[],"is_endless":false,"potions_floor_spawned":[1,2,6,7],"killed_by":"Gremlin Nob","ascension_level":20}}