{"host":"jumrmhf584hajrnz","time":1612098736,"event":{"mods":["BaseMod","Duelist Mod","GifTheSpireLib","Minty Spire (QoL Compilation)","Quick Restart","StSLib"],"gold_per_floor":[141,141,141,141,40,73,73,85,112,112,131,55,83,95,95,166,166,176,190,237,237,237],"floor_reached":21,"language":"ENG","playtime":1425,"items_purged":[],"score":374,"play_id":"24937695-f9d5-4b25-a833-ce9c9c84faaa","local_time":"20210131141216","is_ascension_mode":true,"campfire_choices":[{"floor":7,"key":"REST"},{"floor":10,"key":"RECALL"},{"floor":15,"key":"REST"}],"circlet_count":0,"master_deck":["theDuelist:SevenColoredFish","theDuelist:SevenColoredFish","theDuelist:AquaSpirit","AscendersBane","theDuelist:CastleWalls+1","theDuelist:CastleWalls","theDuelist:IslandTurtle","theDuelist:IslandTurtle+1","theDuelist:RevivalJam","theDuelist:Sparks","theDuelist:Sparks","theDuelist:ColdEnchanter","theDuelist:BattleOx","theDuelist:AquaSpirit","theDuelist:FishKicks","theDuelist:CatShark","theDuelist:TripodFish","theDuelist:AbyssSoldier","theDuelist:CatShark","theDuelist:Boneheimer","theDuelist:EvigishkiSoulOgre","theDuelist:Boneheimer","theDuelist:AquaSnake+1","theDuelist:Umi"],"relics":["theDuelist:MillenniumPuzzle","theDuelist:CardPoolRelic","theDuelist:CardPoolBasicRelic","theDuelist:BoosterPackPoolRelic","theDuelist:CardPoolAddRelic","theDuelist:CardPoolMinusRelic","theDuelist:CardPoolSaveRelic","theDuelist:CardPoolOptionsRelic","theDuelist:NamelessWarRelicC","theDuelist:YugiMirror","Ancient Tea Set","War Paint","Centennial Puzzle","Runic Pyramid","Turnip","theDuelist:DuelistUrn","Bird Faced Urn"],"acts_visited":["Exordium","TheCity"],"potions_floor_usage":[13,16,20],"damage_taken":[{"damage":11,"enemies":"Cultist","floor":1,"turns":4},{"damage":10,"enemies":"Lagavulin","floor":6,"turns":5},{"damage":9,"enemies":"Jaw Worm","floor":8,"turns":3},{"damage":0,"enemies":"Small Slimes","floor":11,"turns":2},{"damage":17,"enemies":"Gremlin Nob","floor":13,"turns":4},{"damage":10,"enemies":"Gremlin Gang","floor":14,"turns":4},{"damage":9,"enemies":"The Guardian","floor":16,"turns":8},{"damage":0,"enemies":"2 Thieves","floor":18,"turns":2},{"damage":13,"enemies":"Shell Parasite","floor":19,"turns":3},{"damage":0,"enemies":"Shell Parasite","floor":20,"turns":6},{"damage":48,"enemies":"Centurion and Healer","floor":21,"turns":3}],"seed_played":"6130590858628209430","potions_obtained":[{"floor":6,"key":"DistilledChaos"},{"floor":8,"key":"PowerPotion"},{"floor":14,"key":"theDuelist:BurningPotion"},{"floor":19,"key":"PowerPotion"},{"floor":20,"key":"theDuelist:BottledKuriboh"}],"is_trial":false,"path_per_floor":["M","?","?","?","?","E","R","M","T","R","M","$","E","M","R","B",null,"M","M","?","M"],"character_chosen":"THE_DUELIST","items_purchased":["theDuelist:AbyssSoldier"],"campfire_rested":2,"item_purchase_floors":[12],"current_hp_per_floor":[52,52,56,48,48,38,57,48,48,48,48,48,31,21,40,31,56,56,43,43,0,0],"gold":237,"neow_bonus":"ONE_RANDOM_RARE_CARD","is_daily":false,"chose_seed":false,"campfire_upgraded":0,"win_rate":0.0,"timestamp":1612098736,"path_taken":["M","?","?","?","?","E","R","?","T","R","M","$","E","M","R","BOSS","M","M","?","M"],"items_purchased_type":["Card"],"build_version":"2020-12-22","purchased_purges":0,"victory":false,"max_hp_per_floor":[70,70,64,64,64,64,64,64,64,64,64,64,64,64,64,64,64,64,64,64,64,64],"card_choices":[{"not_picked":["theDuelist:LightningVortex","theDuelist:GilfordLegend","theDuelist:GishkiMarker","theDuelist:HammerShot"],"picked":"theDuelist:BattleOx","floor":1},{"not_picked":["theDuelist:DiamondDust","theDuelist:ColdWave","theDuelist:CallAtlanteans","theDuelist:Wetlands"],"picked":"theDuelist:FishKicks","floor":6},{"not_picked":["theDuelist:GraydleEagle","theDuelist:Dorover","theDuelist:DepthShark","theDuelist:BoulderTortoise"],"picked":"theDuelist:CatShark","floor":8},{"not_picked":["theDuelist:AtlanteanAttackSquad","theDuelist:BigWaveSmallWave","theDuelist:CyberShark","theDuelist:AquaactressGuppy"],"picked":"theDuelist:TripodFish","floor":11},{"not_picked":["theDuelist:GraydleEagle","theDuelist:GraydleAlligator","theDuelist:EnchantingMermaid","theDuelist:FishborgPlanter"],"picked":"theDuelist:CatShark","floor":13},{"not_picked":["theDuelist:IslandTurtle","theDuelist:SpearfishSoldier","theDuelist:RageDeepSea","theDuelist:Wingedtortoise"],"picked":"theDuelist:Boneheimer","floor":14},{"not_picked":["theDuelist:TripodFish","theDuelist:TorrentialReborn","theDuelist:SeaLordAmulet","theDuelist:DewlorenTigerKing"],"picked":"theDuelist:EvigishkiSoulOgre","floor":16},{"not_picked":["theDuelist:SpearfishSoldier","theDuelist:LeviairSeaDragon","theDuelist:EagleShark","theDuelist:TerrorkingSalmon"],"picked":"theDuelist:Boneheimer","floor":18},{"not_picked":["theDuelist:AquaactressTetra","theDuelist:Slushy","theDuelist:BoulderTortoise","theDuelist:ColdWave"],"picked":"theDuelist:AquaSnake+1","floor":19},{"not_picked":["theDuelist:DiamondDust","theDuelist:Wetlands+1","theDuelist:WaterHazard","theDuelist:CallAtlanteans"],"picked":"theDuelist:Umi","floor":20}],"player_experience":1648175,"relics_obtained":[{"floor":6,"key":"War Paint"},{"floor":13,"key":"Centennial Puzzle"},{"floor":20,"key":"Turnip"},{"floor":20,"key":"theDuelist:DuelistUrn"},{"floor":20,"key":"Bird Faced Urn"}],"event_choices":[{"damage_healed":0,"gold_gain":0,"player_choice":"Leave","duelist":true,"damage_taken":0,"max_hp_gain":0,"max_hp_loss":0,"event_name":"Tomb of the Nameless","floor":2,"gold_loss":0},{"total_magic_score":17,"gold_gain":0,"duelist":true,"damage_taken":0,"relics_obtained":["theDuelist:NamelessWarRelicC"],"points":7,"war_reward":3,"max_hp_gain":4,"max_hp_loss":10,"spent_points":{"magic":0,"greed":0,"war":3,"power":0,"hunger":4},"event_name":"Nameless Tomb","hunger_reward":4,"floor":3,"gold_loss":0,"cards_obtained":[]},{"damage_healed":0,"gold_gain":0,"player_choice":"Dig - random Duelist relic","duelist":true,"damage_taken":0,"max_hp_gain":0,"max_hp_loss":0,"event_name":"Aknamkanon\u0027s Tomb","floor":4,"gold_loss":0},{"damage_healed":0,"gold_gain":0,"player_choice":"Paid Gold","damage_taken":0,"relics_obtained":["Ancient Tea Set"],"max_hp_gain":0,"max_hp_loss":0,"event_name":"WeMeetAgain","floor":5,"gold_loss":101},{"damage_healed":0,"gold_gain":0,"player_choice":"Fight","duelist":true,"damage_taken":0,"max_hp_gain":0,"max_hp_loss":0,"event_name":"Battle City","floor":20,"gold_loss":0}],"is_beta":false,"boss_relics":[{"not_picked":["theDuelist:MillenniumKey","theDuelist:ElectricKey"],"picked":"Runic Pyramid"}],"items_purged_floors":[],"is_endless":false,"potions_floor_spawned":[6,8,14,19,20],"killed_by":"Centurion and Healer","ascension_level":20}}