{"host":"6xsbn6ynqlzwllfm","time":1612087597,"event":{"mods":["2.2 Compatiblity","BaseMod","Bestiary","Colored Map","Colored Powertips","Curses Come First","Highlight Path","Keyboard Shortcuts","Minty Spire (QoL Compilation)","Relic Stats","Slay the Relics Exporter","StSLib","SuperFastMode"],"gold_per_floor":[113,113,129,148,148,173,173,207,258,258,333,364,433,468,480,567,579,610,121,121,137,137,165,165,190,190,203,220,246,246,246],"floor_reached":30,"language":"ENG","playtime":804,"items_purged":["Strike_P"],"score":728,"play_id":"35b0cbd9-2701-4f7d-941f-0dc569a303ff","local_time":"20210131050637","is_ascension_mode":true,"campfire_choices":[{"data":"BattleHymn","floor":7.0,"key":"SMITH"},{"data":"MasterReality","floor":10.0,"key":"SMITH"},{"data":"FollowUp","floor":15.0,"key":"SMITH"},{"floor":24,"key":"REST"}],"circlet_count":0,"master_deck":["AscendersBane","Strike_P","Strike_P","Strike_P","Defend_P","Defend_P+1","Defend_P","Eruption","Vigilance+1","BattleHymn+1","FollowUp+1","MasterReality+1","Perseverance","Evaluate+1","Blasphemy+1","EmptyMind+1","TalkToTheHand+1","Wish+1","Protect+1","Impatience+1","Omniscience+1","DeusExMachina+1","Consecrate","DeceiveReality+1"],"relics":["PureWater","Bottled Flame","Damaru","PreservedInsect","Pear","Toxic Egg 2","Sozu","Orrery","Happy Flower","Nloth\u0027s Gift","Ginger","War Paint","Pantograph","HornCleat"],"acts_visited":["Exordium","TheCity"],"potions_floor_usage":[],"damage_taken":[{"damage":7.0,"enemies":"Jaw Worm","floor":1.0,"turns":4.0},{"damage":0.0,"enemies":"2 Louse","floor":3.0,"turns":4.0},{"damage":0.0,"enemies":"Small Slimes","floor":4.0,"turns":2.0},{"damage":3.0,"enemies":"Gremlin Nob","floor":6.0,"turns":3.0},{"damage":0.0,"enemies":"Lagavulin","floor":8.0,"turns":4.0},{"damage":15.0,"enemies":"3 Sentries","floor":12.0,"turns":5.0},{"damage":4.0,"enemies":"Gremlin Nob","floor":14.0,"turns":3.0},{"damage":29.0,"enemies":"The Guardian","floor":16.0,"turns":10.0},{"damage":6.0,"enemies":"Spheric Guardian","floor":18.0,"turns":3.0},{"damage":7.0,"enemies":"3 Byrds","floor":21.0,"turns":4.0},{"damage":41,"enemies":"Slavers","floor":23,"turns":5},{"damage":26,"enemies":"Gremlin Leader","floor":25,"turns":3},{"damage":0,"enemies":"Centurion and Healer","floor":27,"turns":4},{"damage":0,"enemies":"Snecko","floor":28,"turns":2},{"damage":0,"enemies":"Book of Stabbing","floor":29,"turns":4},{"damage":8,"enemies":"Snake Plant","floor":30,"turns":1}],"seed_played":"8881935953717196277","potions_obtained":[{"floor":4.0,"key":"Block Potion"},{"floor":6.0,"key":"DistilledChaos"},{"floor":16.0,"key":"BottledMiracle"}],"is_trial":false,"path_per_floor":["M","?","M","M","?","E","R","E","T","R","?","E","T","E","R","B",null,"M","$","?","M","?","E","R","E","T","M","M","E","M"],"character_chosen":"WATCHER","items_purchased":["Orrery","Impatience+1","Happy Flower"],"campfire_rested":1,"item_purchase_floors":[19,19,19],"current_hp_per_floor":[60,53,53,53,53,50,50,50,50,50,39,34,34,30,30,1,63,57,57,57,50,50,9,34,8,8,8,8,8,0,0],"gold":246,"neow_bonus":"TEN_PERCENT_HP_BONUS","is_daily":false,"chose_seed":false,"campfire_upgraded":3,"win_rate":0.0,"timestamp":1612087597,"path_taken":["M","?","M","M","?","E","R","E","T","R","?","E","?","E","R","BOSS","M","$","?","M","?","E","R","E","T","M","M","E","M"],"items_purchased_type":["Relic","Card","Relic"],"build_version":"2020-12-22","purchased_purges":1,"victory":false,"max_hp_per_floor":[74,74,74,74,74,74,74,74,74,74,74,84,84,84,84,84,84,84,84,84,84,84,84,84,84,84,84,84,84,84,84],"relic_stats":{"Sozu":3,"Happy Flower":[7],"counters":[16,61],"Pantograph":0,"PreservedInsect":184,"Nloth\u0027s Gift":3,"Ginger":[0],"War Paint":["Defend_P","Vigilance"],"obtain_stats":[{"Pear":12,"Happy Flower":19,"Damaru":8,"PreservedInsect":9,"Ginger":23,"War Paint":25,"MawBank":14,"Sozu":17,"Bottled Flame":6,"HornCleat":29,"Pantograph":26,"Orrery":19,"Nloth\u0027s Gift":22,"PureWater":0,"Toxic Egg 2":13},{"Pear":6,"Happy Flower":9,"Damaru":5,"PreservedInsect":5,"Ginger":11,"War Paint":12,"MawBank":7,"Sozu":8,"Bottled Flame":4,"HornCleat":15,"Pantograph":12,"Orrery":9,"Nloth\u0027s Gift":10,"PureWater":0,"Toxic Egg 2":6},{"Pear":22,"Happy Flower":38,"Damaru":17,"PreservedInsect":17,"Ginger":47,"War Paint":50,"MawBank":25,"Sozu":35,"Bottled Flame":13,"HornCleat":60,"Pantograph":50,"Orrery":38,"Nloth\u0027s Gift":42,"PureWater":0,"Toxic Egg 2":22}]},"card_choices":[{"not_picked":["FlyingSleeves","Swivel"],"picked":"BattleHymn","floor":3.0},{"not_picked":["WaveOfTheHand","Crescendo"],"picked":"FollowUp","floor":4.0},{"not_picked":["Weave","FollowUp"],"picked":"MasterReality","floor":8.0},{"not_picked":["ClearTheMind","Pray"],"picked":"Perseverance","floor":12.0},{"not_picked":["FlyingSleeves","CutThroughFate"],"picked":"Evaluate+1","floor":14.0},{"not_picked":["Omniscience+1","Alpha+1"],"picked":"Blasphemy+1","floor":16.0},{"not_picked":["CutThroughFate","BowlingBash"],"picked":"EmptyMind+1","floor":19.0},{"not_picked":["CrushJoints","Consecrate"],"picked":"TalkToTheHand+1","floor":19.0},{"not_picked":["BattleHymn","Perseverance+1"],"picked":"Wish+1","floor":19.0},{"not_picked":["Halt+1","ClearTheMind+1"],"picked":"Protect+1","floor":19.0},{"not_picked":["Sanctity+1","Establishment"],"picked":"Omniscience+1","floor":23},{"not_picked":["Protect+1","PathToVictory+1"],"picked":"DeusExMachina+1","floor":25},{"not_picked":["Protect+1","FlurryOfBlows"],"picked":"Consecrate","floor":28},{"not_picked":["JustLucky+1","Judgement+1"],"picked":"DeceiveReality+1","floor":29}],"player_experience":1338140,"relics_obtained":[{"floor":6.0,"key":"Bottled Flame"},{"floor":8.0,"key":"Damaru"},{"floor":9.0,"key":"PreservedInsect"},{"floor":12.0,"key":"Pear"},{"floor":13.0,"key":"Toxic Egg 2"},{"floor":14.0,"key":"MawBank"},{"floor":23,"key":"Ginger"},{"floor":25,"key":"War Paint"},{"floor":26,"key":"Pantograph"},{"floor":29,"key":"HornCleat"}],"event_choices":[{"cards_removed":["Defend_P"],"damage_healed":0.0,"max_hp_gain":0.0,"max_hp_loss":0.0,"gold_gain":0.0,"event_name":"Golden Wing","player_choice":"Card Removal","floor":2.0,"gold_loss":0.0,"damage_taken":7.0},{"damage_healed":0.0,"max_hp_gain":0.0,"max_hp_loss":0.0,"gold_gain":0.0,"event_name":"Liars Game","player_choice":"Ignored","floor":5.0,"gold_loss":0.0,"damage_taken":0.0},{"damage_healed":0.0,"max_hp_gain":0.0,"max_hp_loss":0.0,"gold_gain":75.0,"event_name":"World of Goop","player_choice":"Gather Gold","floor":11.0,"gold_loss":0.0,"damage_taken":11.0},{"damage_healed":0.0,"max_hp_gain":0.0,"max_hp_loss":0.0,"gold_gain":0.0,"event_name":"Vampires","player_choice":"Ignored","floor":20.0,"gold_loss":0.0,"damage_taken":0.0},{"damage_healed":0.0,"max_hp_gain":0.0,"max_hp_loss":0.0,"gold_gain":0.0,"event_name":"N\u0027loth","player_choice":"Traded Relic","floor":22.0,"relics_lost":["MawBank"],"gold_loss":0.0,"damage_taken":0.0,"relics_obtained":["Nloth\u0027s Gift"]}],"is_beta":false,"boss_relics":[{"not_picked":["Pandora\u0027s Box","Philosopher\u0027s Stone"],"picked":"Sozu"}],"items_purged_floors":[19],"is_endless":false,"potions_floor_spawned":[4,6,16,25,28,29],"killed_by":"Snake Plant","ascension_level":20}}