{"host":"x205naxbihvu3p76","time":1612080791,"event":{"mods":["AchievementEnabler","BaseMod","Minty Spire (QoL Compilation)","StSLib","SuperFastMode"],"gold_per_floor":[110,110,133,145,167,206,228,255,267,55,69,101,121,150,150,227,227,241,241,33,46,46,46,75,95,169,169,183,195,4,16,16,87,87,101,120,120,120],"floor_reached":37,"language":"KOR","playtime":967,"items_purged":[],"score":976,"play_id":"19cbc7f6-397e-4162-a5de-52faf5f3b89d","local_time":"20210131171311","is_ascension_mode":true,"campfire_choices":[{"floor":15,"key":"REST"},{"floor":23,"key":"REST"},{"floor":32,"key":"REST"}],"circlet_count":0,"master_deck":["AscendersBane","Strike_B","Strike_B","Defend_B","Defend_B","Defend_B","Defend_B","Zap","Dualcast","Barrage","Leap","Sweeping Beam","Echo Form+1","Cold Snap","Turbo","Loop+1","Biased Cognition+1","Chill","Defragment+1","Cold Snap","Chill","Hologram","Master of Strategy","Compile Driver"],"relics":["FrozenCore","NeowsBlessing","MawBank","Vajra","Frozen Egg 2","Blood Vial","Dream Catcher","Busted Crown","Runic Capacitor","Ornamental Fan","Gremlin Horn"],"acts_visited":["Exordium","TheCity","TheBeyond"],"potions_floor_usage":[14,33,37],"damage_taken":[{"damage":0,"enemies":"Jaw Worm","floor":1,"turns":1},{"damage":0,"enemies":"Small Slimes","floor":5,"turns":1},{"damage":0,"enemies":"Gremlin Nob","floor":6,"turns":1},{"damage":1,"enemies":"Cultist","floor":7,"turns":3},{"damage":0,"enemies":"Large Slime","floor":8,"turns":3},{"damage":6,"enemies":"Blue Slaver","floor":11,"turns":3},{"damage":26,"enemies":"3 Sentries","floor":12,"turns":6},{"damage":0,"enemies":"Red Slaver","floor":13,"turns":3},{"damage":24,"enemies":"Gremlin Nob","floor":14,"turns":4},{"damage":28,"enemies":"Slime Boss","floor":16,"turns":7},{"damage":21,"enemies":"Chosen","floor":18,"turns":7},{"damage":8,"enemies":"Spheric Guardian","floor":21,"turns":4},{"damage":12,"enemies":"Gremlin Leader","floor":24,"turns":6},{"damage":19,"enemies":"Snake Plant","floor":25,"turns":4},{"damage":6,"enemies":"Cultist and Chosen","floor":28,"turns":6},{"damage":6,"enemies":"Centurion and Healer","floor":29,"turns":6},{"damage":0,"enemies":"3 Cultists","floor":31,"turns":6},{"damage":0,"enemies":"Automaton","floor":33,"turns":10},{"damage":0,"enemies":"Orb Walker","floor":35,"turns":5},{"damage":50,"enemies":"3 Darklings","floor":36,"turns":6},{"damage":26,"enemies":"Writhing Mass","floor":37,"turns":3}],"seed_played":"-8044588700560142607","potions_obtained":[{"floor":5,"key":"FocusPotion"},{"floor":11,"key":"LiquidBronze"},{"floor":16,"key":"SkillPotion"},{"floor":21,"key":"FocusPotion"},{"floor":29,"key":"SteroidPotion"},{"floor":36,"key":"FocusPotion"}],"is_trial":false,"path_per_floor":["M","?","T","?","M","E","M","M","T","$","M","E","M","E","R","B",null,"M","?","$","M","?","R","E","M","T","?","M","M","$","M","R","B",null,"M","M","M"],"character_chosen":"DEFECT","items_purchased":["Echo Form+1","Cold Snap","Runic Capacitor","Defragment+1","Master of Strategy"],"campfire_rested":3,"item_purchase_floors":[10,10,20,20,30],"current_hp_per_floor":[64,69,69,69,69,69,68,68,68,68,62,36,38,16,38,12,60,41,41,41,35,35,57,47,30,30,30,26,22,22,24,46,48,69,71,23,0,0],"gold":120,"neow_bonus":"THREE_ENEMY_KILL","is_daily":false,"chose_seed":false,"campfire_upgraded":0,"win_rate":0.0,"timestamp":1612080791,"path_taken":["M","?","?","?","M","E","M","M","T","$","?","E","M","E","R","BOSS","M","?","$","M","?","R","E","M","T","?","M","?","$","M","R","BOSS","M","M","M"],"items_purchased_type":["Card","Card","Relic","Card","Card"],"build_version":"2020-12-22","purchased_purges":0,"victory":false,"max_hp_per_floor":[71,76,76,76,76,76,76,76,76,76,76,76,76,76,76,76,76,76,76,76,76,76,76,76,76,76,76,76,76,76,76,76,76,76,76,76,76,76],"card_choices":[{"not_picked":["Coolheaded","Recycle"],"picked":"Barrage","floor":1},{"not_picked":["Recycle","Hello World"],"picked":"Leap","floor":5},{"not_picked":["Redo","Gash","Darkness"],"picked":"SKIP","floor":6},{"not_picked":["Melter","Rebound","Stack"],"picked":"SKIP","floor":7},{"not_picked":["Darkness","Redo"],"picked":"Sweeping Beam","floor":8},{"not_picked":["Machine Learning+1","Fusion"],"picked":"Turbo","floor":11},{"not_picked":["Turbo","All For One","Barrage"],"picked":"SKIP","floor":12},{"not_picked":["Lockon","Rebound","Compile Driver"],"picked":"SKIP","floor":13},{"not_picked":["Cold Snap","Self Repair+1"],"picked":"Loop+1","floor":14},{"not_picked":["All For One","Rainbow"],"picked":"Biased Cognition+1","floor":16},{"not_picked":["Compile Driver"],"picked":"SKIP","floor":18},{"not_picked":["Stack"],"picked":"SKIP","floor":21},{"not_picked":["Stack"],"picked":"SKIP","floor":21},{"not_picked":["Barrage"],"picked":"SKIP","floor":24},{"not_picked":[],"picked":"Cold Snap","floor":25},{"not_picked":[],"picked":"Chill","floor":28},{"not_picked":[],"picked":"Hologram","floor":29},{"not_picked":["Barrage"],"picked":"SKIP","floor":31},{"not_picked":[],"picked":"Compile Driver","floor":32},{"not_picked":["Auto Shields+1"],"picked":"SKIP","floor":35},{"not_picked":["Steam+1"],"picked":"SKIP","floor":36}],"player_experience":1010212,"relics_obtained":[{"floor":3,"key":"MawBank"},{"floor":6,"key":"Vajra"},{"floor":9,"key":"Frozen Egg 2"},{"floor":12,"key":"Blood Vial"},{"floor":14,"key":"Dream Catcher"},{"floor":24,"key":"Ornamental Fan"},{"floor":26,"key":"Gremlin Horn"}],"event_choices":[{"damage_healed":0,"gold_gain":0,"player_choice":"Donut","damage_taken":0,"max_hp_gain":5,"max_hp_loss":0,"event_name":"Big Fish","floor":2,"gold_loss":0},{"cards_removed":["Strike_B"],"damage_healed":0,"gold_gain":0,"player_choice":"Offered Basic","damage_taken":0,"max_hp_gain":0,"max_hp_loss":0,"event_name":"Bonfire Elementals","floor":4,"gold_loss":0},{"damage_healed":0,"gold_gain":0,"player_choice":"Read","damage_taken":0,"max_hp_gain":0,"max_hp_loss":0,"event_name":"The Library","floor":19,"gold_loss":0,"cards_obtained":["Chill"]},{"damage_healed":0,"gold_gain":0,"player_choice":"Ignored","damage_taken":0,"max_hp_gain":0,"max_hp_loss":0,"event_name":"Cursed Tome","floor":22,"gold_loss":0},{"cards_removed":["Strike_B"],"damage_healed":0,"gold_gain":0,"player_choice":"Purged","damage_taken":0,"max_hp_gain":0,"max_hp_loss":0,"event_name":"Purifier","floor":27,"gold_loss":0}],"is_beta":false,"boss_relics":[{"not_picked":["Inserter","Tiny House"],"picked":"Busted Crown"},{"not_picked":["Runic Dome","Runic Pyramid"],"picked":"FrozenCore"}],"items_purged_floors":[],"is_endless":false,"potions_floor_spawned":[5,11,12,16,21,28,29,36],"killed_by":"Writhing Mass","ascension_level":20}}