{"host":"ve5hox67eka4rdnb","time":1612099443,"event":{"mods":["ATMod(∞¢Ë™Mod)","AchievementEnabler","Act Like it!","BaseMod","Decade(Õı–°√˜)","Downfall","Gensokyo","Hermit","Koishi","Lobotomy","LobotomyExtend","Marisa£®ÏF”Í°°ƒß¿Ì…≥£©","Minty Spire (QoL Compilation)","Reimu£®≤©¿ˆ¡È√Œ£©","Remilia£®¿Ÿ√◊¿Ú—«£©","Replay The Spire","Shop Mod","StSLib","The Construct","The Cursed","The Servant 0.9.4"],"gold_per_floor":[99,99,99,99,152,152,198,233,233,246,246,258,258,268,287,386,486,486,506,662,673,673,689,689,703,525,543,543,543,543,673,689,888,888,688,699,699,710,710,841,864,876,776,794,794,843,977,977,994,1094,1094,1094,1229,544,544,544,644],"floor_reached":58,"language":"ZHS","playtime":3244,"items_purged":["champ:Defend","Amnesia"],"score":1437,"play_id":"18a03d8e-183a-4c4a-89fe-04398fb14b2c","local_time":"20210131212403","is_ascension_mode":false,"campfire_choices":[{"floor":1.0,"key":"RECALL"},{"floor":18.0,"key":"DIG"},{"floor":28.0,"key":"DIG"},{"floor":30.0,"key":"DIG"},{"floor":35.0,"key":"DIG"},{"floor":43.0,"key":"DIG"},{"floor":45,"key":"DIG"},{"floor":55,"key":"DIG"}],"circlet_count":0,"master_deck":["champ:Strike","champ:Strike","champ:Strike","champ:Strike","champ:Defend","champ:Defend","champ:Execute","champ:Taunt","AT_FamilyPortrait+1","champ:Duel","champ:Circumvent","champ:Backstep","champ:GutPunch","champ:BerserkersShout","champ:Haymaker","champ:FancyFootwork","champ:CalledShot","champ:SteelEdge","champ:GutPunch","champ:EndlessRage","champ:EnragedBash","champ:Backstep+1","champ:UltimateStance","Necronomicurse","champ:TripleStrike","champ:ArenaPreparation+1","champ:DefensiveShout","champ:FocusedBerserking+1","champ:StrikeOfGenius","champ:TripleStrike"],"relics":["champ:ChampionCrown","AT_ATBox","downfall:HeartsMalice","LetterFromLob","Replay:Mystery Machine","AT_BladeRuinedKing","Shovel","downfall:ShatteredFragment","champ:LiftRelic","Replay:Wanted Poster","Art of War","The Courier","ClockworkSouvenir","AT_TheCollector","Necronomicon","AT_DeathDance","Durian","construct:ClawGrip","downfall:HeartBlessingRed","downfall:HeartBlessingGreen","AT_ChloranthyRing","ReplayTheSpireMod:Ring of Exchange","Ring of Fangs","Bird Faced Urn","downfall:HeartBlessingBlue","MealTicket","ReplayFunnel","Incense Burner","Ginger","Toy Ornithopter","DollysMirror","champ:DefensiveTrainingManual","Du-Vu Doll","Pet Ghost","Iron Hammer"],"acts_visited":["Exordium","TheCity","TheBeyond","TheEnding"],"potions_floor_usage":[46,47,53,56,56,56,57],"damage_taken":[{"damage":0.0,"enemies":"2 Louse","floor":2.0,"turns":1.0},{"damage":0.0,"enemies":"Jaw Worm","floor":3.0,"turns":1.0},{"damage":0.0,"enemies":"Small Slimes","floor":6.0,"turns":1.0},{"damage":10.0,"enemies":"3 Sentries","floor":8.0,"turns":5.0},{"damage":4.0,"enemies":"3 Louse","floor":10.0,"turns":3.0},{"damage":10.0,"enemies":"Exordium Wildlife","floor":12.0,"turns":2.0},{"damage":0.0,"enemies":"Lots of Slimes","floor":13.0,"turns":1.0},{"damage":10.0,"enemies":"2 Fungi Beasts","floor":14.0,"turns":2.0},{"damage":0.0,"enemies":"Red Slaver","floor":15.0,"turns":1.0},{"damage":18.0,"enemies":"IC_STATUS_ARCHETYPE","floor":16.0,"turns":5.0},{"damage":10.0,"enemies":"Spheric Guardian","floor":19.0,"turns":2.0},{"damage":35.0,"enemies":"downfall:FleeingMerchant","floor":20.0,"turns":4.0},{"damage":15.0,"enemies":"Chosen","floor":21.0,"turns":3.0},{"damage":40.0,"enemies":"Centurion and Healer","floor":23.0,"turns":5.0},{"damage":25.0,"enemies":"Chosen and Byrds","floor":25.0,"turns":4.0},{"damage":24.0,"enemies":"Cultist and Chosen","floor":27.0,"turns":4.0},{"damage":23.0,"enemies":"Gremlin Leader","floor":31.0,"turns":3.0},{"damage":30.0,"enemies":"Snake Plant","floor":32.0,"turns":2.0},{"damage":12.0,"enemies":"WA_ARCHETYPE_CALM","floor":33.0,"turns":3.0},{"damage":33.0,"enemies":"3 Darklings","floor":36.0,"turns":4.0},{"damage":0.0,"enemies":"Orb Walker","floor":38.0,"turns":2.0},{"damage":47.0,"enemies":"R_Hoarder","floor":40.0,"turns":5.0},{"damage":32.0,"enemies":"Jaw Worm Horde","floor":42.0,"turns":3.0},{"damage":65,"enemies":"3 Darklings","floor":44,"turns":3},{"damage":53,"enemies":"2 Orb Walkers","floor":46,"turns":2},{"damage":51,"enemies":"Giant Head","floor":47,"turns":4},{"damage":32,"enemies":"Transient","floor":49,"turns":3},{"damage":18,"enemies":"SI_POISON_ARCHETYPE","floor":50,"turns":5},{"damage":67,"enemies":"downfall:CharBossMerchant","floor":53,"turns":6},{"damage":53,"enemies":"downfall:NeowBoss","floor":56,"turns":9},{"damage":47,"enemies":"downfall:NeowBossFinal","floor":57,"turns":6}],"seed_played":"605176415372704704","potions_obtained":[{"floor":8.0,"key":"Adrenaline Potion"},{"floor":10.0,"key":"SmokeBomb"},{"floor":12.0,"key":"GamblersBrew"},{"floor":14.0,"key":"champ:TechniquePotion"},{"floor":16.0,"key":"SkillPotion"},{"floor":19.0,"key":"champ:UltimateStancePotion"},{"floor":25.0,"key":"BlessingOfTheForge"},{"floor":27.0,"key":"bronze:BurnAndBuffPotion"},{"floor":32.0,"key":"Fruit Juice"},{"floor":38.0,"key":"Death Potion"},{"floor":42.0,"key":"Fire Potion"},{"floor":44,"key":"EntropicBrew"},{"floor":46,"key":"Explosive Potion"},{"floor":47,"key":"Death Potion"}],"is_trial":false,"path_per_floor":["R","M","M","?","T","M","T","E","?","M","?","M","M","M","M","B",null,"R","M","$","M","?","M","T","M","$","M","R","?","R","E","M","B",null,"R","M","?","M","?","E","T","M","R","M","R","?","E","?","M","B",null,null,"E","$","R","B","B",null],"character_chosen":"THE_CHAMP","items_purchased":["champ:EndlessRage","ClockworkSouvenir","champ:UltimateStance","DollysMirror","champ:DefensiveTrainingManual","Du-Vu Doll","Pet Ghost"],"campfire_rested":0,"item_purchase_floors":[20,26,26,54,54,54,54],"current_hp_per_floor":[90,90,90,90,90,90,90,90,63,59,59,59,59,59,59,41,90,90,90,90,90,90,75,75,65,65,61,61,45,45,47,52,50,100,100,97,97,97,89,92,92,77,87,74,74,78,82,82,87,110,110,110,110,110,110,110,110],"gold":644,"neow_bonus":"THREE_ENEMY_KILL","is_daily":false,"chose_seed":false,"campfire_upgraded":0,"win_rate":0.0,"timestamp":1612099443,"path_taken":["R","M","M","?","?","M","T","E","?","M","?","M","M","?","M","BOSS","R","M","?","M","?","?","T","M","$","?","R","?","R","E","M","BOSS","R","M","?","M","?","E","T","M","R","?","R","?","E","?","M","BOSS","E","$","R","BOSS","BOSS"],"items_purchased_type":["Card","Relic","Card","Relic","Relic","Relic","Relic"],"build_version":"2020-12-22","purchased_purges":2,"victory":true,"max_hp_per_floor":[90,90,90,90,90,90,90,90,90,90,90,90,90,90,90,90,90,90,90,90,90,90,90,90,90,90,90,90,90,90,95,100,100,100,100,100,100,100,100,100,100,100,110,110,110,110,110,110,110,110,110,110,110,110,110,110,110],"card_choices":[{"not_picked":["champ:Shatter","champ:GutPunch"],"picked":"champ:Duel","floor":2.0},{"not_picked":["champ:ShieldWall","champ:AdrenalArmor"],"picked":"champ:Circumvent","floor":3.0},{"not_picked":["champ:PerfectedStrike","champ:BerserkersShout"],"picked":"champ:Backstep","floor":6.0},{"not_picked":["champ:Circumvent","champ:EnragedBash"],"picked":"champ:GutPunch","floor":8.0},{"not_picked":["champ:PerfectedStrike","champ:BladeFlurry"],"picked":"champ:BerserkersShout","floor":10.0},{"not_picked":["champ:ShieldWall","champ:TornadoPunch"],"picked":"champ:Haymaker","floor":12.0},{"not_picked":["champ:Circumvent","champ:FanOfKnives"],"picked":"champ:FancyFootwork","floor":14.0},{"not_picked":["champ:GladiatorStyle","champ:SetATrap"],"picked":"champ:CalledShot","floor":15.0},{"not_picked":["champ:UltimateStance","champ:ShieldThrow"],"picked":"champ:SteelEdge","floor":16.0},{"not_picked":["champ:TornadoPunch+1","champ:BladeFlurry","champ:CrownThrow"],"picked":"SKIP","floor":19.0},{"not_picked":["champ:AdrenalArmor+1","champ:Lariat"],"picked":"champ:GutPunch","floor":20.0},{"not_picked":["champ:CrownThrow","champ:AdrenalArmor","champ:BladeFlurry"],"picked":"SKIP","floor":21.0},{"not_picked":["champ:Lariat","champ:GutPunch"],"picked":"champ:EnragedBash","floor":23.0},{"not_picked":["champ:Haymaker+1","champ:GutPunch"],"picked":"champ:Backstep","floor":25.0},{"not_picked":["champ:FocusedDefense","champ:EnGarde","champ:CrownThrow"],"picked":"SKIP","floor":27.0},{"not_picked":["champ:BerserkersShout+1","champ:Lariat"],"picked":"champ:PreciseThrust+1","floor":31.0},{"not_picked":["champ:AdrenalArmor","champ:PerfectedStrike+1","champ:BladeFlurry"],"picked":"SKIP","floor":32.0},{"not_picked":["champ:DancingMaster","champ:Improvising"],"picked":"champ:TripleStrike","floor":33.0},{"not_picked":["champ:CrookedStrike","champ:AdrenalArmor+1","champ:GladiatorStyle+1"],"picked":"SKIP","floor":36.0},{"not_picked":["champ:PreemptiveStrike","champ:Lariat","champ:PreciseThrust"],"picked":"SKIP","floor":38.0},{"not_picked":["champ:BerserkersShout","champ:Encircle","champ:FlashCut+1"],"picked":"SKIP","floor":40.0},{"not_picked":["champ:Shatter+1","champ:Haymaker+1","champ:FanOfKnives"],"picked":"SKIP","floor":42.0},{"not_picked":["champ:FlashCut+1","champ:Circumvent"],"picked":"champ:ArenaPreparation+1","floor":44},{"not_picked":["champ:Circumvent+1","champ:SteelEdge"],"picked":"champ:DefensiveShout","floor":46},{"not_picked":["champ:FocusedDefense","champ:GladiatorForm"],"picked":"champ:FocusedBerserking+1","floor":47},{"not_picked":["champ:GutPunch","champ:FanOfKnives+1","champ:Circumvent+1"],"picked":"SKIP","floor":49},{"not_picked":["champ:Encircle+1","champ:ShieldSlam"],"picked":"champ:StrikeOfGenius","floor":53}],"player_experience":184814,"relics_obtained":[{"floor":2.0,"key":"LetterFromLob"},{"floor":5.0,"key":"Replay:Mystery Machine"},{"floor":7.0,"key":"AT_BladeRuinedKing"},{"floor":8.0,"key":"Shovel"},{"floor":18.0,"key":"Art of War"},{"floor":24.0,"key":"The Courier"},{"floor":28.0,"key":"AT_TheCollector"},{"floor":29.0,"key":"Necronomicon"},{"floor":30.0,"key":"AT_DeathDance"},{"floor":31.0,"key":"Durian"},{"floor":35.0,"key":"AT_ChloranthyRing"},{"floor":37.0,"key":"ReplayTheSpireMod:Ring of Exchange"},{"floor":37.0,"key":"Ring of Fangs"},{"floor":40.0,"key":"Bird Faced Urn"},{"floor":43.0,"key":"MealTicket"},{"floor":45,"key":"ReplayFunnel"},{"floor":46,"key":"Incense Burner"},{"floor":47,"key":"Ginger"},{"floor":53,"key":"Toy Ornithopter"},{"floor":55,"key":"Iron Hammer"}],"event_choices":[{"damage_healed":0,"gold_gain":0,"player_choice":"Fight","damage_taken":0,"max_hp_gain":0,"max_hp_loss":0,"event_name":"Mysterious Sphere","floor":46,"gold_loss":0},{"cards_removed":["champ:PreciseThrust"],"damage_healed":0,"gold_gain":0,"player_choice":"Removed Attack","damage_taken":0,"max_hp_gain":0,"max_hp_loss":0,"event_name":"Falling","floor":48,"gold_loss":0}],"is_beta":false,"boss_relics":[{"not_picked":["construct:WeddingRing","SacredBark"],"picked":"Replay:Wanted Poster"},{"not_picked":["Abe\u0027s Treasure","Fusion Hammer"],"picked":"construct:ClawGrip"}],"items_purged_floors":[20,54],"is_endless":false,"potions_floor_spawned":[8,10,12,14,16,19,25,27,32,38,42,44,46,47],"ascension_level":0}}