{"host":"aqym1xxr3lb31d9m","time":1612064493,"event":{"mods":["BaseMod","Block Reminder","Colored Map","Colored Powertips","DeckTracker","Highlight Path","Minty Spire (QoL Compilation)","Quick Restart","Random Character Button","StSLib","SuperFastMode","UnlockEverythingMod"],"gold_per_floor":[111,124,144,144,144,144,158,171,171,204,222,222,233,233,233],"floor_reached":14,"language":"JPN","playtime":465,"items_purged":[],"score":188,"play_id":"e137112d-c98e-4c27-9fd2-da1f6d7217a5","local_time":"20210131124133","is_ascension_mode":true,"campfire_choices":[{"data":"Zap","floor":6,"key":"SMITH"},{"data":"Rainbow","floor":12,"key":"SMITH"}],"circlet_count":0,"master_deck":["AscendersBane","Strike_B","Strike_B","Strike_B","Defend_B","Defend_B","Defend_B","Defend_B","Zap+1","Dualcast","Compile Driver","Undo","Scrape+1","Sweeping Beam","Ball Lightning","Rainbow+1","BootSequence","Fusion"],"relics":["Philosopher\u0027s Stone","Lantern","MealTicket"],"acts_visited":["Exordium"],"potions_floor_usage":[8,14],"damage_taken":[{"damage":7,"enemies":"2 Louse","floor":1,"turns":3},{"damage":2,"enemies":"Cultist","floor":2,"turns":3},{"damage":0,"enemies":"Jaw Worm","floor":3,"turns":3},{"damage":4,"enemies":"Blue Slaver","floor":7,"turns":3},{"damage":18,"enemies":"Exordium Thugs","floor":8,"turns":6},{"damage":14,"enemies":"Lagavulin","floor":10,"turns":6},{"damage":7,"enemies":"2 Fungi Beasts","floor":11,"turns":2},{"damage":0,"enemies":"Blue Slaver","floor":13,"turns":3},{"damage":32,"enemies":"Gremlin Nob","floor":14,"turns":3}],"seed_played":"878977234663896761","potions_obtained":[{"floor":2,"key":"Regen Potion"},{"floor":11,"key":"EssenceOfSteel"},{"floor":13,"key":"DistilledChaos"}],"is_trial":false,"path_per_floor":["M","M","M","?","?","R","M","M","T","E","M","R","M","E"],"character_chosen":"DEFECT","items_purchased":[],"campfire_rested":0,"item_purchase_floors":[],"current_hp_per_floor":[57,55,55,55,55,55,51,48,48,34,27,27,27,0,0],"gold":233,"neow_bonus":"BOSS_RELIC","is_daily":false,"chose_seed":false,"campfire_upgraded":2,"win_rate":0.0,"timestamp":1612064493,"path_taken":["M","M","M","?","?","R","M","M","T","E","M","R","?","E"],"items_purchased_type":[],"build_version":"2020-12-22","purchased_purges":0,"victory":false,"max_hp_per_floor":[71,71,71,71,71,71,71,71,71,71,71,71,71,71,71],"card_choices":[{"not_picked":["Turbo","Hologram"],"picked":"Compile Driver","floor":1},{"not_picked":["Go for the Eyes","Hologram"],"picked":"Undo","floor":2},{"not_picked":["Barrage","Turbo"],"picked":"Scrape","floor":3},{"not_picked":["Coolheaded","Auto Shields"],"picked":"Sweeping Beam","floor":7},{"not_picked":["Conserve Battery","Self Repair"],"picked":"Ball Lightning","floor":8},{"not_picked":["Thunder Strike","Redo"],"picked":"Rainbow","floor":10},{"not_picked":["Aggregate","Streamline"],"picked":"BootSequence","floor":11},{"not_picked":["Streamline","Aggregate"],"picked":"Fusion","floor":13}],"player_experience":4138137,"relics_obtained":[{"floor":9,"key":"Lantern"},{"floor":10,"key":"MealTicket"}],"event_choices":[{"damage_healed":0,"gold_gain":0,"player_choice":"Grow","damage_taken":0,"max_hp_gain":0,"max_hp_loss":0,"event_name":"Living Wall","floor":4,"gold_loss":0,"cards_upgraded":["Scrape"]},{"cards_removed":["Strike_B"],"damage_healed":0,"gold_gain":0,"player_choice":"Offered Basic","damage_taken":0,"max_hp_gain":0,"max_hp_loss":0,"event_name":"Bonfire Elementals","floor":5,"gold_loss":0}],"is_beta":false,"boss_relics":[],"items_purged_floors":[],"is_endless":false,"potions_floor_spawned":[2,11,13],"killed_by":"Gremlin Nob","ascension_level":20}}