{"host":"6xsbn6ynqlzwllfm","time":1612073326,"event":{"mods":["2.2 Compatiblity","BaseMod","Bestiary","Colored Map","Colored Powertips","Curses Come First","Highlight Path","Keyboard Shortcuts","Minty Spire (QoL Compilation)","Relic Stats","Slay the Relics Exporter","StSLib","SuperFastMode"],"gold_per_floor":[118,118,7,7,7,19,45,56,56,70,97,112,12,22,22,94,94,107,125,145,20,20,49,49,49],"floor_reached":24,"language":"ENG","playtime":679,"items_purged":["Writhe","Strike_P","Defend_P"],"score":606,"play_id":"663d0e2d-2a94-4dee-8232-7ddf8f78bc8c","local_time":"20210131010846","is_ascension_mode":true,"campfire_choices":[{"data":"Tantrum","floor":15.0,"key":"SMITH"}],"circlet_count":0,"master_deck":["AscendersBane","Strike_P","Strike_P","Strike_P","Defend_P","Defend_P","Defend_P","Eruption","Vigilance","MasterReality","BowlingBash","BattleHymn+1","TalkToTheHand","EmptyFist","DeceiveReality","Tantrum+1","Fasting2","WheelKick","Ragnarok","FearNoEvil+1","Wallop","Wallop"],"relics":["PureWater","Incense Burner","Blue Candle","Matryoshka","Omamori","Velvet Choker","Strawberry"],"acts_visited":["Exordium","TheCity"],"potions_floor_usage":[19,23],"damage_taken":[{"damage":5.0,"enemies":"Small Slimes","floor":1.0,"turns":4.0},{"damage":8.0,"enemies":"2 Louse","floor":6.0,"turns":2.0},{"damage":12.0,"enemies":"3 Sentries","floor":7.0,"turns":6.0},{"damage":0.0,"enemies":"Cultist","floor":8.0,"turns":2.0},{"damage":17.0,"enemies":"Gremlin Gang","floor":10.0,"turns":6.0},{"damage":0.0,"enemies":"Gremlin Nob","floor":11.0,"turns":3.0},{"damage":0.0,"enemies":"Large Slime","floor":12.0,"turns":4.0},{"damage":1.0,"enemies":"3 Louse","floor":14.0,"turns":4.0},{"damage":0.0,"enemies":"Slime Boss","floor":16.0,"turns":5.0},{"damage":7.0,"enemies":"3 Byrds","floor":18.0,"turns":4.0},{"damage":19,"enemies":"Shell Parasite","floor":19,"turns":5},{"damage":20,"enemies":"Shelled Parasite and Fungi","floor":20,"turns":4},{"damage":6,"enemies":"Book of Stabbing","floor":23,"turns":4}],"seed_played":"-6117772983739477151","potions_obtained":[{"floor":6.0,"key":"Regen Potion"},{"floor":7.0,"key":"GamblersBrew"},{"floor":10.0,"key":"Fire Potion"},{"floor":14.0,"key":"EssenceOfSteel"},{"floor":16.0,"key":"Ancient Potion"},{"floor":20,"key":"Strength Potion"},{"floor":23,"key":"Dexterity Potion"}],"is_trial":false,"path_per_floor":["M","?","$","?","?","M","E","M","T","M","E","M","$","M","R","B",null,"M","M","M","$","?","E","?"],"character_chosen":"WATCHER","items_purchased":["BattleHymn"],"campfire_rested":0,"item_purchase_floors":[3],"current_hp_per_floor":[56,61,61,50,50,42,45,45,45,28,28,28,28,27,27,27,62,55,36,16,16,16,17,0,0],"gold":49,"neow_bonus":"THREE_RARE_CARDS","is_daily":false,"chose_seed":false,"campfire_upgraded":1,"win_rate":0.0,"timestamp":1612073326,"path_taken":["M","?","$","?","?","M","E","M","T","M","E","?","$","M","R","BOSS","M","?","M","$","?","E","?"],"items_purchased_type":["Card"],"build_version":"2020-12-22","purchased_purges":3,"victory":false,"max_hp_per_floor":[68,73,73,73,73,73,73,73,73,73,73,73,73,73,73,73,73,73,73,73,73,73,80,85,85],"relic_stats":{"counters":[13,53],"Blue Candle":[0],"obtain_stats":[{"Matryoshka":9,"Blue Candle":7,"Strawberry":23,"Velvet Choker":17,"Incense Burner":4,"Omamori":11,"PureWater":0},{"Matryoshka":4,"Blue Candle":3,"Strawberry":13,"Velvet Choker":9,"Incense Burner":1,"Omamori":6,"PureWater":0},{"Matryoshka":14,"Blue Candle":12,"Strawberry":53,"Velvet Choker":36,"Incense Burner":4,"Omamori":23,"PureWater":0}]},"card_choices":[{"not_picked":["Judgement","DeusExMachina"],"picked":"MasterReality","floor":0.0},{"not_picked":["JustLucky","Evaluate"],"picked":"BowlingBash","floor":1.0},{"not_picked":["Prostrate","Halt"],"picked":"TalkToTheHand","floor":6.0},{"not_picked":["WindmillStrike","ConjureBlade"],"picked":"EmptyFist","floor":7.0},{"not_picked":["JustLucky","SashWhip"],"picked":"DeceiveReality","floor":8.0},{"not_picked":["Crescendo","Protect","PathToVictory"],"picked":"SKIP","floor":10.0},{"not_picked":["FlurryOfBlows","ConjureBlade"],"picked":"Tantrum","floor":11.0},{"not_picked":["Wireheading","Prostrate"],"picked":"Fasting2","floor":12.0},{"not_picked":["Adaptation","Worship"],"picked":"WheelKick","floor":14.0},{"not_picked":["ConjureBlade","MasterReality"],"picked":"Ragnarok","floor":16.0},{"not_picked":["ClearTheMind","EmptyBody"],"picked":"FearNoEvil+1","floor":19},{"not_picked":["BowlingBash","WheelKick"],"picked":"Wallop","floor":20},{"not_picked":["FlurryOfBlows","ClearTheMind"],"picked":"Wallop","floor":23}],"player_experience":1326048,"relics_obtained":[{"floor":7.0,"key":"Blue Candle"},{"floor":9.0,"key":"Matryoshka"},{"floor":11.0,"key":"Omamori"},{"floor":23,"key":"Strawberry"}],"event_choices":[{"damage_healed":0.0,"max_hp_gain":5.0,"max_hp_loss":0.0,"gold_gain":0.0,"event_name":"Big Fish","player_choice":"Donut","floor":2.0,"gold_loss":0.0,"damage_taken":0.0},{"damage_healed":0.0,"max_hp_gain":0.0,"max_hp_loss":0.0,"gold_gain":0.0,"event_name":"Scrap Ooze","player_choice":"Success","floor":4.0,"gold_loss":0.0,"damage_taken":11.0,"relics_obtained":["Incense Burner"]},{"damage_healed":0.0,"max_hp_gain":0.0,"max_hp_loss":0.0,"gold_gain":0.0,"event_name":"Upgrade Shrine","player_choice":"Upgraded","floor":5.0,"gold_loss":0.0,"damage_taken":0.0,"cards_upgraded":["BattleHymn"]},{"damage_healed":0,"gold_gain":0,"player_choice":"Ignored","damage_taken":0,"max_hp_gain":0,"max_hp_loss":0,"event_name":"Cursed Tome","floor":22,"gold_loss":0}],"is_beta":false,"boss_relics":[{"not_picked":["SacredBark","VioletLotus"],"picked":"Velvet Choker"}],"items_purged_floors":[3,13,21],"is_endless":false,"potions_floor_spawned":[6,7,10,14,16,20,23],"ascension_level":20}}