{"host":"dcj2yvrgcvh5dl2s","time":1612073365,"event":{"mods":["BaseMod","Bestiary","Better Note","Block Reminder","Colored Powertips","Curses Come First","DeckTracker","Minty Spire (QoL Compilation)","Quick Restart","Rare Cards Sparkle","Relic Stats","StSLib"],"gold_per_floor":[114,129,24,44,9,9,37,37,37,37,78,107,116,189,189,189,189],"floor_reached":16,"language":"ENG","playtime":748,"items_purged":["Strike_R"],"score":216,"play_id":"ef2bef9d-b1ff-47cd-b712-53fd1b6059ab","local_time":"20210131160925","is_ascension_mode":true,"campfire_choices":[{"data":"True Grit","floor":6,"key":"SMITH"},{"data":"Flex","floor":8,"key":"SMITH"},{"data":"Flex","floor":10,"key":"SMITH"},{"floor":15,"key":"REST"}],"circlet_count":0,"master_deck":["AscendersBane","Strike_R","Strike_R","Strike_R","Strike_R","Defend_R","Defend_R","Defend_R","Defend_R","Bash","Flex+1","True Grit+1","Flex+1","Heavy Blade","Sword Boomerang","Clothesline","Cleave","Parasite","Sword Boomerang"],"relics":["Burning Blood","NeowsBlessing","Self Forming Clay","CeramicFish","Darkstone Periapt","Akabeko"],"acts_visited":["Exordium"],"potions_floor_usage":[7,14],"damage_taken":[{"damage":0,"enemies":"Cultist","floor":1,"turns":1},{"damage":0,"enemies":"Jaw Worm","floor":2,"turns":1},{"damage":0,"enemies":"2 Louse","floor":4,"turns":1},{"damage":41,"enemies":"3 Sentries","floor":7,"turns":13},{"damage":8,"enemies":"Gremlin Nob","floor":11,"turns":3},{"damage":5,"enemies":"2 Fungi Beasts","floor":12,"turns":3},{"damage":59,"enemies":"Lagavulin Event","floor":14,"turns":9},{"damage":37,"enemies":"Slime Boss","floor":16,"turns":7}],"seed_played":"687538003044149090","potions_obtained":[{"floor":1,"key":"Weak Potion"},{"floor":2,"key":"Fire Potion"}],"is_trial":false,"path_per_floor":["M","M","$","M","?","R","E","R","T","R","E","M","?","?","R","B"],"character_chosen":"IRONCLAD","items_purchased":["Flex"],"campfire_rested":1,"item_purchase_floors":[3],"current_hp_per_floor":[74,75,75,75,75,75,40,40,40,40,38,39,63,10,34,0,0],"gold":189,"neow_bonus":"THREE_ENEMY_KILL","is_daily":false,"chose_seed":false,"campfire_upgraded":3,"win_rate":0.0,"timestamp":1612073365,"path_taken":["M","?","$","M","?","R","E","R","T","R","E","M","?","?","R","BOSS"],"items_purchased_type":["Card"],"build_version":"2020-12-22","purchased_purges":1,"victory":false,"max_hp_per_floor":[75,75,75,75,75,75,75,75,75,75,75,75,81,81,81,81,81],"relic_stats":{"Darkstone Periapt":6,"counters":[8,38],"Self Forming Clay":[24],"CeramicFish":36,"obtain_stats":[{"Darkstone Periapt":11,"NeowsBlessing":0,"Self Forming Clay":7,"CeramicFish":9,"Burning Blood":0,"Akabeko":14},{"Darkstone Periapt":5,"NeowsBlessing":0,"Self Forming Clay":4,"CeramicFish":4,"Burning Blood":0,"Akabeko":7},{"Darkstone Periapt":19,"NeowsBlessing":0,"Self Forming Clay":16,"CeramicFish":16,"Burning Blood":0,"Akabeko":31}],"Burning Blood":31},"card_choices":[{"not_picked":["Combust","Inflame"],"picked":"Flex","floor":1},{"not_picked":["Havoc","Twin Strike"],"picked":"True Grit","floor":2},{"not_picked":["Perfected Strike","Sword Boomerang"],"picked":"Heavy Blade","floor":4},{"not_picked":["Blood for Blood","Anger"],"picked":"Sword Boomerang","floor":7},{"not_picked":["Bludgeon","Demon Form"],"picked":"Clothesline","floor":11},{"not_picked":["Intimidate","Body Slam"],"picked":"Cleave","floor":12},{"not_picked":["Dark Embrace","Flex"],"picked":"Sword Boomerang","floor":14}],"player_experience":2312163,"relics_obtained":[{"floor":7,"key":"Self Forming Clay"},{"floor":9,"key":"CeramicFish"},{"floor":11,"key":"Darkstone Periapt"},{"floor":14,"key":"Akabeko"}],"event_choices":[{"damage_healed":18,"gold_gain":0,"player_choice":"Healed","damage_taken":0,"max_hp_gain":0,"max_hp_loss":0,"event_name":"The Cleric","floor":5,"gold_loss":35},{"damage_healed":18,"gold_gain":0,"player_choice":"Healed and dodged fight","damage_taken":0,"max_hp_gain":0,"max_hp_loss":0,"event_name":"Mushrooms","floor":13,"gold_loss":0,"cards_obtained":["Parasite"]},{"damage_healed":0,"gold_gain":0,"player_choice":"Searched \u00272\u0027 times","damage_taken":0,"max_hp_gain":0,"max_hp_loss":0,"event_name":"Dead Adventurer","floor":14,"gold_loss":0}],"is_beta":false,"boss_relics":[],"items_purged_floors":[3],"is_endless":false,"potions_floor_spawned":[1,2,4],"killed_by":"Slime Boss","ascension_level":20}}