{"host":"7iv10lxbxedtd0qh","time":1612133462,"event":{"mods":["BaseMod","Colored Map","Colored Powertips","Downfall","Minty Spire (QoL Compilation)","StSLib"],"gold_per_floor":[0,18,18,34,49,75,130,140,40,53,53,72,72,57,70,173,173,173,186,186,386,402,420,420,420,438,458,472,472,472,485,505,604,604,604,618,629,99,110,110,110,110,138,223,242,592,603,635,655,655],"floor_reached":51,"language":"ENG","playtime":2656,"items_purged":["sneckomod:Strike","sneckomod:Unknown"],"score":842,"play_id":"2a42b486-b6ad-4554-a558-e5a82c4672ee","local_time":"20210131235102","is_ascension_mode":false,"campfire_choices":[{"data":"sneckomod:TailWhip","floor":1,"key":"SMITH"},{"data":"sneckomod:DiceBoulder","floor":9,"key":"SMITH"},{"data":"sneckomod:DiceBoulder+1","floor":11,"key":"SMITH"},{"data":"sneckomod:DiceBoulder+2","floor":13,"key":"SMITH"},{"data":"sneckomod:DiceBoulder+3","floor":18,"key":"SMITH"},{"data":"sneckomod:DiceBoulder+4","floor":25,"key":"SMITH"},{"floor":29,"key":"REST"},{"data":"sneckomod:DiceBoulder+5","floor":35,"key":"SMITH"}],"circlet_count":0,"master_deck":["sneckomod:Defend","sneckomod:Defend","sneckomod:Defend","sneckomod:TailWhip+1","sneckomod:SnekBite","sneckomod:Unknown","sneckomod:QuickMove","sneckomod:UnknownExhaust","sneckomod:DiceBoulder+6","sneckomod:QuickMove","sneckomod:Cheat","Necronomicurse","expansioncontent:PrepareCrush"],"relics":["sneckomod:SneckoSoul","bronze:BronzeIdol","Anchor","downfall:HeartBlessingGreen","SacredBark","Bottled Flame","Necronomicon","SlaversCollar","FossilizedHelix","Lantern","Oddly Smooth Stone","Lee\u0027s Waffle","Old Coin","Singing Bowl"],"acts_visited":["Exordium","TheCity","TheBeyond"],"potions_floor_usage":[22,23,33,36,36,50,50,50],"damage_taken":[{"damage":1,"enemies":"Cultist","floor":2,"turns":4},{"damage":3,"enemies":"Small Slimes","floor":4,"turns":4},{"damage":2,"enemies":"2 Louse","floor":5,"turns":3},{"damage":11,"enemies":"Gremlin Nob","floor":6,"turns":5},{"damage":2,"enemies":"2 Fungi Beasts","floor":8,"turns":3},{"damage":0,"enemies":"Red Slaver","floor":10,"turns":2},{"damage":0,"enemies":"3 Louse","floor":12,"turns":3},{"damage":1,"enemies":"downfall:FleeingMerchant","floor":14,"turns":4},{"damage":0,"enemies":"2 Fungi Beasts","floor":15,"turns":2},{"damage":23,"enemies":"IC_STATUS_ARCHETYPE","floor":16,"turns":9},{"damage":3,"enemies":"Shell Parasite","floor":19,"turns":6},{"damage":13,"enemies":"3 Byrds","floor":22,"turns":6},{"damage":28,"enemies":"Centurion and Healer","floor":23,"turns":5},{"damage":0,"enemies":"Snecko","floor":26,"turns":3},{"damage":17,"enemies":"Snake Plant","floor":27,"turns":3},{"damage":0,"enemies":"Chosen and Byrds","floor":28,"turns":2},{"damage":11,"enemies":"3 Cultists","floor":31,"turns":7},{"damage":0,"enemies":"Shelled Parasite and Fungi","floor":32,"turns":3},{"damage":9,"enemies":"SI_MIRROR_ARCHETYPE","floor":33,"turns":4},{"damage":34,"enemies":"3 Darklings","floor":36,"turns":6},{"damage":29,"enemies":"3 Shapes","floor":37,"turns":5},{"damage":0,"enemies":"downfall:FleeingMerchant","floor":38,"turns":4},{"damage":0,"enemies":"Maw","floor":39,"turns":4},{"damage":0,"enemies":"Nemesis","floor":43,"turns":5},{"damage":0,"enemies":"downfall:FleeingMerchant","floor":44,"turns":1},{"damage":0,"enemies":"4 Shapes","floor":45,"turns":4},{"damage":16,"enemies":"4 Shapes","floor":46,"turns":4},{"damage":0,"enemies":"Spire Growth","floor":47,"turns":2},{"damage":18,"enemies":"Giant Head","floor":48,"turns":8},{"damage":0,"enemies":"Sphere and 2 Shapes","floor":49,"turns":5},{"damage":0,"enemies":"WA_ARCHETYPE_DIVINITY","floor":50,"turns":4}],"seed_played":"-561016527366023555","potions_obtained":[{"floor":4,"key":"SkillPotion"},{"floor":6,"key":"PowerPotion"},{"floor":15,"key":"Weak Potion"},{"floor":23,"key":"Explosive Potion"},{"floor":33,"key":"Explosive Potion"},{"floor":39,"key":"sneckomod:MuddlingPotion"},{"floor":45,"key":"BlessingOfTheForge"},{"floor":48,"key":"LiquidMemories"},{"floor":49,"key":"FearPotion"}],"is_trial":false,"path_per_floor":["R","M","?","M","M","E","T","M","R","M","R","M","R","$","M","B",null,"R","M","?","?","M","M","T","R","M","M","M","R","?","M","M","B",null,"R","M","M","$","M","?","T","?","E","$","M","?","M","E","M","B",null],"character_chosen":"THE_SNECKO","items_purchased":["FossilizedHelix","Lantern","Lee\u0027s Waffle"],"campfire_rested":1,"item_purchase_floors":[38,38,44],"current_hp_per_floor":[90,89,89,86,84,73,73,71,71,71,71,71,71,70,70,47,90,90,87,69,69,56,28,28,28,28,11,11,39,23,12,12,3,95,95,61,32,32,32,32,32,32,33,102,102,86,86,70,72,72],"gold":655,"neow_bonus":"REMOVE_TWO","is_daily":false,"chose_seed":false,"campfire_upgraded":7,"win_rate":0.0,"timestamp":1612133462,"path_taken":["R","?","?","M","M","E","T","M","R","M","R","M","R","$","M","BOSS","R","M","?","?","M","?","T","R","M","M","M","R","?","M","M","BOSS","R","M","M","$","M","?","T","?","E","?","M","?","M","E","M","BOSS"],"items_purchased_type":["Relic","Relic","Relic"],"build_version":"2020-12-22","purchased_purges":2,"victory":true,"max_hp_per_floor":[90,90,90,90,90,90,90,90,90,90,90,90,90,90,90,90,90,90,90,95,95,95,95,95,95,95,95,95,95,95,95,95,95,95,95,95,95,95,95,95,95,95,95,102,102,102,102,104,106,106],"card_choices":[{"not_picked":["sneckomod:DiceCrush","sneckomod:UnendingSupply"],"picked":"sneckomod:QuickMove","floor":2},{"not_picked":["sneckomod:DiceCrush","sneckomod:QuickBite"],"picked":"sneckomod:RainOfDice","floor":4},{"not_picked":["sneckomod:QuickMove","sneckomod:UnknownCommonAttack"],"picked":"sneckomod:UnknownExhaust","floor":5},{"not_picked":["sneckomod:SerpentIdol","sneckomod:UnknownVulnerable"],"picked":"sneckomod:DiceBoulder","floor":6},{"not_picked":["sneckomod:SoulCleanse","sneckomod:UnknownCommonSkill","sneckomod:QuickBite"],"picked":"SKIP","floor":8},{"not_picked":["sneckomod:Unknown1Cost","sneckomod:WideSting"],"picked":"sneckomod:QuickMove","floor":10},{"not_picked":["sneckomod:MasterEye","sneckomod:SnekBeam","sneckomod:CheapStock"],"picked":"SKIP","floor":12},{"not_picked":["sneckomod:WideSting","sneckomod:Nope","sneckomod:UnendingSupply"],"picked":"SKIP","floor":14},{"not_picked":["sneckomod:UnknownDraw","sneckomod:UnknownUncommonPower","sneckomod:QuickMove"],"picked":"SKIP","floor":15},{"not_picked":["sneckomod:Unknown2Cost","sneckomod:UnknownClassPURPLE","sneckomod:QuickMove"],"picked":"SKIP","floor":19},{"not_picked":["sneckomod:UnknownClassPURPLE","sneckomod:DiceCrush+1","sneckomod:ImprovisedGuard"],"picked":"SKIP","floor":22},{"not_picked":["sneckomod:DiceCrush","sneckomod:UnknownVulnerable","sneckomod:SoulDraw+1"],"picked":"SKIP","floor":23},{"not_picked":["sneckomod:Unknown1Cost+1","sneckomod:ImprovisedAttack","sneckomod:WideSting"],"picked":"SKIP","floor":26},{"not_picked":["sneckomod:ImprovisedGuard+1","sneckomod:SoulCleanse"],"picked":"sneckomod:Cheat","floor":27},{"not_picked":["sneckomod:WideSting+1","sneckomod:IronFang","sneckomod:Unknown1Cost"],"picked":"SKIP","floor":28},{"not_picked":["sneckomod:WideSting+1","sneckomod:IronFang","sneckomod:Unknown1Cost"],"picked":"SKIP","floor":28},{"not_picked":["sneckomod:Unknown2Cost","sneckomod:UnknownUncommonPower","sneckomod:UnknownClassTHE_CHAMP_GRAY"],"picked":"SKIP","floor":31},{"not_picked":["sneckomod:DiceBoulder","sneckomod:UnknownClassTHE_CHAMP_GRAY+1","sneckomod:UnknownStrike+1"],"picked":"SKIP","floor":32},{"not_picked":["sneckomod:Nope","sneckomod:UnknownClassRED","sneckomod:DiceBlock"],"picked":"SKIP","floor":36},{"not_picked":["sneckomod:UnknownCommonSkill+1","sneckomod:UnknownClassRED","sneckomod:QuickBite"],"picked":"SKIP","floor":37},{"not_picked":["sneckomod:UnknownUncommonPower","sneckomod:SoulDraw","sneckomod:UnknownUncommonAttack+1"],"picked":"SKIP","floor":38},{"not_picked":["sneckomod:SnakeSap","sneckomod:WideSting+1","sneckomod:RainOfDice+1"],"picked":"SKIP","floor":39},{"not_picked":["expansioncontent:GuardianWhirl","expansioncontent:InvincibleStrength"],"picked":"expansioncontent:PrepareCrush","floor":42},{"not_picked":["sneckomod:TrashToTreasure","sneckomod:DiceCrush","sneckomod:Unknown1Cost"],"picked":"SKIP","floor":43},{"not_picked":["sneckomod:Unknown1Cost+1","sneckomod:Unknown0Cost","sneckomod:UnknownWeak"],"picked":"SKIP","floor":44},{"not_picked":["sneckomod:WideSting+1","sneckomod:SnekBeam+1","sneckomod:ImprovisedGuard"],"picked":"SKIP","floor":45},{"not_picked":["sneckomod:UnknownClassTHE_CHAMP_GRAY","sneckomod:Nope","sneckomod:Rotation"],"picked":"SKIP","floor":47},{"not_picked":["sneckomod:UnknownClassRED","sneckomod:CheapStock","sneckomod:Nope+1"],"picked":"Singing Bowl","floor":48},{"not_picked":["sneckomod:SoulCleanse","sneckomod:UnknownDraw","sneckomod:UnknownUncommonPower"],"picked":"Singing Bowl","floor":49}],"player_experience":774480,"relics_obtained":[{"floor":6,"key":"bronze:BronzeIdol"},{"floor":7,"key":"Anchor"},{"floor":24,"key":"Bottled Flame"},{"floor":30,"key":"Necronomicon"},{"floor":43,"key":"Oddly Smooth Stone"},{"floor":46,"key":"Old Coin"},{"floor":48,"key":"Singing Bowl"}],"event_choices":[{"damage_healed":0,"gold_gain":200,"player_choice":"Gold","damage_taken":0,"max_hp_gain":0,"max_hp_loss":0,"event_name":"Wheel of Change","floor":21,"gold_loss":0},{"cards_removed":["sneckomod:RainOfDice"],"damage_healed":0,"gold_gain":0,"player_choice":"Removed Attack","damage_taken":0,"max_hp_gain":0,"max_hp_loss":0,"event_name":"Falling","floor":40,"gold_loss":0}],"is_beta":false,"boss_relics":[{"not_picked":["Tiny House","bronze:MakeshiftBattery"],"picked":"SacredBark"},{"not_picked":["Pandora\u0027s Box","Velvet Choker"],"picked":"SlaversCollar"}],"items_purged_floors":[38,44],"is_endless":false,"potions_floor_spawned":[4,6,15,16,19,23,33,39,45,48,49],"ascension_level":0}}