{"host":"dw8ij7emqco3quom","time":1612085091,"event":{"mods":["BaseMod","Minty Spire (QoL Compilation)"],"gold_per_floor":[114,43,62,76,92,92,127,127,202,202,218,218,218,168,168,266,266,282,242,252,252,252],"floor_reached":21,"language":"FRA","playtime":1265,"items_purged":[],"score":242,"play_id":"f7df740c-55b7-4531-9371-b0ed9d90de3d","local_time":"20210131102451","is_ascension_mode":true,"campfire_choices":[{"data":"Seeing Red","floor":6.0,"key":"SMITH"},{"floor":10.0,"key":"REST"},{"floor":12.0,"key":"REST"},{"data":"Fire Breathing","floor":15.0,"key":"SMITH"}],"circlet_count":0,"master_deck":["Strike_R","Strike_R","Strike_R","Strike_R","Defend_R","Defend_R","Defend_R+1","Defend_R","Bash","Twin Strike","Fire Breathing+1","Seeing Red+1","Disarm","Rampage","Shrug It Off","Pommel Strike","Impervious","Flex+1","Blood for Blood+1"],"relics":["Burning Blood","Omamori","StoneCalendar","Shuriken","Black Star"],"acts_visited":["Exordium","TheCity"],"potions_floor_usage":[21],"damage_taken":[{"damage":6.0,"enemies":"Cultist","floor":1.0,"turns":3.0},{"damage":3.0,"enemies":"Small Slimes","floor":3.0,"turns":4.0},{"damage":11.0,"enemies":"Jaw Worm","floor":4.0,"turns":4.0},{"damage":9.0,"enemies":"Looter","floor":5.0,"turns":4.0},{"damage":56.0,"enemies":"Gremlin Nob","floor":7.0,"turns":5.0},{"damage":16.0,"enemies":"Exordium Wildlife","floor":11.0,"turns":5.0},{"damage":62.0,"enemies":"Hexaghost","floor":16.0,"turns":10.0},{"damage":40.0,"enemies":"Shell Parasite","floor":18.0,"turns":7.0},{"damage":18,"enemies":"Chosen","floor":20,"turns":6},{"damage":37,"enemies":"3 Cultists","floor":21,"turns":6}],"seed_played":"-8652833405124449619","potions_obtained":[{"floor":11.0,"key":"Swift Potion"},{"floor":16.0,"key":"Regen Potion"},{"floor":18.0,"key":"Weak Potion"}],"is_trial":false,"path_per_floor":["M","$","M","M","M","R","E","?","T","R","M","R","?","?","R","B",null,"M","?","M","M"],"character_chosen":"IRONCLAD","items_purchased":["Fire Breathing"],"campfire_rested":2,"item_purchase_floors":[2],"current_hp_per_floor":[72,72,75,70,67,67,17,17,17,41,31,55,75,75,75,19,65,46,46,34,0,0],"gold":252,"neow_bonus":"RANDOM_COMMON_RELIC","is_daily":false,"chose_seed":false,"campfire_upgraded":2,"win_rate":0.0,"timestamp":1612085091,"path_taken":["M","?","M","M","M","R","E","?","T","R","M","R","?","?","R","BOSS","M","?","?","?"],"items_purchased_type":["Card"],"build_version":"2020-12-22","purchased_purges":0,"victory":false,"max_hp_per_floor":[80,80,80,80,80,80,80,80,80,80,80,80,80,80,80,80,80,80,80,80,80,80],"card_choices":[{"not_picked":["Havoc","Body Slam"],"picked":"Twin Strike","floor":1.0},{"not_picked":["Clash","Sentinel"],"picked":"Seeing Red","floor":3.0},{"not_picked":["Anger","Body Slam"],"picked":"Disarm","floor":4.0},{"not_picked":["Pommel Strike","Pummel"],"picked":"Rampage","floor":5.0},{"not_picked":["Armaments","Clash"],"picked":"Shrug It Off","floor":7.0},{"not_picked":["Sword Boomerang","Iron Wave"],"picked":"Pommel Strike","floor":11.0},{"not_picked":["Demon Form","Feed"],"picked":"Impervious","floor":16.0},{"not_picked":["Second Wind","Twin Strike"],"picked":"Flex","floor":18.0},{"not_picked":["Carnage","Feel No Pain"],"picked":"Blood for Blood+1","floor":20}],"player_experience":693775,"relics_obtained":[{"floor":7.0,"key":"StoneCalendar"},{"floor":9.0,"key":"Shuriken"}],"event_choices":[{"damage_healed":0.0,"max_hp_gain":0.0,"max_hp_loss":0.0,"gold_gain":0.0,"event_name":"Liars Game","player_choice":"Ignored","floor":8.0,"gold_loss":0.0,"damage_taken":0.0},{"damage_healed":20.0,"max_hp_gain":0.0,"max_hp_loss":0.0,"gold_gain":0.0,"event_name":"Mushrooms","player_choice":"Healed and dodged fight","floor":13.0,"gold_loss":0.0,"damage_taken":0.0,"cards_obtained":["Parasite"]},{"cards_removed":["Strike_R"],"damage_healed":0.0,"max_hp_gain":0.0,"max_hp_loss":0.0,"gold_gain":0.0,"event_name":"The Cleric","player_choice":"Card Removal","floor":14.0,"gold_loss":50.0,"damage_taken":0.0},{"damage_healed":0.0,"max_hp_gain":0.0,"max_hp_loss":0.0,"gold_gain":0.0,"event_name":"Designer","player_choice":"Upgraded Two","floor":19.0,"gold_loss":40.0,"damage_taken":0.0,"cards_upgraded":["Defend_R","Flex"]}],"is_beta":false,"boss_relics":[{"not_picked":["Runic Pyramid","Philosopher\u0027s Stone"],"picked":"Black Star"}],"items_purged_floors":[],"is_endless":false,"potions_floor_spawned":[11,16,18],"killed_by":"3 Cultists","ascension_level":7}}