{"host":"nwd160me4iqdtr8u","time":1612074754,"event":{"mods":["AchievementEnabler","Act Like it!","BaseMod","Colored Map","DeckTracker","Keyboard Shortcuts","Minty Spire (QoL Compilation)","Quick Restart","Rare Cards Sparkle","StSLib","SuperFastMode","everything is the same but u backflip on backflip"],"gold_per_floor":[116,116,26,37,52,52,62,62,86,105,52,52,90,90,90,183,183,202,127,127,142,163,163,163,163],"floor_reached":24,"language":"KOR","playtime":673,"items_purged":[],"score":343,"play_id":"2e437426-5a04-4070-986c-55296dbf8196","local_time":"20210131153234","is_ascension_mode":true,"campfire_choices":[{"data":"Bouncing Flask","floor":6.0,"key":"SMITH"},{"data":"Catalyst","floor":8.0,"key":"SMITH"},{"data":"Tactician","floor":15.0,"key":"SMITH"},{"data":"Ghostly","floor":23.0,"key":"SMITH"}],"circlet_count":0,"master_deck":["AscendersBane","Strike_G","Strike_G+1","Strike_G+1","Defend_G","Defend_G","Defend_G","Defend_G","Defend_G","Survivor","Neutralize","Tactician+1","Flash of Steel","Eviscerate","Bouncing Flask+1","Catalyst+1","PiercingWail","Backflip","Cloak And Dagger","Night Terror","Ghostly+1","Ghostly","Ghostly","Dodge and Roll+1"],"relics":["Ring of the Snake","Whetstone","Pen Nib","Golden Idol","Snake Skull","SlaversCollar"],"acts_visited":["Exordium","TheCity"],"potions_floor_usage":[],"damage_taken":[{"damage":3.0,"enemies":"2 Louse","floor":1.0,"turns":3.0},{"damage":0.0,"enemies":"Cultist","floor":4.0,"turns":5.0},{"damage":3.0,"enemies":"Jaw Worm","floor":5.0,"turns":4.0},{"damage":9.0,"enemies":"Blue Slaver","floor":7.0,"turns":3.0},{"damage":7.0,"enemies":"Large Slime","floor":10.0,"turns":5.0},{"damage":16.0,"enemies":"Lagavulin","floor":13.0,"turns":4.0},{"damage":6.0,"enemies":"Hexaghost","floor":16.0,"turns":6.0},{"damage":6.0,"enemies":"Chosen","floor":18.0,"turns":3.0},{"damage":4.0,"enemies":"2 Thieves","floor":21.0,"turns":4.0},{"damage":11.0,"enemies":"Shelled Parasite and Fungi","floor":22.0,"turns":5.0},{"damage":18,"enemies":"Gremlin Leader","floor":24,"turns":6}],"seed_played":"5741423738087807601","potions_obtained":[{"floor":4.0,"key":"Strength Potion"},{"floor":5.0,"key":"FearPotion"},{"floor":7.0,"key":"SpeedPotion"},{"floor":16.0,"key":"Swift Potion"},{"floor":21.0,"key":"Weak Potion"}],"is_trial":false,"path_per_floor":["M","?","$","M","M","R","M","R","T","M","$","?","E","?","R","B",null,"M","?","?","M","M","R","E"],"character_chosen":"THE_SILENT","items_purchased":["Flash of Steel","Backflip"],"campfire_rested":0,"item_purchase_floors":[3,11],"current_hp_per_floor":[56,56,56,56,53,53,44,44,44,37,37,37,21,26,26,20,54,48,48,32,28,17,17,0,0],"gold":163,"neow_bonus":"RANDOM_COMMON_RELIC","is_daily":false,"chose_seed":false,"campfire_upgraded":4,"win_rate":0.0,"timestamp":1612074754,"path_taken":["M","?","?","?","M","R","M","R","T","M","$","?","E","?","R","BOSS","M","?","?","M","M","R","E"],"items_purchased_type":["Card","Card"],"build_version":"2020-12-22","purchased_purges":0,"victory":false,"max_hp_per_floor":[66,66,66,66,66,66,66,66,66,66,66,60,60,65,65,65,65,65,65,32,32,32,32,32,32],"card_choices":[{"not_picked":["Dagger Spray","Poisoned Stab"],"picked":"Tactician","floor":1.0},{"not_picked":["Dagger Spray","Slice"],"picked":"Eviscerate","floor":4.0},{"not_picked":["Flying Knee","Blur"],"picked":"Bouncing Flask","floor":5.0},{"not_picked":["Prepared","Dodge and Roll"],"picked":"Catalyst","floor":7.0},{"not_picked":["Prepared","Outmaneuver"],"picked":"PiercingWail","floor":10.0},{"not_picked":["Heel Hook","Deflect"],"picked":"Cloak And Dagger","floor":13.0},{"not_picked":["Grand Finale","Malaise"],"picked":"Night Terror","floor":16.0},{"not_picked":["Eviscerate+1","Tactician","Terror"],"picked":"SKIP","floor":18.0},{"not_picked":["Sucker Punch","Outmaneuver","Backflip"],"picked":"SKIP","floor":21.0},{"not_picked":["Sucker Punch","Outmaneuver","Backflip"],"picked":"SKIP","floor":21.0},{"not_picked":["Skewer","Infinite Blades"],"picked":"Dodge and Roll+1","floor":22.0}],"player_experience":335303,"relics_obtained":[{"floor":9.0,"key":"Pen Nib"},{"floor":13.0,"key":"Snake Skull"}],"event_choices":[{"cards_removed":["Strike_G"],"damage_healed":0.0,"max_hp_gain":0.0,"max_hp_loss":0.0,"gold_gain":0.0,"event_name":"Bonfire Elementals","player_choice":"Offered Basic","floor":2.0,"gold_loss":0.0,"damage_taken":0.0},{"damage_healed":0.0,"max_hp_gain":0.0,"max_hp_loss":6.0,"gold_gain":0.0,"event_name":"Golden Idol","player_choice":"Lose Max HP","floor":12.0,"gold_loss":0.0,"damage_taken":0.0,"relics_obtained":["Golden Idol"]},{"damage_healed":0.0,"max_hp_gain":5.0,"max_hp_loss":0.0,"gold_gain":0.0,"event_name":"Big Fish","player_choice":"Donut","floor":14.0,"gold_loss":0.0,"damage_taken":0.0},{"cards_removed":["Strike_G"],"damage_healed":0.0,"max_hp_gain":0.0,"max_hp_loss":0.0,"gold_gain":0.0,"event_name":"Beggar","player_choice":"Gave Gold","floor":19.0,"gold_loss":75.0,"damage_taken":0.0},{"damage_healed":0.0,"max_hp_gain":0.0,"max_hp_loss":33.0,"gold_gain":0.0,"event_name":"Ghosts","player_choice":"Became a Ghost","floor":20.0,"gold_loss":0.0,"damage_taken":0.0,"cards_obtained":["Ghostly","Ghostly","Ghostly"]}],"is_beta":false,"boss_relics":[{"not_picked":["Black Star","Runic Pyramid"],"picked":"SlaversCollar"}],"items_purged_floors":[],"is_endless":false,"potions_floor_spawned":[4,5,7,16,21],"killed_by":"Gremlin Leader","ascension_level":15}}