{"host":"7qqg3hyzrz6apiso","time":1612108583,"event":{"mods":["AchievementEnabler","BaseMod","Better Debug","Colored Map","Keyboard Shortcuts","Minty Spire (QoL Compilation)","Permanent Neow","Quick Restart","StSLib","SuperFastMode"],"gold_per_floor":[114,39,39,50,69,96,138,178,202,241,425,459,499,178,178,279,279,292,207,56,56,56,93,127,158,184,218,9,45,78,103,103,198,198,216,230,276,276,276,602,635,667,667,434,478,501,108,34,34,130,130,145,69,144,94,116,116,116,143,178,178,178,178,35,70,70,170,170,190,210,210,210,82,82,82,82,111,111,111,34,63,63,63,168,168,187,287,296,21,36,36,36,36,71,81,97,19,34,46,46,146,146,156,170,46,57,57,57,85,95,127,137,148,164,194,224,236,350,362,391,417,443,471,161,188,31,61,96,116,133,146,157,83,83,183,233,253,264,69,82,32,32,32,32,57,57,91,109,135,164,164,260,260,260],"floor_reached":153,"language":"KOR","playtime":7055,"items_purged":["Compile Driver","Doubt","Sunder","Loop","Loop","Ball Lightning+1","Cold Snap+1","Melter+1"],"score":5132,"play_id":"974154fb-6d63-4ee7-8d86-5d0dcd83cb2d","local_time":"20210201005623","daily_mods":["Draft","Vintage","Heirloom","Flight","Elite Swarm"],"is_ascension_mode":false,"campfire_choices":[{"data":"Creative AI","floor":15.0,"key":"SMITH"},{"data":"Echo Form","floor":32.0,"key":"SMITH"},{"data":"Storm","floor":49.0,"key":"SMITH"},{"data":"Buffer","floor":57.0,"key":"SMITH"},{"data":"BootSequence","floor":61.0,"key":"SMITH"},{"data":"Coolheaded","floor":63,"key":"SMITH"},{"data":"Biased Cognition","floor":66,"key":"SMITH"},{"data":"Biased Cognition","floor":74,"key":"SMITH"},{"data":"Defragment","floor":75,"key":"SMITH"},{"data":"Defragment","floor":78,"key":"SMITH"},{"data":"Electrodynamics","floor":83,"key":"SMITH"},{"data":"Panacea","floor":91,"key":"SMITH"},{"data":"Thunder Strike","floor":92,"key":"SMITH"},{"data":"Self Repair","floor":93,"key":"SMITH"},{"data":"Self Repair","floor":100,"key":"SMITH"},{"data":"Ball Lightning","floor":108,"key":"SMITH"},{"floor":117,"key":"REST"},{"floor":134,"key":"DIG"},{"floor":142,"key":"DIG"},{"data":"Leap+1","floor":143,"key":"PURGE"},{"data":"Coolheaded+1","floor":144,"key":"PURGE"},{"data":"BootSequence+1","floor":146,"key":"PURGE"},{"data":"Seek+1","floor":151,"key":"PURGE"}],"circlet_count":3,"master_deck":["Heatsinks+1","Defragment+1","Self Repair+1","Defragment+1","Electrodynamics+1","Thunder Strike+1","Biased Cognition+1","Creative AI+1","Biased Cognition+1","Core Surge+1","Echo Form+1","Core Surge+1","Self Repair+1","Buffer+1","Storm+1","Panacea+1"],"relics":["Cracked Core","Unceasing Top","Oddly Smooth Stone","Bronze Scales","CeramicFish","StoneCalendar","Happy Flower","Whetstone","Tiny Chest","Molten Egg 2","StrikeDummy","War Paint","SlaversCollar","Matryoshka","Ancient Tea Set","Lantern","Dream Catcher","Ornamental Fan","Omamori","Juzu Bracelet","Bag of Marbles","Anchor","PreservedInsect","Regal Pillow","Membership Card","Potion Belt","Strawberry","Gambling Chip","Inserter","HornCleat","Boot","CaptainsWheel","Old Coin","Centennial Puzzle","Bag of Preparation","Pantograph","Ice Cream","Torii","Art of War","Runic Capacitor","Nunchaku","Shuriken","Toy Ornithopter","Black Star","Sundial","TheAbacus","Odd Mushroom","WarpedTongs","Mango","Bottled Flame","DataDisk","Singing Bowl","Blood Vial","Calling Bell","MealTicket","Kunai","Turnip","Cables","Ginger","Bottled Tornado","Bottled Lightning","Eternal Feather","Blue Candle","Medical Kit","Symbiotic Virus","White Beast Statue","SacredBark","Incense Burner","Orichalcum","Pear","Smiling Mask","Du-Vu Doll","Toxic Egg 2","Darkstone Periapt","MawBank","Mummified Hand","Vajra","Busted Crown","Meat on the Bone","Akabeko","Calipers","Gremlin Horn","Pen Nib","Mercury Hourglass","Sling","Emotion Chip","Prayer Wheel","TungstenRod","Shovel","OrangePellets","Lizard Tail","Tiny House","Bird Faced Urn","FossilizedHelix","Peace Pipe","Circlet","Coffee Dripper"],"acts_visited":["Exordium","TheCity","TheBeyond","Exordium","TheCity","TheBeyond","Exordium","TheCity","TheBeyond","Exordium"],"potions_floor_usage":[67,67,67,84,84,86,101,101,118,152,152],"damage_taken":[{"damage":2.0,"enemies":"2 Louse","floor":1.0,"turns":3.0},{"damage":0.0,"enemies":"Cultist","floor":4.0,"turns":4.0},{"damage":3.0,"enemies":"Jaw Worm","floor":5.0,"turns":3.0},{"damage":4.0,"enemies":"Lagavulin","floor":6.0,"turns":6.0},{"damage":14.0,"enemies":"Gremlin Nob","floor":7.0,"turns":3.0},{"damage":0.0,"enemies":"Lagavulin","floor":8.0,"turns":6.0},{"damage":6.0,"enemies":"Gremlin Nob","floor":10.0,"turns":3.0},{"damage":0.0,"enemies":"3 Sentries","floor":12.0,"turns":4.0},{"damage":7.0,"enemies":"Lagavulin","floor":13.0,"turns":5.0},{"damage":0.0,"enemies":"Slime Boss","floor":16.0,"turns":5.0},{"damage":12.0,"enemies":"2 Thieves","floor":18.0,"turns":3.0},{"damage":8.0,"enemies":"Gremlin Leader","floor":23.0,"turns":4.0},{"damage":17.0,"enemies":"Slavers","floor":24.0,"turns":3.0},{"damage":31.0,"enemies":"Gremlin Leader","floor":25.0,"turns":5.0},{"damage":0.0,"enemies":"Slavers","floor":27.0,"turns":2.0},{"damage":14.0,"enemies":"Gremlin Leader","floor":29.0,"turns":4.0},{"damage":4.0,"enemies":"Book of Stabbing","floor":30.0,"turns":3.0},{"damage":0.0,"enemies":"Slavers","floor":31.0,"turns":2.0},{"damage":0.0,"enemies":"Champ","floor":33.0,"turns":7.0},{"damage":2.0,"enemies":"3 Darklings","floor":35.0,"turns":3.0},{"damage":1.0,"enemies":"3 Shapes","floor":36.0,"turns":5.0},{"damage":53.0,"enemies":"2 Orb Walkers","floor":37.0,"turns":4.0},{"damage":0.0,"enemies":"Giant Head","floor":40.0,"turns":6.0},{"damage":6.0,"enemies":"Nemesis","floor":41.0,"turns":5.0},{"damage":0.0,"enemies":"Giant Head","floor":42.0,"turns":8.0},{"damage":11.0,"enemies":"Reptomancer","floor":45.0,"turns":6.0},{"damage":0.0,"enemies":"Donu and Deca","floor":50.0,"turns":4.0},{"damage":0.0,"enemies":"Jaw Worm","floor":52.0,"turns":2.0},{"damage":23.0,"enemies":"The Mushroom Lair","floor":56.0,"turns":3.0},{"damage":0.0,"enemies":"Lagavulin","floor":59.0,"turns":3.0},{"damage":0.0,"enemies":"3 Sentries","floor":60.0,"turns":2.0},{"damage":0,"enemies":"Gremlin Nob","floor":65,"turns":1},{"damage":46,"enemies":"Hexaghost","floor":67,"turns":4},{"damage":0,"enemies":"Chosen","floor":69,"turns":3},{"damage":1,"enemies":"2 Thieves","floor":70,"turns":3},{"damage":0,"enemies":"Gremlin Leader","floor":77,"turns":2},{"damage":0,"enemies":"Slavers","floor":81,"turns":1},{"damage":0,"enemies":"Collector","floor":84,"turns":3},{"damage":0,"enemies":"3 Darklings","floor":86,"turns":2},{"damage":6,"enemies":"Orb Walker","floor":90,"turns":2},{"damage":0,"enemies":"Giant Head","floor":94,"turns":4},{"damage":0,"enemies":"Spire Growth","floor":95,"turns":3},{"damage":0,"enemies":"3 Darklings","floor":96,"turns":2},{"damage":1,"enemies":"Sphere and 2 Shapes","floor":98,"turns":2},{"damage":1,"enemies":"Jaw Worm Horde","floor":99,"turns":2},{"damage":45,"enemies":"Time Eater","floor":101,"turns":4},{"damage":0,"enemies":"Jaw Worm","floor":103,"turns":2},{"damage":0,"enemies":"2 Louse","floor":104,"turns":1},{"damage":1,"enemies":"Small Slimes","floor":106,"turns":2},{"damage":0,"enemies":"Lagavulin","floor":109,"turns":2},{"damage":0,"enemies":"Looter","floor":110,"turns":2},{"damage":0,"enemies":"3 Sentries","floor":111,"turns":2},{"damage":0,"enemies":"Red Slaver","floor":112,"turns":2},{"damage":0,"enemies":"3 Louse","floor":113,"turns":1},{"damage":0,"enemies":"Blue Slaver","floor":114,"turns":2},{"damage":0,"enemies":"Gremlin Gang","floor":115,"turns":1},{"damage":0,"enemies":"3 Louse","floor":116,"turns":1},{"damage":0,"enemies":"The Guardian","floor":118,"turns":2},{"damage":0,"enemies":"2 Thieves","floor":120,"turns":1},{"damage":0,"enemies":"Spheric Guardian","floor":121,"turns":1},{"damage":0,"enemies":"Snecko","floor":122,"turns":2},{"damage":0,"enemies":"Shelled Parasite and Fungi","floor":123,"turns":1},{"damage":0,"enemies":"Book of Stabbing","floor":125,"turns":2},{"damage":0,"enemies":"Slavers","floor":127,"turns":1},{"damage":0,"enemies":"Book of Stabbing","floor":128,"turns":2},{"damage":0,"enemies":"Snake Plant","floor":129,"turns":1},{"damage":0,"enemies":"Centurion and Healer","floor":130,"turns":1},{"damage":0,"enemies":"Cultist and Chosen","floor":131,"turns":2},{"damage":0,"enemies":"Snecko","floor":132,"turns":1},{"damage":0,"enemies":"Automaton","floor":135,"turns":2},{"damage":0,"enemies":"Orb Walker","floor":137,"turns":2},{"damage":0,"enemies":"3 Shapes","floor":138,"turns":1},{"damage":0,"enemies":"Writhing Mass","floor":140,"turns":2},{"damage":0,"enemies":"Giant Head","floor":145,"turns":2},{"damage":0,"enemies":"Nemesis","floor":147,"turns":1},{"damage":0,"enemies":"Jaw Worm Horde","floor":148,"turns":1},{"damage":0,"enemies":"Reptomancer","floor":149,"turns":1},{"damage":0,"enemies":"Giant Head","floor":150,"turns":1},{"damage":0,"enemies":"Awakened One","floor":152,"turns":3}],"seed_played":"8116570722849529477","potions_obtained":[{"floor":1.0,"key":"Swift Potion"},{"floor":3.0,"key":"EssenceOfDarkness"},{"floor":3.0,"key":"Explosive Potion"},{"floor":8.0,"key":"Regen Potion"},{"floor":10.0,"key":"LiquidBronze"},{"floor":18.0,"key":"BlessingOfTheForge"},{"floor":29.0,"key":"Ancient Potion"},{"floor":33.0,"key":"PowerPotion"},{"floor":35.0,"key":"AttackPotion"},{"floor":36.0,"key":"ColorlessPotion"},{"floor":41.0,"key":"FearPotion"},{"floor":45.0,"key":"Swift Potion"},{"floor":59.0,"key":"Weak Potion"},{"floor":60.0,"key":"SpeedPotion"},{"floor":70,"key":"EssenceOfSteel"},{"floor":71,"key":"DistilledChaos"},{"floor":71,"key":"Swift Potion"},{"floor":71,"key":"GamblersBrew"},{"floor":84,"key":"EssenceOfDarkness"},{"floor":86,"key":"FocusPotion"},{"floor":90,"key":"FearPotion"},{"floor":95,"key":"SteroidPotion"},{"floor":101,"key":"Regen Potion"},{"floor":103,"key":"FairyPotion"},{"floor":104,"key":"EntropicBrew"},{"floor":106,"key":"AttackPotion"},{"floor":109,"key":"PowerPotion"},{"floor":110,"key":"FairyPotion"},{"floor":118,"key":"LiquidMemories"}],"is_trial":true,"path_per_floor":["M","$","?","M","M","E","E","E","T","E","?","E","E","$","R","B",null,"M","?","$","?","T","E","E","E","T","E","$","E","E","E","R","B",null,"M","M","?","?","?","E","E","E","T","$","E","T","$","$","R","B",null,"M","$","?","?","?","R","?","E","E","R","?","R","$","E","R","B",null,"M","M","?","?","$","R","R","?","E","R","$","$","E","?","R","B",null,"M","?","?","$","M","R","R","R","E","M","M","$","M","M","R","B",null,"M","M","$","M","$","R","E","M","E","M","M","M","M","M","R","B",null,"M","M","M","M","$","E","$","E","E","M","M","M","M","$","R","B",null,"M","M","$","M","$","R","R","R","E","R","E","M","E","E","R","B",null],"character_chosen":"DEFECT","items_purchased":["War Paint","Biased Cognition","Lantern","Membership Card","Ice Cream","Self Repair","Storm","Runic Capacitor","Nunchaku","Shuriken","Toy Ornithopter","TheAbacus","Mango","Singing Bowl","Blood Vial","Ginger","Bottled Tornado","Medical Kit","Pear","Pen Nib","Mercury Hourglass","Sling","Emotion Chip","OrangePellets","Peace Pipe"],"campfire_rested":1,"item_purchase_floors":[14,14,20,28,44,44,47,47,47,47,48,53,64,73,80,89,89,97,105,124,124,124,126,133,139],"current_hp_per_floor":[75,75,75,75,75,75,68,75,75,75,75,75,68,68,68,68,75,68,68,68,68,68,67,57,33,33,33,33,26,36,43,43,50,82,80,82,36,72,72,72,72,72,72,72,72,72,72,72,72,72,72,72,72,65,65,49,49,49,63,63,63,63,63,77,77,77,57,86,86,86,86,86,86,86,86,86,88,88,88,88,90,90,90,92,92,92,92,92,92,92,92,92,92,94,94,94,94,93,93,94,81,96,96,96,106,105,106,106,108,108,110,110,110,110,110,110,112,114,114,114,114,114,114,114,116,116,118,120,120,120,120,120,120,120,122,129,129,129,129,129,129,129,129,129,131,131,133,133,135,135,135,137,137,137],"gold":260,"neow_bonus":"","is_daily":false,"chose_seed":false,"campfire_upgraded":16,"win_rate":0.0,"timestamp":1612108583,"path_taken":["M","$","?","?","?","E","E","E","T","E","?","E","E","$","R","BOSS","M","?","$","?","?","E","E","E","T","E","$","E","E","E","R","BOSS","M","M","?","?","?","E","E","E","T","$","E","?","$","$","R","BOSS","M","$","?","?","?","R","?","E","E","R","?","R","?","E","R","BOSS","M","M","?","?","$","R","R","?","E","R","$","$","E","?","R","BOSS","M","?","?","$","M","R","R","R","E","M","M","$","M","M","R","BOSS","M","M","$","M","$","R","E","M","E","M","M","M","M","M","R","BOSS","M","M","M","M","$","E","$","E","E","M","M","M","M","$","R","BOSS","M","M","$","M","$","R","R","R","E","R","E","M","E","E","R","BOSS"],"items_purchased_type":["Relic","Card","Relic","Relic","Relic","Card","Card","Relic","Relic","Relic","Relic","Relic","Relic","Relic","Relic","Relic","Relic","Relic","Relic","Relic","Relic","Relic","Relic","Relic","Relic"],"build_version":"2020-12-22","purchased_purges":8,"victory":false,"max_hp_per_floor":[75,75,75,75,75,75,75,75,75,75,75,75,75,75,75,75,75,75,75,75,75,75,75,75,75,75,75,75,75,82,82,82,82,82,82,82,82,72,72,72,72,72,72,72,72,72,72,72,72,72,72,72,72,72,72,72,72,72,72,72,72,72,72,86,86,86,86,86,86,86,86,86,86,86,86,86,88,88,88,88,90,90,90,92,92,92,92,92,92,92,92,92,92,94,94,94,94,94,94,94,96,96,96,96,106,106,106,106,108,108,110,110,110,110,110,110,112,114,114,114,114,114,114,114,116,116,118,120,120,120,120,120,120,120,122,129,129,129,129,129,129,129,129,129,131,131,133,133,135,135,135,137,137,137],"card_choices":[{"not_picked":["Steam","Streamline"],"picked":"Heatsinks","floor":0.0},{"not_picked":["Beam Cell","Undo"],"picked":"Sunder","floor":0.0},{"not_picked":["Barrage","Melter"],"picked":"Coolheaded","floor":0.0},{"not_picked":["Blizzard","FTL"],"picked":"Leap","floor":0.0},{"not_picked":["Rebound","Barrage"],"picked":"Ball Lightning","floor":0.0},{"not_picked":["Compile Driver","Auto Shields"],"picked":"Melter","floor":0.0},{"not_picked":["Recycle","Stack"],"picked":"Defragment","floor":0.0},{"not_picked":["Hello World","Blizzard"],"picked":"BootSequence","floor":0.0},{"not_picked":["Streamline","Rebound"],"picked":"Loop","floor":0.0},{"not_picked":["Barrage","Reinforced Body"],"picked":"Loop","floor":0.0},{"not_picked":["Leap","Streamline"],"picked":"Cold Snap","floor":0.0},{"not_picked":["Consume","Redo"],"picked":"Self Repair","floor":0.0},{"not_picked":["Turbo","Compile Driver"],"picked":"Defragment","floor":0.0},{"not_picked":["Redo","Chaos"],"picked":"Static Discharge","floor":0.0},{"not_picked":["Lockon","Rip and Tear"],"picked":"Compile Driver","floor":0.0},{"not_picked":["Machine Learning","Hyperbeam","Meteor Strike"],"picked":"SKIP","floor":6.0},{"not_picked":["Biased Cognition","Fission"],"picked":"Electrodynamics","floor":7.0},{"not_picked":["Rainbow","Core Surge"],"picked":"Thunder Strike","floor":8.0},{"not_picked":["Amplify","Meteor Strike"],"picked":"Biased Cognition","floor":10.0},{"not_picked":["Electrodynamics","Reboot"],"picked":"Creative AI","floor":12.0},{"not_picked":["Amplify","Buffer"],"picked":"Seek","floor":13.0},{"not_picked":["Creative AI","Multi-Cast"],"picked":"Core Surge+1","floor":23.0},{"not_picked":["Meteor Strike+1","Amplify"],"picked":"Echo Form","floor":24.0},{"not_picked":["Thunder Strike+1","Echo Form","Rainbow"],"picked":"SKIP","floor":25.0},{"not_picked":["Echo Form","Reboot","Thunder Strike+1"],"picked":"SKIP","floor":27.0},{"not_picked":["Rainbow","Reboot"],"picked":"Core Surge+1","floor":29.0},{"not_picked":["Biased Cognition","Multi-Cast","Creative AI"],"picked":"SKIP","floor":30.0},{"not_picked":["Creative AI","Amplify","Meteor Strike+1"],"picked":"SKIP","floor":31.0},{"not_picked":["Meteor Strike+1","Seek","Rainbow"],"picked":"SKIP","floor":40.0},{"not_picked":["Multi-Cast","Machine Learning","All For One+1"],"picked":"SKIP","floor":41.0},{"not_picked":["Machine Learning","Hyperbeam+1","Biased Cognition"],"picked":"SKIP","floor":42.0},{"not_picked":["All For One+1","Rainbow"],"picked":"Buffer","floor":45.0},{"not_picked":["All For One+1","Rainbow","Biased Cognition"],"picked":"SKIP","floor":59.0},{"not_picked":["Creative AI","Multi-Cast","Rainbow"],"picked":"SKIP","floor":60.0},{"not_picked":["Machine Learning","Echo Form","Electrodynamics"],"picked":"SKIP","floor":65},{"not_picked":["Reboot","Seek","Biased Cognition"],"picked":"Singing Bowl","floor":77},{"not_picked":["Thunder Strike+1","Seek","Meteor Strike+1"],"picked":"Singing Bowl","floor":81},{"not_picked":["Machine Learning","Seek","Amplify"],"picked":"Singing Bowl","floor":84},{"not_picked":["The Bomb","Purity"],"picked":"Panacea","floor":88},{"not_picked":["Seek","Creative AI","Echo Form"],"picked":"Singing Bowl","floor":94},{"not_picked":["Core Surge+1","Machine Learning","Creative AI"],"picked":"Singing Bowl","floor":101},{"not_picked":["Multi-Cast","Reboot","Rainbow"],"picked":"Singing Bowl","floor":109},{"not_picked":["Buffer","Amplify","Biased Cognition"],"picked":"Singing Bowl","floor":111},{"not_picked":["Consume+1","Stack+1","Barrage+1"],"picked":"Singing Bowl","floor":117},{"not_picked":["Electrodynamics","Rainbow+1","Core Surge+1"],"picked":"Singing Bowl","floor":118},{"not_picked":["Electrodynamics"],"picked":"Singing Bowl","floor":125},{"not_picked":["Rainbow+1"],"picked":"Singing Bowl","floor":127},{"not_picked":["Buffer"],"picked":"Singing Bowl","floor":128},{"not_picked":["Machine Learning"],"picked":"Singing Bowl","floor":135},{"not_picked":["Skim+1"],"picked":"Singing Bowl","floor":136},{"not_picked":["Amplify+1"],"picked":"Singing Bowl","floor":145},{"not_picked":["Buffer"],"picked":"Singing Bowl","floor":147},{"not_picked":["Amplify+1"],"picked":"Singing Bowl","floor":149},{"not_picked":["Echo Form"],"picked":"SKIP","floor":150},{"not_picked":["Fission+1"],"picked":"Singing Bowl","floor":152}],"player_experience":192345,"relics_obtained":[{"floor":1.0,"key":"Oddly Smooth Stone"},{"floor":4.0,"key":"Bronze Scales"},{"floor":5.0,"key":"CeramicFish"},{"floor":6.0,"key":"StoneCalendar"},{"floor":7.0,"key":"Happy Flower"},{"floor":9.0,"key":"Whetstone"},{"floor":10.0,"key":"Tiny Chest"},{"floor":12.0,"key":"Molten Egg 2"},{"floor":13.0,"key":"StrikeDummy"},{"floor":18.0,"key":"Matryoshka"},{"floor":22.0,"key":"Dream Catcher"},{"floor":22.0,"key":"Ornamental Fan"},{"floor":23.0,"key":"Omamori"},{"floor":24.0,"key":"Juzu Bracelet"},{"floor":25.0,"key":"Bag of Marbles"},{"floor":26.0,"key":"Anchor"},{"floor":26.0,"key":"PreservedInsect"},{"floor":27.0,"key":"Regal Pillow"},{"floor":29.0,"key":"Potion Belt"},{"floor":30.0,"key":"Strawberry"},{"floor":31.0,"key":"Gambling Chip"},{"floor":35.0,"key":"HornCleat"},{"floor":36.0,"key":"Boot"},{"floor":37.0,"key":"CaptainsWheel"},{"floor":40.0,"key":"Old Coin"},{"floor":41.0,"key":"Centennial Puzzle"},{"floor":42.0,"key":"Bag of Preparation"},{"floor":43.0,"key":"Pantograph"},{"floor":45.0,"key":"Torii"},{"floor":46.0,"key":"Art of War"},{"floor":52.0,"key":"Sundial"},{"floor":56.0,"key":"Odd Mushroom"},{"floor":69,"key":"Bottled Flame"},{"floor":70,"key":"DataDisk"},{"floor":85,"key":"MealTicket"},{"floor":85,"key":"Kunai"},{"floor":85,"key":"Turnip"},{"floor":86,"key":"Cables"},{"floor":90,"key":"Bottled Lightning"},{"floor":95,"key":"Eternal Feather"},{"floor":96,"key":"Blue Candle"},{"floor":98,"key":"Symbiotic Virus"},{"floor":99,"key":"White Beast Statue"},{"floor":103,"key":"Incense Burner"},{"floor":104,"key":"Orichalcum"},{"floor":106,"key":"Smiling Mask"},{"floor":110,"key":"Du-Vu Doll"},{"floor":112,"key":"Toxic Egg 2"},{"floor":113,"key":"Darkstone Periapt"},{"floor":114,"key":"MawBank"},{"floor":115,"key":"Mummified Hand"},{"floor":116,"key":"Vajra"},{"floor":120,"key":"Meat on the Bone"},{"floor":121,"key":"Akabeko"},{"floor":122,"key":"Calipers"},{"floor":123,"key":"Gremlin Horn"},{"floor":129,"key":"Prayer Wheel"},{"floor":130,"key":"TungstenRod"},{"floor":132,"key":"Shovel"},{"floor":134,"key":"Lizard Tail"},{"floor":137,"key":"Bird Faced Urn"},{"floor":138,"key":"FossilizedHelix"},{"floor":140,"key":"Circlet"},{"floor":142,"key":"Circlet"},{"floor":148,"key":"Circlet"}],"event_choices":[{"damage_healed":0.0,"max_hp_gain":0.0,"max_hp_loss":0.0,"gold_gain":0.0,"event_name":"Lab","player_choice":"Got Potions","floor":3.0,"gold_loss":0.0,"damage_taken":0.0},{"damage_healed":0.0,"max_hp_gain":0.0,"max_hp_loss":0.0,"gold_gain":175.0,"event_name":"Liars Game","player_choice":"AGREE","floor":11.0,"gold_loss":0.0,"damage_taken":0.0,"cards_obtained":["Doubt"]},{"damage_healed":0.0,"max_hp_gain":0.0,"max_hp_loss":0.0,"gold_gain":0.0,"event_name":"Addict","player_choice":"Obtained Relic","floor":19.0,"gold_loss":85.0,"damage_taken":0.0,"relics_obtained":["Ancient Tea Set"]},{"damage_healed":0.0,"max_hp_gain":0.0,"max_hp_loss":0.0,"gold_gain":0.0,"event_name":"Ghosts","player_choice":"Ignored","floor":21.0,"gold_loss":0.0,"damage_taken":0.0},{"damage_healed":0.0,"max_hp_gain":0.0,"max_hp_loss":0.0,"gold_gain":0.0,"event_name":"Mysterious Sphere","player_choice":"Fight","floor":37.0,"gold_loss":0.0,"damage_taken":0.0},{"damage_healed":72.0,"max_hp_gain":0.0,"max_hp_loss":10.0,"gold_gain":0.0,"event_name":"The Moai Head","player_choice":"Heal","floor":38.0,"gold_loss":0.0,"damage_taken":0.0},{"damage_healed":0.0,"max_hp_gain":0.0,"max_hp_loss":0.0,"gold_gain":0.0,"event_name":"SensoryStone","player_choice":"Memory 1","floor":39.0,"gold_loss":0.0,"damage_taken":0.0},{"damage_healed":0.0,"max_hp_gain":0.0,"max_hp_loss":0.0,"gold_gain":75.0,"event_name":"FaceTrader","player_choice":"Touch","floor":54.0,"gold_loss":0.0,"damage_taken":7.0},{"cards_removed":["Static Discharge"],"damage_healed":0.0,"max_hp_gain":0.0,"max_hp_loss":0.0,"gold_gain":0.0,"event_name":"The Cleric","player_choice":"Card Removal","floor":55.0,"gold_loss":50.0,"damage_taken":0.0},{"damage_healed":0.0,"max_hp_gain":0.0,"max_hp_loss":0.0,"gold_gain":0.0,"event_name":"Mushrooms","player_choice":"Fought Mushrooms","floor":56.0,"gold_loss":0.0,"damage_taken":0.0},{"damage_healed":0.0,"max_hp_gain":0.0,"max_hp_loss":0.0,"gold_gain":0.0,"event_name":"NoteForYourself","player_choice":"Ignored","floor":58.0,"gold_loss":0.0,"damage_taken":0.0},{"damage_healed":0,"gold_gain":0,"player_choice":"Rummage","damage_taken":0,"relics_obtained":["WarpedTongs"],"max_hp_gain":0,"max_hp_loss":0,"event_name":"Accursed Blacksmith","floor":62,"gold_loss":0,"cards_obtained":["Pain"]},{"damage_healed":0,"gold_gain":0,"player_choice":"Got Potions","damage_taken":0,"max_hp_gain":0,"max_hp_loss":0,"event_name":"Lab","floor":71,"gold_loss":0},{"damage_healed":0,"gold_gain":0,"player_choice":"Ignored","damage_taken":0,"max_hp_gain":0,"max_hp_loss":0,"event_name":"Vampires","floor":72,"gold_loss":0},{"damage_healed":28,"gold_gain":0,"player_choice":"Heal","damage_taken":0,"max_hp_gain":0,"max_hp_loss":0,"event_name":"The Library","floor":76,"gold_loss":0},{"damage_healed":0,"gold_gain":100,"player_choice":"Pray","damage_taken":0,"max_hp_gain":0,"max_hp_loss":0,"event_name":"Golden Shrine","floor":87,"gold_loss":0},{"damage_healed":0,"gold_gain":0,"player_choice":"Memory 1","damage_taken":0,"max_hp_gain":0,"max_hp_loss":0,"event_name":"SensoryStone","floor":88,"gold_loss":0}],"is_beta":false,"boss_relics":[{"not_picked":["Busted Crown","Calling Bell"],"picked":"SlaversCollar"},{"not_picked":["Cursed Key","Fusion Hammer"],"picked":"Inserter"},{"not_picked":["Runic Pyramid","Philosopher\u0027s Stone"],"picked":"Black Star"},{"not_picked":["Snecko Eye","Velvet Choker","Cursed Key"]},{"not_picked":["Nuclear Battery","Coffee Dripper"],"picked":"Calling Bell"},{"not_picked":["Empty Cage","Tiny House"],"picked":"SacredBark"},{"not_picked":["Sozu","FrozenCore"],"picked":"Busted Crown"},{"not_picked":["Cursed Key","Runic Pyramid"],"picked":"Tiny House"},{"not_picked":["Velvet Choker","Astrolabe"],"picked":"Coffee Dripper"}],"items_purged_floors":[2,14,28,44,47,124,139,141],"is_endless":true,"potions_floor_spawned":[1,5,8,10,13,18,29,33,35,36,41,45,59,60,70,84,86,90,95,96,101,103,104,106,109,110,111,112,113,114,115,116,118,120,121,122,123,125,127,128,129,130,131,132,135,137,138,140,145,147,148,149,150,152],"ascension_level":0}}