{"host":"dl909bjyolgrn2uw","time":1612076324,"event":{"mods":["2.2 Compatiblity","AlwaysNeverKeys","BaseMod","Bestiary","Better Altar","Better Note","Better Sensory Stone","Better Skull","Better Vampires","Better-Laid Plans","BetterRewards","Colored Powertips","Curses Come First","Disable Question Mark Monsters","Displayed Cursed Tome","Emptier Cage","Evolution","Minty Spire (QoL Compilation)","Permanent Neow","Quick Restart","Rare Cards Sparkle","Relic Stats","Shop Mod","Spicy Shops","StSLib","SuperFastMode","Transform Curses"],"gold_per_floor":[115,131,144,157,157,157,157,157,203,231,231,265,265,289,289,418,418,438,61,160,175,195,195,211,211,211,247,265,288,302,302,302,425,425,438,453,469,483,483,483,526,541,541,15,30,48,92,115,115,115],"floor_reached":51,"language":"ENG","playtime":2825,"items_purged":["Compile Driver"],"score":1163,"play_id":"342662de-2682-468a-a0c7-aa1d7d472345","local_time":"20210131005844","is_ascension_mode":true,"campfire_choices":[{"data":"Streamline","floor":6.0,"key":"SMITH"},{"data":"Core Surge","floor":8.0,"key":"SMITH"},{"data":"Rebound","floor":13.0,"key":"SMITH"},{"floor":15.0,"key":"REST"},{"floor":23.0,"key":"REST"},{"floor":32.0,"key":"REST"},{"floor":40.0,"key":"REST"},{"floor":49,"key":"REST"}],"circlet_count":0,"master_deck":["Rebound+1","Compile Driver+1","Rebound+1","Defend_B","Defend_B+1","Defend_B","Defend_B","Zap","Dualcast+1","Conserve Battery+1","Streamline+1","Core Surge+1","Loop+1","Turbo","Leap","Coolheaded","Electrodynamics","Sweeping Beam+1","Sunder+1","BootSequence","Reinforced Body","Beam Cell+1","Undo","Conserve Battery+1","Cold Snap+1","White Noise+1","Redo+1","Cold Snap+1","Go for the Eyes+1","Echo Form","Undo+1","Undo+1","Seek","Doom and Gloom+1"],"relics":["Cracked Core","EVO:Axolotl","Vajra","Golden Idol","War Paint","Odd Mushroom","Blood Vial","Fusion Hammer","Orrery","Oddly Smooth Stone","Unceasing Top","HornCleat","Velvet Choker","Du-Vu Doll","Singing Bowl","Nunchaku","Lee\u0027s Waffle","Centennial Puzzle","Eternal Feather"],"acts_visited":["Exordium","TheCity","TheBeyond"],"potions_floor_usage":[50,50,50],"damage_taken":[{"damage":2.0,"enemies":"Jaw Worm","floor":1.0,"turns":2.0},{"damage":3.0,"enemies":"2 Louse","floor":2.0,"turns":2.0},{"damage":0.0,"enemies":"Small Slimes","floor":3.0,"turns":3.0},{"damage":0.0,"enemies":"3 Louse","floor":4.0,"turns":3.0},{"damage":21.0,"enemies":"The Mushroom Lair","floor":10.0,"turns":3.0},{"damage":5.0,"enemies":"3 Sentries","floor":12.0,"turns":3.0},{"damage":8.0,"enemies":"Lots of Slimes","floor":14.0,"turns":5.0},{"damage":0.0,"enemies":"Slime Boss","floor":16.0,"turns":4.0},{"damage":3.0,"enemies":"2 Thieves","floor":18.0,"turns":3.0},{"damage":0.0,"enemies":"Chosen","floor":21.0,"turns":4.0},{"damage":26.0,"enemies":"Snake Plant","floor":22.0,"turns":4.0},{"damage":0.0,"enemies":"Shelled Parasite and Fungi","floor":24.0,"turns":4.0},{"damage":0.0,"enemies":"Gremlin Leader","floor":27.0,"turns":5.0},{"damage":0.0,"enemies":"Cultist and Chosen","floor":28.0,"turns":6.0},{"damage":0.0,"enemies":"Centurion and Healer","floor":29.0,"turns":4.0},{"damage":4.0,"enemies":"Snake Plant","floor":30.0,"turns":3.0},{"damage":16.0,"enemies":"Champ","floor":33.0,"turns":9.0},{"damage":0.0,"enemies":"Orb Walker","floor":35.0,"turns":2.0},{"damage":0.0,"enemies":"3 Shapes","floor":36.0,"turns":3.0},{"damage":6.0,"enemies":"Maw","floor":37.0,"turns":9.0},{"damage":0.0,"enemies":"Sphere and 2 Shapes","floor":38.0,"turns":5.0},{"damage":38.0,"enemies":"Giant Head","floor":41.0,"turns":10.0},{"damage":1.0,"enemies":"3 Darklings","floor":42.0,"turns":4.0},{"damage":4.0,"enemies":"4 Shapes","floor":45.0,"turns":5.0},{"damage":28.0,"enemies":"Transient","floor":46.0,"turns":5.0},{"damage":18,"enemies":"Reptomancer","floor":47,"turns":10},{"damage":2,"enemies":"Maw","floor":48,"turns":7},{"damage":21,"enemies":"Time Eater","floor":50,"turns":16}],"seed_played":"-6257097320205052107","potions_obtained":[{"floor":4.0,"key":"PowerPotion"},{"floor":10.0,"key":"DistilledChaos"},{"floor":14.0,"key":"Explosive Potion"},{"floor":18.0,"key":"DistilledChaos"},{"floor":21.0,"key":"LiquidBronze"},{"floor":22.0,"key":"SteroidPotion"},{"floor":28.0,"key":"EntropicBrew"},{"floor":38.0,"key":"FearPotion"},{"floor":41.0,"key":"Dexterity Potion"},{"floor":48,"key":"Fire Potion"}],"is_trial":false,"path_per_floor":["M","M","M","M","?","R","?","R","T","?","?","E","R","M","R","B",null,"M","$","?","M","M","R","M","?","T","E","M","M","M","?","R","B",null,"M","M","M","M","?","R","E","M","T","$","M","M","E","M","R","B",null],"character_chosen":"DEFECT","items_purchased":["Orrery","Undo","Oddly Smooth Stone","Nunchaku","Lee\u0027s Waffle","EssenceOfSteel","Centennial Puzzle"],"campfire_rested":5,"item_purchase_floors":[19,19,19,44,44,44,44],"current_hp_per_floor":[66,63,63,63,60,60,60,60,60,39,25,20,20,14,34,36,61,60,60,60,62,38,58,60,60,60,62,64,66,64,43,63,49,64,66,68,63,65,52,69,31,32,32,76,74,50,34,34,76,57],"gold":115,"neow_bonus":"UPGRADE_CARD","is_daily":false,"chose_seed":false,"campfire_upgraded":3,"win_rate":0.0,"timestamp":1612076324,"path_taken":["M","M","M","M","?","R","?","R","T","?","?","E","R","M","R","BOSS","M","$","?","M","M","R","M","?","T","E","M","M","?","?","R","BOSS","M","M","M","?","?","R","E","M","T","$","M","M","E","M","R","BOSS"],"items_purchased_type":["Relic","Card","Relic","Relic","Relic","Potion","Relic"],"build_version":"2020-12-22","purchased_purges":1,"victory":true,"max_hp_per_floor":[75,75,75,75,75,75,69,69,69,69,69,69,69,69,69,69,69,69,69,69,69,69,69,69,69,69,69,69,69,69,69,69,69,69,69,69,69,69,69,69,69,69,69,76,78,80,80,80,80,80],"relic_stats":{"Blood Vial":39,"Nunchaku":[7],"Lee\u0027s Waffle":44,"Centennial Puzzle":[15],"Singing Bowl":4,"counters":[61,271],"Golden Idol":171,"Eternal Feather":69,"War Paint":["Conserve Battery","Dualcast"],"obtain_stats":[{"Ice Cream":19,"Singing Bowl":9,"Gremlin Horn":9,"Vajra":5,"Mango":14,"Juzu Bracelet":8,"EVO:Axolotl":0,"Ancient Tea Set":0,"Blood Vial":12,"Dream Catcher":12,"Nunchaku":44,"Centennial Puzzle":44,"HornCleat":27,"MealTicket":7,"Fusion Hammer":17,"Necronomicon":20,"Cracked Core":0,"Lee\u0027s Waffle":44,"Inserter":17,"Golden Idol":7,"Oddly Smooth Stone":19,"Velvet Choker":34,"Eternal Feather":47,"Pen Nib":24,"Letter Opener":26,"Orichalcum":31,"War Paint":9,"Odd Mushroom":10,"Du-Vu Doll":12,"Runic Dome":0,"Orrery":19,"Coffee Dripper":0,"Art of War":27,"Membership Card":19,"Unceasing Top":26},{"Ice Cream":12,"Singing Bowl":6,"Gremlin Horn":24,"Vajra":37,"Mango":27,"Juzu Bracelet":24,"EVO:Axolotl":0,"Ancient Tea Set":18,"Blood Vial":39,"Dream Catcher":26,"Nunchaku":56,"Centennial Puzzle":56,"HornCleat":46,"MealTicket":6,"Fusion Hammer":41,"Necronomicon":12,"Cracked Core":0,"Lee\u0027s Waffle":56,"Inserter":28,"Golden Idol":37,"Oddly Smooth Stone":42,"Velvet Choker":50,"Eternal Feather":59,"Pen Nib":14,"Letter Opener":14,"Orichalcum":17,"War Paint":37,"Odd Mushroom":38,"Du-Vu Doll":8,"Runic Dome":1,"Orrery":42,"Coffee Dripper":0,"Art of War":15,"Membership Card":12,"Unceasing Top":45},{"Ice Cream":38,"Singing Bowl":19,"Gremlin Horn":75,"Vajra":139,"Mango":90,"Juzu Bracelet":75,"EVO:Axolotl":0,"Ancient Tea Set":58,"Blood Vial":145,"Dream Catcher":86,"Nunchaku":228,"Centennial Puzzle":228,"HornCleat":173,"MealTicket":19,"Fusion Hammer":153,"Necronomicon":38,"Cracked Core":0,"Lee\u0027s Waffle":228,"Inserter":101,"Golden Idol":139,"Oddly Smooth Stone":156,"Velvet Choker":195,"Eternal Feather":248,"Pen Nib":45,"Letter Opener":45,"Orichalcum":55,"War Paint":139,"Odd Mushroom":142,"Du-Vu Doll":23,"Runic Dome":1,"Orrery":156,"Coffee Dripper":0,"Art of War":48,"Membership Card":38,"Unceasing Top":168}],"Unceasing Top":[10]},"card_choices":[{"not_picked":["Cold Snap","Coolheaded"],"picked":"Conserve Battery","floor":1.0},{"not_picked":["Sweeping Beam","Beam Cell"],"picked":"Streamline","floor":2.0},{"not_picked":["Compile Driver","Cold Snap"],"picked":"Core Surge","floor":3.0},{"not_picked":["Go for the Eyes","BootSequence"],"picked":"Loop","floor":4.0},{"not_picked":["Melter","Darkness"],"picked":"Turbo","floor":10.0},{"not_picked":["Go for the Eyes","Melter"],"picked":"Leap","floor":12.0},{"not_picked":["Lockon","Beam Cell"],"picked":"Coolheaded","floor":14.0},{"not_picked":["Seek","Multi-Cast"],"picked":"Electrodynamics","floor":16.0},{"not_picked":["Steam","Beam Cell+1"],"picked":"Sweeping Beam+1","floor":18.0},{"not_picked":["Heatsinks","Streamline"],"picked":"Sunder","floor":19.0},{"not_picked":["Rebound","Heatsinks"],"picked":"BootSequence","floor":19.0},{"not_picked":["BootSequence","Leap"],"picked":"Reinforced Body","floor":19.0},{"not_picked":["Creative AI","Coolheaded"],"picked":"Beam Cell+1","floor":19.0},{"not_picked":["Blizzard","Aggregate","Thunder Strike"],"picked":"SKIP","floor":21.0},{"not_picked":["Heatsinks","Beam Cell","Barrage"],"picked":"SKIP","floor":22.0},{"not_picked":["Sweeping Beam+1","Beam Cell+1"],"picked":"Conserve Battery+1","floor":24.0},{"not_picked":["Rebound","Sweeping Beam"],"picked":"Cold Snap+1","floor":27.0},{"not_picked":["Storm+1","Turbo"],"picked":"White Noise+1","floor":28.0},{"not_picked":["Ball Lightning","Storm","Thunder Strike"],"picked":"SKIP","floor":29.0},{"not_picked":["Gash","Cold Snap"],"picked":"Redo+1","floor":30.0},{"not_picked":["Genetic Algorithm+1","Consume"],"picked":"Cold Snap+1","floor":35.0},{"not_picked":["Barrage","Aggregate+1","Scrape"],"picked":"SKIP","floor":36.0},{"not_picked":["Steam Power+1","Compile Driver+1","Conserve Battery"],"picked":"SKIP","floor":37.0},{"not_picked":["Electrodynamics","Compile Driver+1"],"picked":"Go for the Eyes+1","floor":38.0},{"not_picked":["Electrodynamics","BootSequence+1"],"picked":"Undo+1","floor":41.0},{"not_picked":["Beam Cell","Redo+1"],"picked":"Undo+1","floor":42.0},{"not_picked":["Reinforced Body","Fusion","Storm"],"picked":"Singing Bowl","floor":45.0},{"not_picked":["Aggregate+1","Recycle+1","Beam Cell"],"picked":"Singing Bowl","floor":46.0},{"not_picked":["Reboot","Sweeping Beam+1"],"picked":"Seek","floor":47},{"not_picked":["Auto Shields","Go for the Eyes+1"],"picked":"Doom and Gloom+1","floor":48}],"player_experience":347857,"relics_obtained":[{"floor":9.0,"key":"War Paint"},{"floor":10.0,"key":"Odd Mushroom"},{"floor":12.0,"key":"Blood Vial"},{"floor":26.0,"key":"Unceasing Top"},{"floor":27.0,"key":"HornCleat"},{"floor":41.0,"key":"Du-Vu Doll"},{"floor":43.0,"key":"Singing Bowl"},{"floor":47,"key":"Eternal Feather"}],"event_choices":[{"damage_healed":0.0,"max_hp_gain":0.0,"max_hp_loss":0.0,"gold_gain":0.0,"event_name":"Scrap Ooze","player_choice":"Success","floor":5.0,"gold_loss":0.0,"damage_taken":3.0,"relics_obtained":["Vajra"]},{"damage_healed":0.0,"max_hp_gain":0.0,"max_hp_loss":6.0,"gold_gain":0.0,"event_name":"Golden Idol","player_choice":"Lose Max HP","floor":7.0,"gold_loss":0.0,"damage_taken":0.0,"relics_obtained":["Golden Idol"]},{"damage_healed":0.0,"max_hp_gain":0.0,"max_hp_loss":0.0,"gold_gain":0.0,"event_name":"Mushrooms","player_choice":"Fought Mushrooms","floor":10.0,"gold_loss":0.0,"damage_taken":0.0},{"damage_healed":0.0,"max_hp_gain":0.0,"max_hp_loss":0.0,"gold_gain":0.0,"event_name":"Shining Light","player_choice":"Entered Light","floor":11.0,"gold_loss":0.0,"damage_taken":14.0,"cards_upgraded":["Defend_B","Loop"]},{"damage_healed":0.0,"max_hp_gain":0.0,"max_hp_loss":0.0,"gold_gain":99.0,"event_name":"Nest","player_choice":"Stole From Cult","floor":20.0,"gold_loss":0.0,"damage_taken":0.0},{"damage_healed":0.0,"max_hp_gain":0.0,"max_hp_loss":0.0,"gold_gain":0.0,"event_name":"Match and Keep!","player_choice":"0 cards matched","floor":25.0,"gold_loss":0.0,"damage_taken":0.0,"cards_obtained":[]},{"damage_healed":0.0,"max_hp_gain":0.0,"max_hp_loss":0.0,"gold_gain":0.0,"event_name":"betterSkull:BetterSkull","player_choice":"UP UP ","floor":31.0,"gold_loss":0.0,"damage_taken":25.0,"cards_upgraded":["Sunder","Compile Driver"],"relics_obtained":[]},{"damage_healed":0.0,"max_hp_gain":0.0,"max_hp_loss":13.0,"gold_gain":3.0,"event_name":"betterStone:BetterStone","player_choice":"2","floor":39.0,"gold_loss":0.0,"damage_taken":0.0}],"is_beta":false,"boss_relics":[{"not_picked":["Calling Bell","Tiny House"],"picked":"Fusion Hammer"},{"not_picked":["FrozenCore","Sozu"],"picked":"Velvet Choker"}],"items_purged_floors":[44],"is_endless":false,"potions_floor_spawned":[4,10,14,18,21,22,28,38,41,48],"ascension_level":9}}