{"host":"pesfwaef25r60kxm","time":1612077196,"event":{"mods":["ATMod(阿瑾Mod)","Act Like it!","Arknights","BaseMod","Colored Powertips","Downfall","Gensokyo","Minty Spire (QoL Compilation)","Pale of the Ancients","Replay The Spire","RumiaBox-露米娅的神秘盒子","Spicy Shops","StSLib","Waifu the Spire","WarShipGirlsR/战舰少女R mod","[IsaacMod]以撒尖塔","noobMod","【功能Mod】聪明的最终Boss","【遗物卡牌】REMEMod"],"gold_per_floor":[99,99,99,172,172,82,82,82,82,82,115,115,127,112,127,230,230,230,241,256,276,276,276,276,276],"floor_reached":23,"language":"ZHS","playtime":658,"items_purged":["Slimebound:Strike_Slimebound"],"score":221,"play_id":"fb997659-d86a-4bf5-a602-1edbc13103fc","local_time":"20210131151316","is_ascension_mode":true,"campfire_choices":[{"floor":1,"key":"DIG"},{"data":"Slimebound:SplitAcid","floor":10,"key":"SMITH"},{"data":"Slimebound:SlimeBarrage","floor":12,"key":"SMITH"},{"data":"REME_EyeOfCthun","floor":18,"key":"SMITH"}],"circlet_count":0,"master_deck":["Slimebound:Strike_Slimebound","Slimebound:Strike_Slimebound","Slimebound:Tackle+1","Slimebound:Defend_Slimebound","Slimebound:Defend_Slimebound","Slimebound:Defend_Slimebound","Slimebound:Defend_Slimebound","Slimebound:Split","Slimebound:CorrosiveSpit","EpicFetus","AT_FamilyPortrait+1","Secret Weapon+1","Slimebound:SplitAcid+1","Slimebound:AcidTongue","downfall:Malfunctioning","Slimebound:SlimeBarrage+1","Slimebound:SplitMire","Slimebound:Teamwork","REME_EyeOfCthun+1","Mind Blast","Slimebound:Nibble","Slimebound:Chomp","Slimebound:RejuvenatingLick","Slimebound:RainOfGoop","Slimebound:SelfFormingGoo"],"relics":["Slimebound:AbsorbEndCombat","HushsDoor","ice","REME_ComplimentaryCards","AT_ATBox","downfall:HeartsMalice","BookofShadows","Strawberry","Replay:Mystery Machine","Torii","Tiny Chest","Black Star","BelialBook","SatanicBible"],"acts_visited":["Exordium","TheCity"],"potions_floor_usage":[],"damage_taken":[{"damage":0,"enemies":"Jaw Worm","floor":2,"turns":1},{"damage":0,"enemies":"Small Slimes","floor":3,"turns":1},{"damage":0,"enemies":"Cultist","floor":5,"turns":1},{"damage":13,"enemies":"downfall:FleeingMerchant","floor":6,"turns":4},{"damage":83,"enemies":"3 Sentries","floor":11,"turns":11},{"damage":20,"enemies":"3 Louse","floor":13,"turns":2},{"damage":5,"enemies":"downfall:FleeingMerchant","floor":14,"turns":4},{"damage":13,"enemies":"Red Slaver","floor":15,"turns":2},{"damage":5,"enemies":"SI_SHIV_ARCHETYPE","floor":16,"turns":4},{"damage":10,"enemies":"Spheric Guardian","floor":19,"turns":3},{"damage":30,"enemies":"Centurion and Healer","floor":20,"turns":5},{"damage":18,"enemies":"Shelled Parasite and Fungi","floor":21,"turns":2},{"damage":90,"enemies":"Book of Stabbing","floor":23,"turns":5}],"seed_played":"8525429724522519825","potions_obtained":[{"floor":4,"key":"CultistPotion"},{"floor":4,"key":"Ancient Potion"},{"floor":4,"key":"LiquidMemories"}],"is_trial":false,"path_per_floor":["R","M","M","?","M","$","T","?","?","R","E","R","M","$","M","B",null,"R","M","M","M","?","E"],"character_chosen":"SLIMEBOUND","items_purchased":["Replay:Mystery Machine","BelialBook","SatanicBible","REME_EyeOfCthun","Mind Blast","Slimebound:Nibble","Slimebound:Chomp","Slimebound:RejuvenatingLick","Slimebound:RainOfGoop","Slimebound:SelfFormingGoo"],"campfire_rested":0,"item_purchase_floors":[6,17,17,17,17,17,17,17,17,17],"current_hp_per_floor":[72,72,72,72,72,61,61,61,61,61,45,45,25,27,14,9,43,43,33,47,31,31,0,0,0],"gold":276,"neow_bonus":"THREE_ENEMY_KILL","is_daily":false,"chose_seed":false,"campfire_upgraded":3,"win_rate":0.0,"timestamp":1612077196,"path_taken":["R","M","M","?","M","$","T","?","?","R","E","R","?","$","M","BOSS","R","M","M","M","?","E"],"items_purchased_type":["Relic","Relic","Relic","Card","Card","Card","Card","Card","Card","Card"],"build_version":"2020-12-22","purchased_purges":1,"victory":false,"max_hp_per_floor":[72,72,72,72,72,72,72,72,72,72,76,76,79,84,85,90,43,43,44,47,49,49,63,63,63],"card_choices":[{"not_picked":[],"picked":"EpicFetus","floor":0},{"not_picked":["Slimebound:RollThrough","Slimebound:SlimeSpikes"],"picked":"Bomb","floor":2},{"not_picked":["Slimebound:FinishingTackle","Slimebound:Grow"],"picked":"Slimebound:SplitAcid","floor":3},{"not_picked":["Slimebound:OozeBath","Slimebound:SamplingLick"],"picked":"Slimebound:AcidTongue","floor":5},{"not_picked":["Slimebound:Prepare","Slimebound:DisruptingSlam","Slimebound:Replication"],"picked":"SKIP","floor":6},{"not_picked":["Slimebound:BestDefense","Slimebound:LeechEnergy"],"picked":"Slimebound:SlimeBarrage","floor":11},{"not_picked":["Slimebound:Dissolve","Slimebound:LeechEnergy"],"picked":"Bomb","floor":13},{"not_picked":["Slimebound:ItLooksTasty","Slimebound:SlimeBrawl","Slimebound:ProtectTheBoss"],"picked":"SKIP","floor":14},{"not_picked":["Slimebound:Schlurp","Slimebound:ItLooksTasty"],"picked":"Slimebound:SplitMire","floor":15},{"not_picked":["Slimebound:MinionMaster","Slimebound:DuplicatedForm"],"picked":"Slimebound:Teamwork","floor":16},{"not_picked":["Slimebound:SlimeSpikes","Slimebound:RejuvenatingLick","Slimebound:DisruptingSlam+1"],"picked":"SKIP","floor":19},{"not_picked":["Slimebound:Chomp+1","Slimebound:FlameTackle+1","Slimebound:ProtectTheBoss"],"picked":"SKIP","floor":20},{"not_picked":["Slimebound:RollThrough","Slimebound:SlimeSpikes","Slimebound:RejuvenatingLick"],"picked":"SKIP","floor":21}],"player_experience":113976,"relics_obtained":[{"floor":1,"key":"Strawberry"},{"floor":7,"key":"Torii"},{"floor":11,"key":"Tiny Chest"}],"event_choices":[],"is_beta":false,"boss_relics":[{"not_picked":["Coffee Dripper","Runic Pyramid"],"picked":"Black Star"},{"not_picked":[]}],"items_purged_floors":[17],"is_endless":false,"potions_floor_spawned":[11,15,16,20,21],"killed_by":"Book of Stabbing","ascension_level":1}}