{"host":"xb2tau8pgi8aflss","time":1612066463,"event":{"mods":["AchievementEnabler","BaseMod","Hermit","Minty Spire (QoL Compilation)","StSLib","SuperFastMode"],"gold_per_floor":[118,118,43,43,55,55,80,80,80,30,61,75,102,102,102,102,102],"floor_reached":16,"language":"KOR","playtime":444,"items_purged":["Defend_P"],"score":183,"play_id":"af577fe0-de2d-424c-b914-680da6c7ae9a","local_time":"20210131131423","is_ascension_mode":true,"campfire_choices":[{"data":"Adaptation","floor":6,"key":"SMITH"},{"data":"Prostrate","floor":8,"key":"SMITH"},{"data":"Vigilance","floor":15,"key":"SMITH"}],"circlet_count":0,"master_deck":["Strike_P","Strike_P","Strike_P","Defend_P","Defend_P","Eruption","Vigilance+1","Prostrate+1","Protect","Adaptation+1","EmptyBody","Worship","Prostrate","Injury"],"relics":["PureWater","NeowsBlessing","Darkstone Periapt","Question Card","Ornamental Fan","Yang","InkBottle","Golden Idol"],"acts_visited":["Exordium"],"potions_floor_usage":[13,16],"damage_taken":[{"damage":0,"enemies":"Jaw Worm","floor":1,"turns":1},{"damage":0,"enemies":"Cultist","floor":5,"turns":1},{"damage":0,"enemies":"Gremlin Nob","floor":7,"turns":1},{"damage":8,"enemies":"Lagavulin","floor":11,"turns":7},{"damage":1,"enemies":"2 Louse","floor":12,"turns":4},{"damage":32,"enemies":"Gremlin Nob","floor":13,"turns":5},{"damage":73,"enemies":"The Guardian","floor":16,"turns":11}],"seed_played":"1148611627264349005","potions_obtained":[{"floor":7,"key":"Weak Potion"},{"floor":12,"key":"Block Potion"}],"is_trial":false,"path_per_floor":["M","?","$","T","M","R","E","R","T","?","E","M","E","?","R","B"],"character_chosen":"WATCHER","items_purchased":[],"campfire_rested":0,"item_purchase_floors":[],"current_hp_per_floor":[65,65,65,65,65,65,65,65,65,65,57,56,24,30,30,0,0],"gold":102,"neow_bonus":"THREE_ENEMY_KILL","is_daily":false,"chose_seed":false,"campfire_upgraded":3,"win_rate":0.0,"timestamp":1612066463,"path_taken":["M","?","$","?","?","R","E","R","T","?","E","M","E","?","R","BOSS"],"items_purchased_type":[],"build_version":"2020-12-22","purchased_purges":1,"victory":false,"max_hp_per_floor":[72,72,72,72,72,72,72,72,72,72,72,72,72,78,78,78,78],"card_choices":[{"not_picked":["CrushJoints","Swivel"],"picked":"Prostrate","floor":1},{"not_picked":["EmptyMind","WheelKick"],"picked":"Adaptation","floor":5},{"not_picked":["ClearTheMind","Swivel"],"picked":"EmptyBody","floor":7},{"not_picked":["MasterReality","ThirdEye","EmptyBody"],"picked":"Worship","floor":11},{"not_picked":["JustLucky","SashWhip","Establishment"],"picked":"Prostrate","floor":12},{"not_picked":["SashWhip","JustLucky","CutThroughFate","EmptyBody"],"picked":"SKIP","floor":13}],"player_experience":794422,"relics_obtained":[{"floor":4,"key":"Darkstone Periapt"},{"floor":7,"key":"Question Card"},{"floor":9,"key":"Ornamental Fan"},{"floor":11,"key":"Yang"},{"floor":13,"key":"InkBottle"}],"event_choices":[{"damage_healed":0,"gold_gain":0,"cards_transformed":["Strike_P"],"player_choice":"Transformed","damage_taken":0,"max_hp_gain":0,"max_hp_loss":0,"event_name":"Transmorgrifier","floor":2,"gold_loss":0,"cards_obtained":["Protect"]},{"cards_removed":["Defend_P"],"damage_healed":0,"gold_gain":0,"player_choice":"Card Removal","damage_taken":0,"max_hp_gain":0,"max_hp_loss":0,"event_name":"The Cleric","floor":10,"gold_loss":50},{"damage_healed":0,"gold_gain":0,"player_choice":"Take Wound","damage_taken":0,"relics_obtained":["Golden Idol"],"max_hp_gain":0,"max_hp_loss":0,"event_name":"Golden Idol","floor":14,"gold_loss":0,"cards_obtained":["Injury"]}],"is_beta":false,"boss_relics":[],"items_purged_floors":[3],"is_endless":false,"potions_floor_spawned":[7,12],"killed_by":"The Guardian","ascension_level":6}}