{"host":"8lno9xwgef3sjccz","time":1612062501,"event":{"mods":["AchievementEnabler","BaseMod","Minty Spire (QoL Compilation)","Relic Stats"],"gold_per_floor":[117,134,134,145,0,0,15,33,81,98,113,113,126,138,138,233,233,248,263,281,13,13,13,13,31,31,45,63,63,79,91,91,91,91],"floor_reached":33,"language":"ENG","playtime":1826,"items_purged":["Strike_B"],"score":261,"play_id":"8910e4c4-4976-4771-89c8-dc9e7d9aa9e6","local_time":"20210130220821","is_ascension_mode":true,"campfire_choices":[{"data":"Rip and Tear","floor":6,"key":"SMITH"},{"data":"Rip and Tear","floor":12,"key":"SMITH"},{"data":"Scrape","floor":15,"key":"SMITH"},{"floor":23,"key":"REST"},{"floor":29,"key":"REST"},{"data":"Capacitor","floor":32,"key":"SMITH"}],"circlet_count":0,"master_deck":["Strike_B+1","Strike_B+1","Strike_B+1","Defend_B+1","Defend_B+1","Defend_B+1","Defend_B+1","Zap","Leap","Genetic Algorithm","Barrage","Rip and Tear+1","Cold Snap","Rip and Tear+1","Sweeping Beam","Scrape+1","Gash","Go for the Eyes","Core Surge","CurseOfTheBell","Conserve Battery+1","Self Repair","Cold Snap","Capacitor+1","Leap+1","Go for the Eyes","Redo","Lockon+1","Amplify"],"relics":["SacredBark","Pen Nib","Calling Bell","DataDisk","The Courier","Dead Branch","Tiny Chest","Dream Catcher","Thread and Needle"],"acts_visited":["Exordium","TheCity"],"potions_floor_usage":[13,14,14,16,25,33,33],"damage_taken":[{"damage":12,"enemies":"Cultist","floor":1,"turns":5},{"damage":1,"enemies":"Small Slimes","floor":2,"turns":4},{"damage":5,"enemies":"Jaw Worm","floor":4,"turns":6},{"damage":0,"enemies":"Blue Slaver","floor":7,"turns":5},{"damage":12,"enemies":"Lots of Slimes","floor":8,"turns":5},{"damage":0,"enemies":"Exordium Wildlife","floor":10,"turns":3},{"damage":0,"enemies":"2 Fungi Beasts","floor":11,"turns":2},{"damage":23,"enemies":"Gremlin Gang","floor":13,"turns":5},{"damage":7,"enemies":"Large Slime","floor":14,"turns":3},{"damage":11,"enemies":"The Guardian","floor":16,"turns":9},{"damage":15,"enemies":"3 Byrds","floor":18,"turns":5},{"damage":6,"enemies":"Shell Parasite","floor":19,"turns":6},{"damage":1,"enemies":"Cultist and Chosen","floor":20,"turns":6},{"damage":15,"enemies":"Snake Plant","floor":25,"turns":6},{"damage":5,"enemies":"Shelled Parasite and Fungi","floor":27,"turns":9},{"damage":5,"enemies":"Cultist and Chosen","floor":28,"turns":7},{"damage":3,"enemies":"Snake Plant","floor":30,"turns":5},{"damage":30,"enemies":"Centurion and Healer","floor":31,"turns":12},{"damage":50,"enemies":"Collector","floor":33,"turns":6}],"seed_played":"5512577057855598298","potions_obtained":[{"floor":1,"key":"Energy Potion"},{"floor":10,"key":"SpeedPotion"},{"floor":13,"key":"Dexterity Potion"},{"floor":14,"key":"DuplicationPotion"},{"floor":20,"key":"AttackPotion"},{"floor":27,"key":"PowerPotion"},{"floor":28,"key":"PotionOfCapacity"}],"is_trial":false,"path_per_floor":["M","M","?","M","$","R","M","M","T","M","M","R","M","M","R","B",null,"M","M","M","$","?","R","?","M","T","M","M","R","M","M","R","B"],"character_chosen":"DEFECT","items_purchased":["Rip and Tear","Tiny Chest","Dream Catcher","Cold Snap"],"campfire_rested":2,"item_purchase_floors":[5,21,21,21],"current_hp_per_floor":[63,62,62,57,57,57,57,45,45,45,45,45,22,15,15,4,75,60,54,53,53,53,75,75,67,67,69,64,75,72,49,49,0,0],"gold":91,"neow_bonus":"BOSS_RELIC","is_daily":false,"chose_seed":false,"campfire_upgraded":4,"win_rate":0.0,"timestamp":1612062501,"path_taken":["M","M","?","M","$","R","?","M","T","M","M","R","M","M","R","BOSS","M","M","M","$","?","R","?","M","T","M","M","R","M","M","R","BOSS"],"items_purchased_type":["Card","Relic","Relic","Card"],"build_version":"2020-12-22","purchased_purges":1,"victory":false,"max_hp_per_floor":[75,75,75,75,75,75,75,75,75,75,75,75,75,75,75,75,75,75,75,75,75,75,75,75,75,75,75,75,75,75,75,75,75,75],"relic_stats":{"Dream Catcher":2,"counters":[19,109],"Dead Branch":[24],"Tiny Chest":0,"Pen Nib":[18],"obtain_stats":[{"Calling Bell":17,"DataDisk":17,"Dream Catcher":21,"SacredBark":0,"Dead Branch":17,"Tiny Chest":21,"Thread and Needle":26,"Pen Nib":9,"The Courier":17,"Cracked Core":0},{"Calling Bell":10,"DataDisk":10,"Dream Catcher":13,"SacredBark":0,"Dead Branch":10,"Tiny Chest":13,"Thread and Needle":14,"Pen Nib":5,"The Courier":10,"Cracked Core":0},{"Calling Bell":47,"DataDisk":47,"Dream Catcher":64,"SacredBark":0,"Dead Branch":47,"Tiny Chest":64,"Thread and Needle":70,"Pen Nib":25,"The Courier":47,"Cracked Core":0}]},"card_choices":[{"not_picked":["Blizzard","Beam Cell"],"picked":"Leap","floor":1},{"not_picked":["Streamline","Beam Cell"],"picked":"Genetic Algorithm","floor":2},{"not_picked":["Hologram","Turbo"],"picked":"Barrage","floor":4},{"not_picked":["Static Discharge","Stack"],"picked":"Cold Snap","floor":7},{"not_picked":["Stack","Self Repair"],"picked":"Rip and Tear","floor":8},{"not_picked":["Redo","Meteor Strike"],"picked":"Sweeping Beam","floor":10},{"not_picked":["Force Field","Aggregate"],"picked":"Scrape","floor":11},{"not_picked":["Defragment","Cold Snap"],"picked":"Gash","floor":13},{"not_picked":["Undo","Conserve Battery"],"picked":"Go for the Eyes","floor":14},{"not_picked":["Reboot","Buffer"],"picked":"Core Surge","floor":16},{"not_picked":["Double Energy","Lockon+1"],"picked":"Conserve Battery+1","floor":18},{"not_picked":["Coolheaded","Barrage+1"],"picked":"Self Repair","floor":19},{"not_picked":["Leap","Core Surge","Heatsinks"],"picked":"SKIP","floor":20},{"not_picked":["Go for the Eyes","Hologram"],"picked":"Leap+1","floor":23},{"not_picked":["Storm+1","Skim+1"],"picked":"Go for the Eyes","floor":25},{"not_picked":["Streamline","Scrape","Stack"],"picked":"SKIP","floor":27},{"not_picked":["Lockon+1","Conserve Battery+1"],"picked":"Redo","floor":28},{"not_picked":["Cold Snap","Steam"],"picked":"Lockon+1","floor":29},{"not_picked":["Cold Snap","Coolheaded","Leap"],"picked":"SKIP","floor":30},{"not_picked":["Beam Cell","Stack"],"picked":"Amplify","floor":31}],"player_experience":79235,"relics_obtained":[{"floor":9,"key":"Pen Nib"},{"floor":17,"key":"DataDisk"},{"floor":17,"key":"The Courier"},{"floor":17,"key":"Dead Branch"},{"floor":26,"key":"Thread and Needle"}],"event_choices":[{"cards_removed":["Dualcast"],"damage_healed":0,"gold_gain":0,"player_choice":"Offered Basic","damage_taken":0,"max_hp_gain":0,"max_hp_loss":0,"event_name":"Bonfire Elementals","floor":3,"gold_loss":0},{"damage_healed":0,"gold_gain":0,"player_choice":"Read","damage_taken":0,"max_hp_gain":0,"max_hp_loss":0,"event_name":"The Library","floor":22,"gold_loss":0,"cards_obtained":["Capacitor"]},{"damage_healed":0,"gold_gain":0,"player_choice":"Simplicity","damage_taken":0,"max_hp_gain":0,"max_hp_loss":0,"event_name":"Back to Basics","floor":24,"gold_loss":0,"cards_upgraded":["Strike_B","Strike_B","Strike_B","Defend_B","Defend_B","Defend_B","Defend_B"]}],"is_beta":false,"boss_relics":[{"not_picked":["Empty Cage","Velvet Choker"],"picked":"Calling Bell"}],"items_purged_floors":[5],"is_endless":false,"potions_floor_spawned":[1,10,13,14,20,27,28],"killed_by":"Collector","ascension_level":1}}