{"host":"ocll6kdfqxraqtza","time":1612070955,"event":{"mods":["2.2 Compatiblity","Act Like it!","Aspiration","BaseMod","Better Third Choice","Gensokyo","Hallownest","Hermit","Hubris","Jorbs\u0027s Wanderer Trilogy","Luminous","Marisa（霧雨　魔理沙）","Minty Spire (QoL Compilation)","Reimu（博??梦）","Replay The Spire","Shade Mod","StSLib","The Alterego","The Bug Knight","The Cursed","The Hierophant","The Marked","The Runesmith","TheBandit","Wandering Minibosses"],"gold_per_floor":[119,119,2,2,21,46,46,277,300,332,107,127,27,42,42,237,237,254,264,264,103,103,138,138,138,138,138,138,0,11,11,11],"floor_reached":31,"language":"ENG","playtime":1112,"items_purged":["ReplayTheSpireMod:Shiv Toss+1","theMarked:Strike","theMarked:Defend"],"score":282,"play_id":"5f6727ce-013f-4dbe-9c2f-528013680a71","local_time":"20210131132915","is_ascension_mode":true,"campfire_choices":[{"data":"theMarked:SoldierOfQuellstein","floor":7.0,"key":"SMITH"},{"data":"theMarked:Generate","floor":15.0,"key":"SMITH"},{"data":"Gensokyo:MenInBlack","floor":25,"key":"SMITH"},{"data":"theMarked:TakeOffHeels","floor":27,"key":"SMITH"}],"circlet_count":0,"master_deck":["theMarked:Strike","theMarked:Strike","theMarked:Defend","theMarked:Defend","theMarked:SoldierOfQuellstein+1","theMarked:RepellingDischarge+1","Masterful Stab","Slice","theMarked:EnhanceMovement","theMarked:Parry","theMarked:Electrocute","theMarked:Static","theMarked:Generate+1","theMarked:WardOff","theMarked:Levitate","theMarked:ChannelForce","theMarked:ChainLightning+1","theMarked:TakeOffHeels+1","Gensokyo:MenInBlack+1","theMarked:ComboAttacks"],"relics":["theMarked:ArtifactOfAir","aspiration:Nostalgia","Runesmith:BrokenRuby","hubris:Icosahedron","aspiration:DSix","Oddly Smooth Stone","War Paint","Bird Faced Urn","Replay:Rubber Ducky","Replay:Baseball","Sozu","Gensokyo:RedStar","Pantograph","ClockworkSouvenir"],"acts_visited":["Gensokyo:Gensokyo","Gensokyo:Gensokyoer"],"potions_floor_usage":[20],"damage_taken":[{"damage":0.0,"enemies":"Gensokyo:3_Fairies","floor":1.0,"turns":4.0},{"damage":4.0,"enemies":"Gensokyo:Gryphon","floor":5.0,"turns":4.0},{"damage":4.0,"enemies":"Gensokyo:Aya","floor":6.0,"turns":5.0},{"damage":6.0,"enemies":"Gensokyo:Mamizou","floor":8.0,"turns":9.0},{"damage":44.0,"enemies":"Gensokyo:Cirno","floor":10.0,"turns":8.0},{"damage":0.0,"enemies":"Gensokyo:2_Kodama","floor":12.0,"turns":2.0},{"damage":0.0,"enemies":"Gensokyo:LivingMonolith","floor":14.0,"turns":3.0},{"damage":8,"enemies":"Gensokyo:Reimu","floor":16,"turns":12},{"damage":0,"enemies":"Gensokyo:2_Gloops","floor":18,"turns":5},{"damage":0,"enemies":"Gensokyo:CosmicMonolith","floor":19,"turns":3},{"damage":0,"enemies":"Gensokyo:3_Gloops","floor":20,"turns":1},{"damage":45,"enemies":"Gensokyo:Reisen","floor":23,"turns":9},{"damage":18,"enemies":"Gensokyo:Slime_Group","floor":30,"turns":4},{"damage":9,"enemies":"Gensokyo:Chomper_and_Gloop","floor":31,"turns":2}],"seed_played":"3650168908624136252","potions_obtained":[{"floor":5.0,"key":"Ancient Potion"},{"floor":6.0,"key":"Strength Potion"}],"is_trial":false,"path_per_floor":["M","?","COS","?","M","E","R","E","T","E","$","M","$","M","R","B",null,"M","M","M","$","?","E","?","R","T","R","$","COS","M","M"],"character_chosen":"THE_DEFAULT","items_purchased":["Replay:Baseball","theMarked:ChainLightning+1"],"campfire_rested":0,"item_purchase_floors":[11,21],"current_hp_per_floor":[70,70,70,70,66,62,62,56,56,12,12,12,12,12,12,4,70,70,70,70,70,70,25,25,25,25,25,25,25,7,0,0],"gold":11,"neow_bonus":"NOSTALGIA","is_daily":false,"chose_seed":false,"campfire_upgraded":4,"win_rate":0.0,"timestamp":1612070955,"path_taken":["M","?","COS","?","?","E","R","E","T","E","?","M","$","M","R","BOSS","M","?","?","$","?","E","?","R","T","R","?","COS","?","M"],"items_purchased_type":["Relic","Card"],"build_version":"2020-12-22","purchased_purges":3,"victory":false,"max_hp_per_floor":[70,70,70,70,70,70,70,70,70,70,70,70,70,70,70,70,70,70,70,70,70,70,70,63,63,63,63,63,63,63,63,63],"card_choices":[{"not_picked":["theMarked:ChainLightning","theMarked:SwordAndMagic"],"picked":"theMarked:RepellingDischarge","floor":1.0},{"not_picked":["theMarked:MysticalArsenal","theMarked:RepellingDischarge"],"picked":"theMarked:EnhanceMovement","floor":5.0},{"not_picked":["theMarked:KeepCalmAndFight","theMarked:Parkour"],"picked":"theMarked:Parry","floor":6.0},{"not_picked":["theMarked:ShockingTouch","theMarked:ElectricStrings"],"picked":"theMarked:Electrocute","floor":8.0},{"not_picked":["theMarked:SwordAndMagic","theMarked:ElectricStrings"],"picked":"theMarked:Static","floor":10.0},{"not_picked":["theMarked:Aftermath","theMarked:RepellingDischarge"],"picked":"theMarked:Generate","floor":12.0},{"not_picked":["theMarked:Reabsorb","theMarked:TakeCover"],"picked":"theMarked:WardOff","floor":14.0},{"not_picked":["theMarked:UnarmedFury","theMarked:TurnInvisible"],"picked":"theMarked:Levitate","floor":16},{"not_picked":["theMarked:ResourceFulStrike","theMarked:Memento"],"picked":"theMarked:ChannelForce","floor":18},{"not_picked":["theMarked:TwofoldDefense","theMarked:SwordAndMagic","theMarked:RepellingDischarge"],"picked":"SKIP","floor":19},{"not_picked":["theMarked:BanishingStrike","theMarked:PowerFlow"],"picked":"theMarked:TakeOffHeels","floor":23},{"not_picked":["Gensokyo:SlitMouthedWoman","Gensokyo:Doppelganger"],"picked":"Gensokyo:MenInBlack","floor":24},{"not_picked":["theMarked:ResourceFulStrike","theMarked:Frustration"],"picked":"theMarked:ComboAttacks","floor":30}],"player_experience":487145,"relics_obtained":[{"floor":6.0,"key":"aspiration:DSix"},{"floor":8.0,"key":"Oddly Smooth Stone"},{"floor":9.0,"key":"War Paint"},{"floor":10.0,"key":"Replay:Rubber Ducky"},{"floor":23,"key":"Pantograph"}],"event_choices":[],"is_beta":false,"boss_relics":[{"not_picked":["Calling Bell","Replay:Wanted Poster"],"picked":"Sozu"}],"items_purged_floors":[11,13,21],"is_endless":false,"potions_floor_spawned":[5,6,10,20,30],"killed_by":"Gensokyo:Chomper_and_Gloop","ascension_level":1}}