{"host":"d2y4rmbezebiv8aj","time":1612057208,"event":{"mods":["AchievementEnabler","BaseMod","Bestiary","BetterRewards","Colored Map","Colored Powertips","Custom Start","Highlight Path","Minty Spire (QoL Compilation)","Quick Restart","Rare Cards Sparkle","Relic Sorter","Relic Stats","Shop Mod","Slay-I","StSLib","SuperFastMode"],"gold_per_floor":[112,125,125,137,149,184,184,184,184],"floor_reached":8,"language":"DEU","playtime":271,"items_purged":[],"score":87,"play_id":"cc545692-7d3e-42ff-9b5e-c221468b3828","local_time":"20210131024008","is_ascension_mode":true,"campfire_choices":[{"data":"Footwork","floor":7,"key":"SMITH"}],"circlet_count":0,"master_deck":["AscendersBane","Strike_G","Strike_G","Strike_G","Strike_G","Strike_G","Defend_G","Defend_G","Defend_G","Defend_G","Defend_G","Survivor","Neutralize","PiercingWail","Footwork+1","Dagger Spray","Slice","Dagger Spray","Poisoned Stab","Terror","Caltrops","Blade Dance","Leg Sweep"],"relics":["Ring of the Snake","Orrery","Letter Opener"],"acts_visited":["Exordium"],"potions_floor_usage":[6],"damage_taken":[{"damage":0,"enemies":"Cultist","floor":1,"turns":4},{"damage":1,"enemies":"2 Louse","floor":2,"turns":2},{"damage":0,"enemies":"Small Slimes","floor":4,"turns":3},{"damage":8,"enemies":"Blue Slaver","floor":5,"turns":4},{"damage":15,"enemies":"Lagavulin","floor":6,"turns":5},{"damage":31,"enemies":"3 Sentries","floor":8,"turns":6}],"seed_played":"6260220116302705395","potions_obtained":[{"floor":4,"key":"GhostInAJar"}],"is_trial":false,"path_per_floor":["M","M","$","M","M","E","R","E"],"character_chosen":"THE_SILENT","items_purchased":["Orrery"],"campfire_rested":0,"item_purchase_floors":[0],"current_hp_per_floor":[54,53,53,53,45,30,30,0,0],"gold":184,"neow_bonus":"","is_daily":false,"chose_seed":false,"campfire_upgraded":1,"win_rate":0.0,"timestamp":1612057208,"path_taken":["M","M","$","M","M","E","R","E"],"items_purchased_type":["Relic"],"build_version":"2020-12-22","purchased_purges":0,"victory":false,"max_hp_per_floor":[70,70,70,70,70,70,70,70,70],"relic_stats":{"counters":[17,82],"Letter Opener":[15],"obtain_stats":[{"NeowsBlessing":0,"Sundial":9,"Gambling Chip":6,"Orrery":0,"MealTicket":21,"Black Star":17,"Letter Opener":6,"Ring of the Snake":0},{"NeowsBlessing":0,"Sundial":4,"Gambling Chip":4,"Orrery":11,"MealTicket":9,"Black Star":7,"Letter Opener":16,"Ring of the Snake":0},{"NeowsBlessing":0,"Sundial":11,"Gambling Chip":11,"Orrery":58,"MealTicket":49,"Black Star":36,"Letter Opener":76,"Ring of the Snake":0}],"Ring of the Snake":[34]},"card_choices":[{"not_picked":["Calculated Gamble","Underhanded Strike"],"picked":"PiercingWail","floor":0},{"not_picked":["Concentrate","Blade Dance"],"picked":"Footwork","floor":0},{"not_picked":["Deadly Poison","Outmaneuver"],"picked":"Dagger Spray","floor":0},{"not_picked":["Predator","Outmaneuver"],"picked":"Slice","floor":0},{"not_picked":["Underhanded Strike","Bane"],"picked":"Dagger Spray","floor":0},{"not_picked":["PiercingWail","Accuracy"],"picked":"Poisoned Stab","floor":1},{"not_picked":["Glass Knife","Catalyst"],"picked":"Terror","floor":2},{"not_picked":["Tactician","Outmaneuver"],"picked":"Caltrops","floor":4},{"not_picked":["Cloak And Dagger","Accuracy"],"picked":"Blade Dance","floor":5},{"not_picked":["Prepared","Underhanded Strike"],"picked":"Leg Sweep","floor":6}],"player_experience":388687,"relics_obtained":[{"floor":6,"key":"Letter Opener"}],"event_choices":[],"is_beta":false,"boss_relics":[],"items_purged_floors":[],"is_endless":false,"potions_floor_spawned":[4],"killed_by":"3 Sentries","ascension_level":10}}