{"host":"w3d3m1yxg9zt90yy","time":1612082850,"event":{"mods":["BaseMod","Colored Map","Infinite Spire","Minty Spire (QoL Compilation)","Quick Restart","Replay The Spire","Shop Mod","StSLib","The Bladedancer","The Necromancer"],"gold_per_floor":[116,116,8,8,8,33,33,63,63,76,89,104,133,133,133,228,228,242,261,280,280,280,280,57,57,57],"floor_reached":25,"language":"ENG","playtime":967,"items_purged":[],"score":230,"play_id":"c48fa759-03db-4dca-8ae9-03987f9321c2","local_time":"20210131024730","is_ascension_mode":true,"campfire_choices":[{"data":"Blood_Is_Power","floor":15,"key":"SMITH"},{"floor":23,"key":"REST"}],"circlet_count":0,"master_deck":["Strike_W","Strike_W","Strike_W","Strike_W","Defend_W","Defend_W","Defend_W","Defend_W","Negative_Energy_Arrows","Bone_Wall","Bone_Bullets+1","Regret","Blood_Is_Power","Vampiric_Strike","Vampiric_Strike","Finger_Of_Death","Blood_Is_Power+1","Bones_to_Steel","Life_Drain","Vampiric_Strike","Writhe","Summon_Vampire_Lady","Negative_Energy_Shield+1","Bone_Bullets+1","Summon_Undead_Army","Summon_Undead_Army","Summon_Vampire_Lady"],"relics":["Sozu","Durian","Replay:Bottled Flurry","Replay:Bottled Eggs","Thread and Needle","infinitespire:ShieldingShard","TungstenRod","Snecko Eye","DollysMirror"],"acts_visited":["Exordium","TheCity"],"potions_floor_usage":[],"damage_taken":[{"damage":5,"enemies":"Jaw Worm","floor":1,"turns":4},{"damage":20,"enemies":"3 Sentries","floor":6,"turns":7},{"damage":8,"enemies":"Gremlin Nob","floor":8,"turns":3},{"damage":0,"enemies":"Cultist","floor":10,"turns":3},{"damage":1,"enemies":"2 Louse","floor":11,"turns":2},{"damage":4,"enemies":"Looter","floor":12,"turns":3},{"damage":2,"enemies":"Replay:BlueRogue","floor":13,"turns":5},{"damage":60,"enemies":"The Guardian","floor":16,"turns":10},{"damage":17,"enemies":"2 Thieves","floor":18,"turns":4},{"damage":7,"enemies":"Spheric Guardian","floor":19,"turns":4},{"damage":51,"enemies":"3 Cultists","floor":20,"turns":6},{"damage":9,"enemies":"Centurion and Healer","floor":25,"turns":2}],"seed_played":"-7632894171842560586","potions_obtained":[],"is_trial":false,"path_per_floor":["M","?","$","?","T","E","?","E","T","M","M","M","E","?","R","B",null,"M","M","M","?","?","R","$","M"],"character_chosen":"NECROMANCER","items_purchased":["Blood_Is_Power","Vampiric_Strike","Summon_Undead_Army","DollysMirror"],"campfire_rested":1,"item_purchase_floors":[3,3,24,24],"current_hp_per_floor":[70,75,75,75,75,63,63,57,57,59,60,58,64,64,64,28,80,69,71,43,43,29,54,54,48,48],"gold":57,"neow_bonus":"BOSS_RELIC","is_daily":false,"chose_seed":false,"campfire_upgraded":1,"win_rate":0.0,"timestamp":1612082850,"path_taken":["M","?","?","?","?","E","?","E","T","M","M","?","E","?","R","BOSS","M","M","M","?","?","R","$","M"],"items_purchased_type":["Card","Card","Card","Relic"],"build_version":"2020-12-22","purchased_purges":0,"victory":false,"max_hp_per_floor":[75,80,80,80,80,80,80,80,80,80,80,80,80,80,80,80,80,80,80,80,80,85,85,85,85,85],"card_choices":[{"not_picked":["Negative_Energy_Sphere","Flesh_Made_Foul"],"picked":"Bone_Bullets","floor":1},{"not_picked":["Death_March_Dance","Grasp_Heart"],"picked":"Finger_Of_Death","floor":6},{"not_picked":["Uncharnel","Stop_Heart"],"picked":"Blood_Is_Power","floor":8},{"not_picked":["Death_Coil","Bone_Shift","Shackles_Of_Pain"],"picked":"SKIP","floor":10},{"not_picked":["Consume_Illness","Bone_Bullets"],"picked":"Bones_to_Steel","floor":11},{"not_picked":["Summon_Lich","Exploit"],"picked":"Life_Drain","floor":12},{"not_picked":["Blood_Magic","Bone_Bullets"],"picked":"Vampiric_Strike","floor":13},{"not_picked":["Reap_The_Weak","Grasp_Heart"],"picked":"Summon_Vampire_Lady","floor":16},{"not_picked":["Bone_Shift","Blood_Curse+1"],"picked":"Negative_Energy_Shield+1","floor":18},{"not_picked":["Corrupt+1","Necromantic_Selection"],"picked":"Bone_Bullets+1","floor":19},{"not_picked":["Violent_Necrosis+1","Scare","Acid_Javelin"],"picked":"SKIP","floor":20}],"player_experience":170184,"relics_obtained":[{"floor":5,"key":"Replay:Bottled Flurry"},{"floor":6,"key":"Replay:Bottled Eggs"},{"floor":8,"key":"Thread and Needle"},{"floor":9,"key":"infinitespire:ShieldingShard"},{"floor":13,"key":"TungstenRod"}],"event_choices":[{"damage_healed":0,"gold_gain":0,"player_choice":"Box","damage_taken":0,"relics_obtained":["Durian"],"max_hp_gain":0,"max_hp_loss":0,"event_name":"Big Fish","floor":2,"gold_loss":0,"cards_obtained":["Regret"]},{"damage_healed":0,"gold_gain":0,"player_choice":"Ignored","damage_taken":0,"max_hp_gain":0,"max_hp_loss":0,"event_name":"WeMeetAgain","floor":7,"gold_loss":0},{"damage_healed":0,"gold_gain":0,"player_choice":"Read","damage_taken":0,"max_hp_gain":0,"max_hp_loss":0,"event_name":"The Library","floor":21,"gold_loss":0,"cards_obtained":["Summon_Undead_Army"]},{"damage_healed":0,"gold_gain":0,"player_choice":"Shed Blood","damage_taken":20,"max_hp_gain":5,"max_hp_loss":0,"event_name":"Forgotten Altar","floor":22,"gold_loss":0}],"is_beta":false,"boss_relics":[{"not_picked":["Honey Jar","SlaversCollar"],"picked":"Snecko Eye"}],"items_purged_floors":[],"is_endless":false,"potions_floor_spawned":[1,11,12,18,19],"killed_by":"Centurion and Healer","ascension_level":1}}