{"host":"xspobo6976yah3h4","time":1612102731,"event":{"mods":["BaseMod","Clockwork Mod","Colored Map","Curses Come First","Downfall","Minty Spire (QoL Compilation)","Random Character Button","StSLib","The Cursed","The Servant 0.9.4"],"gold_per_floor":[349,367,384,136,146,172,172,172,187,187,187,217,282,307,318,417,417,417,427,439,0,18,46,69,169,269,280,280,280,280,314,329,434,434,434,446,157,167,167,183,183,183,197,215,46,56,56,87,106,106],"floor_reached":51,"language":"ENG","playtime":8382,"items_purged":["Doubt","downfall:Malfunctioning","Guardian:Defend_Guardian","Guardian:Strike_Guardian"],"score":906,"play_id":"823a3417-4878-4d03-95fe-81d98bae7c04","local_time":"20210131151851","is_ascension_mode":true,"campfire_choices":[{"data":"Guardian:CurlUp","floor":1,"key":"SMITH"},{"data":"expansioncontent:HyperBeam","floor":10,"key":"SMITH"},{"data":"Guardian:BodySlam","floor":18,"key":"SMITH"},{"data":"Guardian:Orbwalk","floor":28,"key":"SMITH"},{"data":"Guardian:SentryBeam","floor":30,"key":"SMITH"},{"data":"expansioncontent:QuickStudy","floor":35,"key":"SMITH"},{"data":"Guardian:PrismaticBarrier","floor":47,"key":"SMITH"}],"circlet_count":0,"master_deck":["Guardian:Strike_Guardian+1","Guardian:Defend_Guardian+1","Guardian:Defend_Guardian+1","Guardian:CurlUp+1","Guardian:TwinSlam+1","Guardian:PiercingHide+1","Guardian:Orbwalk+1","expansioncontent:HyperBeam+1","Guardian:Planning","Guardian:BodySlam+1","Guardian:ChargeCore","Guardian:ShieldCharger","Guardian:ExploitGems","Guardian:SentryBeam+1","Guardian:Recover","Guardian:ExploitGems","expansioncontent:QuickStudy+1","Guardian:Incinerate+1","J.A.X.","Guardian:PrismaticBarrier+1","Guardian:AncientConstruct","Guardian:TemporalShield+1","Guardian:Preprogram+1","Guardian:TimeCapacitor","Guardian:Gem_Orange"],"relics":["Guardian:ModeShifter","CaptainsWheel","Thread and Needle","Meat on the Bone","PreservedInsect","Happy Flower","Black Star","DollysMirror","Incense Burner","Toy Ornithopter","Boot","MutagenicStrength","Potion Belt","StrikeDummy","Blue Candle","Cursed Key","Bag of Marbles","Pear","Unceasing Top","Shuriken","Whetstone"],"acts_visited":["Exordium","TheCity","TheBeyond"],"potions_floor_usage":[6,13,14,50],"damage_taken":[{"damage":3,"enemies":"Jaw Worm","floor":2,"turns":5},{"damage":8,"enemies":"2 Louse","floor":3,"turns":4},{"damage":10,"enemies":"downfall:FleeingMerchant","floor":4,"turns":4},{"damage":0,"enemies":"Small Slimes","floor":5,"turns":3},{"damage":21,"enemies":"Gremlin Nob","floor":6,"turns":5},{"damage":0,"enemies":"3 Louse","floor":9,"turns":3},{"damage":16,"enemies":"Lagavulin","floor":12,"turns":8},{"damage":20,"enemies":"Lagavulin Event","floor":13,"turns":6},{"damage":0,"enemies":"Gremlin Nob","floor":14,"turns":2},{"damage":0,"enemies":"Blue Slaver","floor":15,"turns":1},{"damage":31,"enemies":"IC_STATUS_ARCHETYPE","floor":16,"turns":12},{"damage":0,"enemies":"Shell Parasite","floor":19,"turns":4},{"damage":0,"enemies":"Snake Plant","floor":20,"turns":5},{"damage":1,"enemies":"downfall:FleeingMerchant","floor":21,"turns":4},{"damage":0,"enemies":"Sentry and Sphere","floor":22,"turns":3},{"damage":0,"enemies":"Gremlin Leader","floor":23,"turns":4},{"damage":1,"enemies":"downfall:Augmenter","floor":25,"turns":6},{"damage":25,"enemies":"downfall:LadyInBlue","floor":26,"turns":10},{"damage":22,"enemies":"Cultist and Chosen","floor":27,"turns":6},{"damage":9,"enemies":"Book of Stabbing","floor":31,"turns":4},{"damage":0,"enemies":"Chosen and Byrds","floor":32,"turns":3},{"damage":6,"enemies":"SI_MIRROR_ARCHETYPE","floor":33,"turns":7},{"damage":3,"enemies":"Orb Walker","floor":36,"turns":3},{"damage":8,"enemies":"downfall:FleeingMerchant","floor":37,"turns":4},{"damage":0,"enemies":"3 Shapes","floor":38,"turns":2},{"damage":2,"enemies":"Jaw Worm Horde","floor":40,"turns":3},{"damage":0,"enemies":"Spire Growth","floor":43,"turns":2},{"damage":0,"enemies":"4 Shapes","floor":44,"turns":1},{"damage":3,"enemies":"downfall:FleeingMerchant","floor":45,"turns":2},{"damage":1,"enemies":"Sphere and 2 Shapes","floor":46,"turns":5},{"damage":3,"enemies":"Giant Head","floor":48,"turns":4},{"damage":3,"enemies":"Spire Growth","floor":49,"turns":4},{"damage":22,"enemies":"WA_ARCHETYPE_DIVINITY","floor":50,"turns":6}],"seed_played":"-5336569400213821471","potions_obtained":[{"floor":3,"key":"BlessingOfTheForge"},{"floor":9,"key":"sneckomod:MuddlingPotion"},{"floor":12,"key":"Slimebound:ThreeZeroPotion"},{"floor":13,"key":"Strength Potion"},{"floor":14,"key":"FearPotion"},{"floor":16,"key":"Regen Potion"},{"floor":20,"key":"DuplicationPotion"},{"floor":26,"key":"FairyPotion"},{"floor":26,"key":"Dexterity Potion"},{"floor":26,"key":"Guardian:AcceleratePotion"}],"is_trial":false,"path_per_floor":["R","M","M","$","M","E","T","?","M","R","?","E","?","E","M","B",null,"R","M","M","$","M","E","T","?","?","M","R","?","R","E","M","B",null,"R","M","$","M","?","M","T","?","M","M","$","M","R","E","M","B",null],"character_chosen":"GUARDIAN","items_purchased":["Guardian:Orbwalk","expansioncontent:HyperBeam","DollysMirror","expansioncontent:QuickStudy","Bag of Marbles","Unceasing Top","Guardian:TimeCapacitor"],"campfire_rested":0,"item_purchase_floors":[4,4,21,21,37,45,45],"current_hp_per_floor":[80,77,69,59,59,38,38,64,64,64,64,48,40,52,52,33,80,80,80,80,79,79,79,79,78,53,43,43,43,43,46,46,52,80,80,77,69,69,69,67,77,69,69,69,66,65,65,62,59,54],"gold":106,"neow_bonus":"TWO_FIFTY_GOLD","is_daily":false,"chose_seed":false,"campfire_upgraded":7,"win_rate":0.0,"timestamp":1612102731,"path_taken":["R","M","M","$","M","E","T","?","M","R","?","E","?","E","M","BOSS","R","M","M","$","M","E","T","?","?","?","R","?","R","E","M","BOSS","R","M","?","M","?","M","T","?","?","M","$","M","R","E","M","BOSS"],"items_purchased_type":["Card","Card","Relic","Card","Relic","Relic","Card"],"build_version":"2020-12-22","purchased_purges":4,"victory":true,"max_hp_per_floor":[80,80,80,80,80,80,80,80,80,80,80,80,80,80,80,80,80,80,80,80,80,80,80,80,80,80,80,80,80,80,80,80,80,80,80,80,80,80,80,80,90,90,90,90,90,90,90,90,90,90],"card_choices":[{"not_picked":["Guardian:ChargeCore","Guardian:Gem_Red"],"picked":"Guardian:Gem_Crimson","floor":2},{"not_picked":["Guardian:Planning","Guardian:Preprogram"],"picked":"Guardian:PiercingHide","floor":3},{"not_picked":["Guardian:Gem_Lightblue","Guardian:TemporalShield","Guardian:Recover"],"picked":"SKIP","floor":4},{"not_picked":["Guardian:Incinerate","Guardian:ShieldCharger"],"picked":"Guardian:Gem_Purple","floor":5},{"not_picked":["Guardian:FierceBash","Guardian:BronzeArmor"],"picked":"Guardian:Planning","floor":6},{"not_picked":["Guardian:Gem_Red","Guardian:ChargeCore"],"picked":"Guardian:Gem_Cyan","floor":9},{"not_picked":["Guardian:Suspension","Guardian:SpikerProtocol"],"picked":"Guardian:BodySlam","floor":12},{"not_picked":["Guardian:Gem_Red","Guardian:PrimingBeam"],"picked":"Guardian:ChargeCore","floor":13},{"not_picked":["Guardian:Preprogram","Guardian:ChargeCore"],"picked":"Guardian:ShieldCharger","floor":14},{"not_picked":["Guardian:TemporalShield","Guardian:HyperBeam_Guardian"],"picked":"Guardian:Gem_White","floor":15},{"not_picked":["Guardian:ConstructionForm","Guardian:HyperBeam_Guardian"],"picked":"Guardian:ExploitGems","floor":16},{"not_picked":["Guardian:Gem_Green","Guardian:BodySlam"],"picked":"Guardian:SentryBeam","floor":19},{"not_picked":["Guardian:Gem_Cyan","Guardian:ShieldCharger+1"],"picked":"Guardian:Recover","floor":20},{"not_picked":["Guardian:RollAttack","Guardian:SentryBeam"],"picked":"Guardian:Gem_Crimson","floor":21},{"not_picked":["Guardian:Gem_Cyan","Guardian:Recover+1"],"picked":"Guardian:Gem_Yellow","floor":22},{"not_picked":["Guardian:VentSteam","Guardian:ArmoredProtocol"],"picked":"Guardian:Incinerate","floor":23},{"not_picked":[],"picked":"J.A.X.","floor":25},{"not_picked":["Guardian:PrimingBeam","Guardian:PrismaticBeam+1"],"picked":"Guardian:PrismaticBarrier","floor":25},{"not_picked":["Guardian:PrimingBeam","Guardian:BaubleBeam"],"picked":"Guardian:Gem_Purple","floor":27},{"not_picked":["Guardian:Gem_Cyan","Guardian:TimeBomb","Guardian:Emergency"],"picked":"SKIP","floor":31},{"not_picked":["Guardian:Gem_Red","Guardian:RollAttack","Guardian:PiercingHide"],"picked":"SKIP","floor":32},{"not_picked":["Guardian:StasisStrike","Guardian:FastForward"],"picked":"Guardian:AncientConstruct","floor":33},{"not_picked":["Guardian:Incinerate","Guardian:Reroute"],"picked":"Guardian:TemporalShield+1","floor":36},{"not_picked":["Guardian:DecasProtection","Guardian:RollAttack+1","Guardian:TemporalStrike"],"picked":"SKIP","floor":37},{"not_picked":["Guardian:TimeBomb+1","Guardian:Gem_Red"],"picked":"Guardian:Gem_Yellow","floor":38},{"not_picked":["Guardian:GuardianWhirl","Guardian:ShieldSpikes"],"picked":"Guardian:Gem_Green","floor":40},{"not_picked":["Guardian:ShieldSpikes","Guardian:PiercingHide","Guardian:PrimingBeam+1"],"picked":"SKIP","floor":43},{"not_picked":["Guardian:ShieldCharger+1","Guardian:SentryBeam+1"],"picked":"Guardian:Preprogram+1","floor":44},{"not_picked":["Guardian:PiercingHide+1","Guardian:Gem_Cyan"],"picked":"Guardian:Gem_Red","floor":45},{"not_picked":["Guardian:Emergency","Guardian:Suspension+1","Guardian:PrimingBeam+1"],"picked":"SKIP","floor":46},{"not_picked":["Guardian:Planning","Guardian:SpikerProtocol"],"picked":"Guardian:Gem_Orange","floor":48},{"not_picked":["Guardian:Preprogram+1","Guardian:VentSteam+1","Guardian:FloatingOrbs"],"picked":"SKIP","floor":49}],"player_experience":739270,"relics_obtained":[{"floor":6,"key":"CaptainsWheel"},{"floor":7,"key":"Thread and Needle"},{"floor":12,"key":"Meat on the Bone"},{"floor":13,"key":"PreservedInsect"},{"floor":14,"key":"Happy Flower"},{"floor":23,"key":"Incense Burner"},{"floor":23,"key":"Toy Ornithopter"},{"floor":24,"key":"Boot"},{"floor":25,"key":"MutagenicStrength"},{"floor":26,"key":"Potion Belt"},{"floor":31,"key":"StrikeDummy"},{"floor":31,"key":"Blue Candle"},{"floor":41,"key":"Pear"},{"floor":48,"key":"Shuriken"},{"floor":48,"key":"Whetstone"}],"event_choices":[{"damage_healed":26,"gold_gain":0,"player_choice":"Banana","damage_taken":0,"max_hp_gain":0,"max_hp_loss":0,"event_name":"Big Fish","floor":8,"gold_loss":0},{"cards_removed":["Guardian:SpikerProtocol"],"damage_healed":0,"gold_gain":0,"player_choice":"Removed Power","damage_taken":0,"max_hp_gain":0,"max_hp_loss":0,"event_name":"Falling","floor":39,"gold_loss":0}],"is_beta":false,"boss_relics":[{"not_picked":["Snecko Eye","Velvet Choker"],"picked":"Black Star"},{"not_picked":["SlaversCollar","Tiny House"],"picked":"Cursed Key"}],"items_purged_floors":[4,21,37,45],"is_endless":false,"potions_floor_spawned":[3,9,12,13,14,16,20,22,25,26,33,40,43,44,46,49],"ascension_level":1}}