{"host":"Bilverbakes","time":1612058696,"event":{"mods":["2.2 Compatiblity","AchievementEnabler","BaseMod","Bestiary","Colored Map","Minty Spire (QoL Compilation)","Relic Stats","StSLib","ojb\u0027s Info Mod"],"gold_per_floor":[109,123,136,136,149,204,204,238,273,282,151,160,43,82,94,210,222,256,268,289,17,39,39,81,81,90,90,90],"floor_reached":27,"language":"ENG","playtime":1106,"items_purged":["Regret","Injury"],"score":494,"play_id":"4c8aef79-26e9-4875-a62f-2304be48054a","local_time":"20210130200456","is_ascension_mode":true,"campfire_choices":[{"data":"WheelKick","floor":7.0,"key":"SMITH"},{"floor":15.0,"key":"REST"},{"data":"Blasphemy","floor":23.0,"key":"SMITH"},{"data":"Wish","floor":25,"key":"SMITH"}],"circlet_count":0,"master_deck":["AscendersBane","Strike_P","Strike_P","Strike_P","Defend_P","Defend_P","Defend_P","Defend_P","Eruption","Vigilance","WheelKick+1","ReachHeaven","FlyingSleeves","Vengeance","Tantrum","Injury","Wallop","Blasphemy+1","DeceiveReality","Protect","Wish+1","Protect+1","Parasite"],"relics":["Cursed Key","CeramicFish","Smiling Mask","Juzu Bracelet","Darkstone Periapt","Bloody Idol","MawBank","SacredBark","HornCleat"],"acts_visited":["Exordium","TheCity"],"potions_floor_usage":[27],"damage_taken":[{"damage":1.0,"enemies":"Small Slimes","floor":1.0,"turns":4.0},{"damage":2.0,"enemies":"Jaw Worm","floor":2.0,"turns":4.0},{"damage":0.0,"enemies":"Cultist","floor":3.0,"turns":3.0},{"damage":9.0,"enemies":"Gremlin Gang","floor":5.0,"turns":5.0},{"damage":17.0,"enemies":"Lagavulin","floor":6.0,"turns":6.0},{"damage":14.0,"enemies":"Gremlin Nob","floor":8.0,"turns":3.0},{"damage":5.0,"enemies":"3 Sentries","floor":14.0,"turns":4.0},{"damage":13.0,"enemies":"The Guardian","floor":16.0,"turns":6.0},{"damage":39.0,"enemies":"2 Thieves","floor":18.0,"turns":3.0},{"damage":5.0,"enemies":"Shell Parasite","floor":22.0,"turns":4.0},{"damage":2.0,"enemies":"Book of Stabbing","floor":24.0,"turns":4.0},{"damage":100061,"enemies":"Slavers","floor":27,"turns":6}],"seed_played":"-7864109117664466261","potions_obtained":[{"floor":5.0,"key":"ColorlessPotion"},{"floor":6.0,"key":"BottledMiracle"},{"floor":14.0,"key":"Dexterity Potion"},{"floor":16.0,"key":"Weak Potion"},{"floor":22.0,"key":"StancePotion"}],"is_trial":false,"path_per_floor":["M","M","M","?","M","E","R","E","T","T","$","?","$","E","R","B",null,"M","?","?","$","M","R","E","R","T","E"],"character_chosen":"WATCHER","items_purchased":["Tantrum","Wallop","HornCleat"],"campfire_rested":1,"item_purchase_floors":[11,13,21],"current_hp_per_floor":[60,58,58,58,49,32,32,18,18,18,18,24,24,19,41,28,63,24,24,34,39,44,44,52,52,63,0,0],"gold":90,"neow_bonus":"BOSS_RELIC","is_daily":false,"chose_seed":false,"campfire_upgraded":3,"win_rate":0.0,"timestamp":1612058696,"path_taken":["M","M","M","?","M","E","R","E","T","?","$","?","$","E","R","BOSS","M","?","?","$","M","R","E","R","T","E"],"items_purchased_type":["Card","Card","Relic"],"build_version":"2020-12-18","purchased_purges":2,"victory":false,"max_hp_per_floor":[68,68,68,68,68,68,68,68,68,68,68,74,74,74,74,74,74,74,74,74,74,74,74,74,74,80,80,80],"relic_stats":{"Darkstone Periapt":12,"counters":[12,51],"CeramicFish":108,"Bloody Idol":40,"Juzu Bracelet":0,"Cursed Key":3,"Smiling Mask":75,"MawBank":84,"obtain_stats":[{"Darkstone Periapt":10,"HornCleat":21,"Golden Idol":12,"CeramicFish":6,"SacredBark":17,"Bloody Idol":19,"Juzu Bracelet":9,"PureWater":0,"Cursed Key":0,"Smiling Mask":8,"MawBank":14},{"Darkstone Periapt":6,"HornCleat":9,"Golden Idol":6,"CeramicFish":5,"SacredBark":8,"Bloody Idol":9,"Juzu Bracelet":6,"PureWater":0,"Cursed Key":0,"Smiling Mask":6,"MawBank":7},{"Darkstone Periapt":25,"HornCleat":38,"Golden Idol":25,"CeramicFish":22,"SacredBark":35,"Bloody Idol":38,"Juzu Bracelet":25,"PureWater":0,"Cursed Key":0,"Smiling Mask":25,"MawBank":29}]},"card_choices":[{"not_picked":["Consecrate","Crescendo"],"picked":"WheelKick","floor":1.0},{"not_picked":["Prostrate","Crescendo"],"picked":"ReachHeaven","floor":2.0},{"not_picked":["JustLucky","EmptyBody"],"picked":"FlyingSleeves","floor":3.0},{"not_picked":["Consecrate","FlyingSleeves","EmptyBody"],"picked":"SKIP","floor":5.0},{"not_picked":["Consecrate","Protect"],"picked":"Vengeance","floor":6.0},{"not_picked":["Evaluate","Vengeance","Establishment"],"picked":"SKIP","floor":8.0},{"not_picked":["SashWhip","Nirvana","Indignation"],"picked":"SKIP","floor":14.0},{"not_picked":["DeusExMachina","Wish"],"picked":"Blasphemy","floor":16.0},{"not_picked":["Prostrate","SashWhip"],"picked":"DeceiveReality","floor":18.0},{"not_picked":["Prostrate+1","Adaptation"],"picked":"Wish","floor":22.0},{"not_picked":["Ragnarok","FlyingSleeves"],"picked":"Protect+1","floor":24}],"player_experience":861434,"relics_obtained":[{"floor":6.0,"key":"CeramicFish"},{"floor":8.0,"key":"Smiling Mask"},{"floor":9.0,"key":"Juzu Bracelet"},{"floor":10.0,"key":"Darkstone Periapt"},{"floor":14.0,"key":"MawBank"}],"event_choices":[{"damage_healed":0.0,"max_hp_gain":0.0,"max_hp_loss":0.0,"gold_gain":0.0,"event_name":"Liars Game","player_choice":"Ignored","floor":4.0,"gold_loss":0.0,"damage_taken":0.0},{"damage_healed":0.0,"max_hp_gain":0.0,"max_hp_loss":0.0,"gold_gain":0.0,"event_name":"Golden Idol","player_choice":"Take Wound","floor":12.0,"gold_loss":0.0,"damage_taken":0.0,"relics_obtained":["Golden Idol"],"cards_obtained":["Injury"]},{"damage_healed":0.0,"max_hp_gain":0.0,"max_hp_loss":0.0,"gold_gain":0.0,"event_name":"Forgotten Altar","player_choice":"Gave Idol","floor":19.0,"relics_lost":["Golden Idol"],"gold_loss":0.0,"damage_taken":0.0,"relics_obtained":["Bloody Idol"]},{"damage_healed":0.0,"max_hp_gain":0.0,"max_hp_loss":0.0,"gold_gain":0.0,"cards_transformed":["Strike_P"],"event_name":"Transmorgrifier","player_choice":"Transformed","floor":20.0,"gold_loss":0.0,"damage_taken":0.0,"cards_obtained":["Protect"]}],"is_beta":true,"boss_relics":[{"not_picked":["SlaversCollar","Velvet Choker"],"picked":"SacredBark"}],"items_purged_floors":[11,13],"is_endless":false,"potions_floor_spawned":[5,6,14,16,22],"killed_by":"Slavers","ascension_level":20}}