{"host":"4c7m9tuvqombcnjj","time":1612087777,"event":{"mods":["Act Like it!","Aspiration","Astrologer","BaseMod","Conspire","Dota2Spire","Gensokyo","GungeonMod","Hallownest","HololiveMod","Jedi Mod","Jorbs\u0027s Wanderer Trilogy","Koishi","KomeijiMod","Lobotomy","LobotomyExtend","Minty Spire (QoL Compilation)","MostiFishMod","Prisma Mod","Reimu（博丽灵梦）","Reliquary","Remilia（蕾米莉亚）","Replay The Spire","RumiaBox-露米娅的神秘盒子","Smile Girya","StSLib","TestMod","The Alterego","The Animator","The Bug Knight","The Construct","The Cursed","The Hierophant","The Jungle","The Runesmith","WarShipGirlsR/战舰少女R mod","Yuyuko","[IsaacMod]以撒尖塔","【功能Mod】混沌之环修复补丁","【遗物卡牌】REMEMod"],"gold_per_floor":[117,128,148,148,148,176,190,207,207,85,120,137,97,113,113,209,209,221,236,264,264,280,315,334,334,408,419,431,450,450,450,450],"floor_reached":31,"language":"ZHS","playtime":4370,"items_purged":[],"score":323,"play_id":"cc84cb8a-ea43-4f7b-9c1c-c21d605481d0","local_time":"20210131180937","is_ascension_mode":false,"campfire_choices":[{"floor":15,"key":"RECALL"},{"data":"MostiFishMod:DawningShadow","floor":25,"key":"SMITH"}],"circlet_count":0,"master_deck":["Strike_B","Strike_B","Strike_B","Strike_B","Defend_B","Defend_B","Defend_B","Defend_B","Zap","Dualcast","PrismaMod:ChloeCarnivalDefend","Capacitor","Coolheaded","Cold Snap","Redo","MostiFishMod:DawningShadow+1","aspiration:Polymerization","Redo","Conserve Battery","Ball Lightning","jedi:hex","BasicCrystalCard","Loop","ReplayTheSpireMod:Dual Polarity","MostiFishMod:ReadyAimFire","ReplayTheSpireMod:Dual Polarity+1","Fan","MostiFishMod:PushDownKick+1","Redo","Barrage","jedi:gatheringstorm","Go for the Eyes+1","The Bomb","FIFO Queue+1","Pulse+1","Ball Lightning"],"relics":["Cracked Core","HushsDoor","REME_ComplimentaryCards","DaveBox","testmod-TestBox","testmod-BouquetWithThorns","JellyFishMachine","GuppysTail","BelialBook","SynthV:TestCard","SynthV:C4","Ancient Tea Set","aspiration:PoetsPen_weak","RedMistMask","Hololive_LightStick","Replay:PocketPolymizer","LetterFromLob","DoctorsRemote"],"acts_visited":["Exordium","TheCity"],"potions_floor_usage":[21,31],"damage_taken":[{"damage":0.0,"enemies":"Cultist","floor":1.0,"turns":3.0},{"damage":1.0,"enemies":"Small Slimes","floor":2.0,"turns":2.0},{"damage":0.0,"enemies":"Jaw Worm","floor":3.0,"turns":2.0},{"damage":4.0,"enemies":"Gremlin Nob","floor":6.0,"turns":3.0},{"damage":9.0,"enemies":"Gremlin Gang","floor":7.0,"turns":4.0},{"damage":6,"enemies":"3 Louse","floor":8,"turns":3},{"damage":3,"enemies":"3 Sentries","floor":11,"turns":4},{"damage":0,"enemies":"2 Fungi Beasts","floor":12,"turns":2},{"damage":0,"enemies":"Large Slime","floor":14,"turns":4},{"damage":2,"enemies":"Fading Forest","floor":16,"turns":11},{"damage":6,"enemies":"Shell Parasite","floor":18,"turns":3},{"damage":6,"enemies":"Chosen and Byrds","floor":19,"turns":3},{"damage":3,"enemies":"conspire:MimicChest","floor":20,"turns":4},{"damage":0,"enemies":"Snecko","floor":21,"turns":1},{"damage":0,"enemies":"Cultist and Chosen","floor":22,"turns":3},{"damage":12,"enemies":"Replay:Snechameleon","floor":23,"turns":3},{"damage":0,"enemies":"Snake Plant","floor":24,"turns":2},{"damage":0,"enemies":"Centurion and Healer","floor":27,"turns":1},{"damage":14,"enemies":"conspire:HollyBat","floor":28,"turns":6},{"damage":3,"enemies":"3 Cultists","floor":29,"turns":4},{"damage":27,"enemies":"Shelled Parasite and Fungi","floor":31,"turns":2}],"seed_played":"-6329349726987609919","potions_obtained":[{"floor":1.0,"key":"Venom Potion"},{"floor":7.0,"key":"Dexterity Potion"},{"floor":8,"key":"Block Potion"},{"floor":16,"key":"testmod-EscapePotion"},{"floor":19,"key":"DistilledChaos"},{"floor":23,"key":"BlessingOfTheForge"}],"is_trial":false,"path_per_floor":["M","M","M","?","?","E","M","M","T","$","E","M","$","M","R","B",null,"M","M","?","M","M","E","M","R","T","M","M","M","?","M"],"character_chosen":"DEFECT","items_purchased":["Redo","Conserve Battery","Ball Lightning","Loop"],"campfire_rested":0,"item_purchase_floors":[10,10,10,13],"current_hp_per_floor":[75,74,74,74,74,70,61,55,55,55,52,52,52,52,52,60,69,63,57,54,54,54,42,42,42,42,42,28,25,19,0,0],"gold":450,"neow_bonus":"RANDOM_COMMON_RELIC","is_daily":false,"chose_seed":false,"campfire_upgraded":1,"win_rate":0.0,"timestamp":1612087777,"path_taken":["M","?","M","?","?","E","M","M","T","$","E","M","$","M","R","BOSS","M","M","?","M","M","E","M","R","T","M","M","M","?","M"],"items_purchased_type":["Card","Card","Card","Card"],"build_version":"2020-12-22","purchased_purges":0,"victory":false,"max_hp_per_floor":[75,75,75,75,75,75,75,75,75,75,72,72,72,72,72,69,69,69,69,69,69,69,66,66,66,66,66,66,66,66,66,66],"card_choices":[{"not_picked":[],"picked":"BloodyBrimstone","floor":0.0},{"not_picked":["REME_DataAnalysis","Static Discharge"],"picked":"Capacitor","floor":1.0},{"not_picked":["Chill","FTL","Steam Power","jedi:BurstLightning"],"picked":"Coolheaded","floor":2.0},{"not_picked":["ReplayTheSpireMod:System Scan","Streamline","jedi:blockon","Bomb"],"picked":"Cold Snap","floor":3.0},{"not_picked":["REME_Whirling","jedi:blockon","Stack","jedi:BurstFrost"],"picked":"Redo","floor":6.0},{"not_picked":["aspiration:Polymerization","Barrage","MostiFishMod:PushDownKick","Compile Driver"],"picked":"MostiFishMod:DawningShadow","floor":7.0},{"not_picked":["jedi:blockon","Crystallizer","Storm","ReplayGash"],"picked":"aspiration:Polymerization","floor":8},{"not_picked":["Conserve Battery","MostiFishMod:DeathFromBelow","jedi:BurstFrost","ReplaySort"],"picked":"jedi:hex","floor":11},{"not_picked":["Cancel","Double Energy","Gash","FTL"],"picked":"BasicCrystalCard","floor":12},{"not_picked":["Gash","jedi:BurstLightning","Hologram","conspire:Rain"],"picked":"ReplayTheSpireMod:Dual Polarity","floor":14},{"not_picked":["MostiFishMod:Overload","Amplify","MostiFishMod:IntelligentEquipment","MostiFishMod:ATRI"],"picked":"MostiFishMod:ReadyAimFire","floor":16},{"not_picked":["jedi:blockon","BasicCrystalCard","Redo","MostiFishMod:GatherIntelligence"],"picked":"ReplayTheSpireMod:Dual Polarity+1","floor":18},{"not_picked":["Distribution","jedi:blockon","aspiration:Polymerization","Compile Driver"],"picked":"Fan","floor":19},{"not_picked":["conspire:Rain","Blizzard+1","Redo","BasicCrystalCard"],"picked":"MostiFishMod:PushDownKick+1","floor":20},{"not_picked":["Cold Snap+1","Stack","jedi:BurstLightning","conspire:SharedLibrary"],"picked":"Redo","floor":21},{"not_picked":["jedi:BurstLightning+1","ReplaySolidLightProjector+1","jedi:BurstFrost","Sweeping Beam"],"picked":"Barrage","floor":22},{"not_picked":["jedi:blockon+1","Ball Lightning","jedi:BurstLightning+1","MostiFishMod:PushDownKick"],"picked":"jedi:gatheringstorm","floor":23},{"not_picked":["MostiFishMod:ReprogramOld","ReplayTheSpireMod:GoodbyeWorld","Leap","Coolheaded+1"],"picked":"Go for the Eyes+1","floor":24},{"not_picked":["Cold Snap","Stack","Redo","MostiFishMod:InterfaceCompatibility"],"picked":"FIFO Queue+1","floor":27},{"not_picked":["Fusion","jedi:BurstFrost+1","Compile Driver","Cold Snap"],"picked":"Pulse+1","floor":28},{"not_picked":["jedi:BurstLightning","Panic Button","jedi:spotbugs","MostiFishMod:PushDownKick"],"picked":"Ball Lightning","floor":29}],"player_experience":69974,"relics_obtained":[{"floor":1.0,"key":"SynthV:TestCard"},{"floor":6.0,"key":"SynthV:C4"},{"floor":11,"key":"Ancient Tea Set"},{"floor":19,"key":"RedMistMask"},{"floor":20,"key":"Hololive_LightStick"},{"floor":23,"key":"Replay:PocketPolymizer"},{"floor":23,"key":"LetterFromLob"},{"floor":26,"key":"DoctorsRemote"}],"event_choices":[{"cards_removed":["DoctorFetus"],"damage_healed":0.0,"max_hp_gain":0.0,"max_hp_loss":0.0,"gold_gain":0.0,"event_name":"NoteForYourself","player_choice":"Took Card","floor":5.0,"gold_loss":0.0,"damage_taken":0.0,"cards_obtained":["DoctorFetus"]},{"damage_healed":0,"gold_gain":0,"player_choice":"Ignored","damage_taken":6,"max_hp_gain":0,"max_hp_loss":0,"event_name":"恩洛斯的盘子","floor":30,"gold_loss":0}],"is_beta":false,"boss_relics":[{"not_picked":["Hololive_ChaosS","AddBug"],"picked":"aspiration:PoetsPen_weak"},{"not_picked":[]}],"items_purged_floors":[],"is_endless":false,"potions_floor_spawned":[1,7,8,11,16,19,23,27,28],"killed_by":"Shelled Parasite and Fungi","ascension_level":0}}