{"host":"2brg86hfzr3u5cix","time":1612070205,"event":{"mods":["AchievementEnabler","Ascension Unlocker","BaseMod","CapriCore","DeckTracker","Highlight Path","Keyboard Shortcuts","Minty Spire (QoL Compilation)","Permanent Neow","Relic Stats","StSLib","Twitch Utils","Uncapped","UnlockEverythingMod"],"gold_per_floor":[115,131,131,44,44,44,79,79,79,91,91,31,31,66,66,143,143,160,172,172,182,193,193,228,240,304,316,348,377,405,417,429,541,553,575,603,625,637,674,686,686],"floor_reached":40,"language":"KOR","playtime":3605,"items_purged":["Defend_P"],"score":882,"play_id":"54bb2b07-b77e-4b8e-851d-7b6792d02dfd","local_time":"20210131141645","is_ascension_mode":true,"campfire_choices":[{"data":"Eruption","floor":6.0,"key":"SMITH"},{"data":"ForeignInfluence","floor":8.0,"key":"SMITH"},{"data":"Tantrum","floor":11.0,"key":"SMITH"},{"floor":15.0,"key":"REST"},{"floor":23.0,"key":"REST"},{"floor":25.0,"key":"REST"},{"data":"MasterReality","floor":27.0,"key":"SMITH"},{"data":"Scrawl","floor":32.0,"key":"SMITH"}],"circlet_count":0,"master_deck":["AscendersBane","Strike_P","Strike_P","Defend_P","Eruption+1","Vigilance","ForeignInfluence+1","ThirdEye","Tantrum+1","InnerPeace","Halt","EmptyBody","Scrawl+1","EmptyFist","Evaluate","FlyingSleeves","MasterReality+1","SashWhip+1","Vault"],"relics":["HolyWater","Darkstone Periapt","The Courier","Pear","Yang","Toy Ornithopter","MawBank","Blood Vial","Sozu","Girya"],"acts_visited":["Exordium","TheCity","TheBeyond"],"potions_floor_usage":[],"damage_taken":[{"damage":4.0,"enemies":"Cultist","floor":1.0,"turns":5.0},{"damage":0.0,"enemies":"Small Slimes","floor":2.0,"turns":2.0},{"damage":15.0,"enemies":"3 Sentries","floor":7.0,"turns":4.0},{"damage":5.0,"enemies":"Jaw Worm","floor":10.0,"turns":2.0},{"damage":0.0,"enemies":"Gremlin Nob","floor":14.0,"turns":2.0},{"damage":2.0,"enemies":"Slime Boss","floor":16.0,"turns":7.0},{"damage":0.0,"enemies":"Spheric Guardian","floor":18.0,"turns":1.0},{"damage":3.0,"enemies":"Chosen","floor":19.0,"turns":3.0},{"damage":32.0,"enemies":"Shelled Parasite and Fungi","floor":21.0,"turns":4.0},{"damage":64.0,"enemies":"Cultist and Chosen","floor":22.0,"turns":5.0},{"damage":36.0,"enemies":"Gremlin Leader","floor":24.0,"turns":7.0},{"damage":0.0,"enemies":"Snake Plant","floor":28.0,"turns":1.0},{"damage":6.0,"enemies":"Centurion and Healer","floor":29.0,"turns":5.0},{"damage":0.0,"enemies":"Snecko","floor":30.0,"turns":3.0},{"damage":5.0,"enemies":"Champ","floor":33.0,"turns":5.0},{"damage":13.0,"enemies":"3 Darklings","floor":35.0,"turns":5.0},{"damage":0.0,"enemies":"Orb Walker","floor":36.0,"turns":3.0},{"damage":26.0,"enemies":"4 Shapes","floor":37.0,"turns":5.0},{"damage":0.0,"enemies":"Mind Bloom Boss Battle","floor":39.0,"turns":5.0},{"damage":42,"enemies":"Nemesis","floor":40,"turns":5}],"seed_played":"1221364687982996022","potions_obtained":[{"floor":1.0,"key":"FairyPotion"},{"floor":10.0,"key":"FearPotion"},{"floor":21.0,"key":"DuplicationPotion"},{"floor":22.0,"key":"PowerPotion"},{"floor":29.0,"key":"StancePotion"},{"floor":31.0,"key":"BottledMiracle"},{"floor":31.0,"key":"Strength Potion"}],"is_trial":false,"path_per_floor":["M","M","T","$","?","R","E","R","T","M","R","$","?","E","R","B",null,"M","M","?","M","M","R","E","R","T","R","M","M","M","?","R","B",null,"M","M","M","?","?","E"],"character_chosen":"WATCHER","items_purchased":["Tantrum"],"campfire_rested":3,"item_purchase_floors":[4],"current_hp_per_floor":[39,39,39,39,39,39,24,24,34,29,29,29,18,18,41,39,68,68,65,65,33,23,46,15,38,38,38,40,36,43,43,43,50,71,60,62,38,38,40,0,0],"gold":686,"neow_bonus":"REMOVE_TWO","is_daily":false,"chose_seed":false,"campfire_upgraded":5,"win_rate":0.0,"timestamp":1612070205,"path_taken":["M","M","?","$","?","R","E","R","T","?","R","$","?","E","R","BOSS","M","M","?","M","M","R","E","R","T","R","M","?","M","?","R","BOSS","M","?","M","?","?","E"],"items_purchased_type":["Card"],"build_version":"2020-12-22","purchased_purges":1,"victory":false,"max_hp_per_floor":[68,68,68,68,68,68,68,68,78,78,78,78,78,78,78,78,78,78,78,78,78,78,78,78,78,78,78,78,78,78,78,78,78,78,78,78,78,78,78,78,78],"relic_stats":{"Darkstone Periapt":0,"Blood Vial":18,"Sozu":1,"counters":[20,79],"Yang":[169],"MawBank":192,"obtain_stats":[{"Darkstone Periapt":3,"Blood Vial":26,"Sozu":34,"Girya":39,"Pear":9,"HolyWater":17,"Yang":13,"The Courier":7,"PureWater":0,"MawBank":24,"Toy Ornithopter":14},{"Darkstone Periapt":2,"Blood Vial":11,"Sozu":15,"Girya":19,"Pear":3,"HolyWater":6,"Yang":4,"The Courier":3,"PureWater":0,"MawBank":11,"Toy Ornithopter":5},{"Darkstone Periapt":7,"Blood Vial":42,"Sozu":56,"Girya":74,"Pear":11,"HolyWater":22,"Yang":13,"The Courier":11,"PureWater":0,"MawBank":42,"Toy Ornithopter":15}],"Toy Ornithopter":25},"card_choices":[{"not_picked":["ReachHeaven","Sanctity"],"picked":"ForeignInfluence","floor":1.0},{"not_picked":["Nirvana","SashWhip"],"picked":"ThirdEye","floor":2.0},{"not_picked":["Protect","Crescendo"],"picked":"InnerPeace","floor":7.0},{"not_picked":["EmptyBody","PathToVictory"],"picked":"Halt","floor":10.0},{"not_picked":["CrushJoints","WreathOfFlame"],"picked":"EmptyBody","floor":14.0},{"not_picked":["SpiritShield","Blasphemy"],"picked":"Scrawl","floor":16.0},{"not_picked":["SashWhip","SandsOfTime"],"picked":"EmptyFist","floor":18.0},{"not_picked":["Halt","FollowUp"],"picked":"Evaluate","floor":19.0},{"not_picked":["CutThroughFate","InnerPeace"],"picked":"MasterReality","floor":21.0},{"not_picked":["Protect","CrushJoints","ReachHeaven"],"picked":"SKIP","floor":22.0},{"not_picked":["Prostrate+1","BowlingBash"],"picked":"CrushJoints","floor":24.0},{"not_picked":["Fasting2","Nirvana","Prostrate"],"picked":"SKIP","floor":28.0},{"not_picked":["Alpha","Halt","ThirdEye"],"picked":"SKIP","floor":29.0},{"not_picked":["DeceiveReality","FollowUp"],"picked":"SashWhip+1","floor":30.0},{"not_picked":["Blasphemy","Alpha"],"picked":"Vault","floor":33.0},{"not_picked":["BattleHymn","FlyingSleeves+1","PathToVictory+1"],"picked":"SKIP","floor":35.0},{"not_picked":["Worship","Halt","FollowUp"],"picked":"SKIP","floor":36.0},{"not_picked":["Prostrate+1","FlurryOfBlows","Halt+1"],"picked":"SKIP","floor":37.0}],"player_experience":344429,"relics_obtained":[{"floor":3.0,"key":"Darkstone Periapt"},{"floor":7.0,"key":"The Courier"},{"floor":9.0,"key":"Pear"},{"floor":14.0,"key":"Toy Ornithopter"},{"floor":24.0,"key":"MawBank"},{"floor":26.0,"key":"Blood Vial"},{"floor":39.0,"key":"Girya"}],"event_choices":[{"cards_removed":["Strike_P"],"damage_healed":0.0,"max_hp_gain":0.0,"max_hp_loss":0.0,"gold_gain":0.0,"event_name":"Purifier","player_choice":"Purged","floor":5.0,"gold_loss":0.0,"damage_taken":0.0},{"damage_healed":0.0,"max_hp_gain":0.0,"max_hp_loss":0.0,"gold_gain":0.0,"event_name":"Scrap Ooze","player_choice":"Success","floor":13.0,"gold_loss":0.0,"damage_taken":11.0,"relics_obtained":["Yang"]},{"damage_healed":0.0,"max_hp_gain":0.0,"max_hp_loss":0.0,"gold_gain":0.0,"cards_transformed":["Defend_P"],"event_name":"Transmorgrifier","player_choice":"Transformed","floor":20.0,"gold_loss":0.0,"damage_taken":0.0,"cards_obtained":["FlyingSleeves"]},{"damage_healed":0.0,"max_hp_gain":0.0,"max_hp_loss":0.0,"gold_gain":0.0,"event_name":"Lab","player_choice":"Got Potions","floor":31.0,"gold_loss":0.0,"damage_taken":0.0},{"cards_removed":["CrushJoints"],"damage_healed":0.0,"max_hp_gain":0.0,"max_hp_loss":0.0,"gold_gain":0.0,"event_name":"Falling","player_choice":"Removed Attack","floor":38.0,"gold_loss":0.0,"damage_taken":0.0},{"damage_healed":0.0,"max_hp_gain":0.0,"max_hp_loss":0.0,"gold_gain":0.0,"event_name":"MindBloom","player_choice":"Fight","floor":39.0,"gold_loss":0.0,"damage_taken":0.0}],"is_beta":false,"boss_relics":[{"not_picked":["Snecko Eye","Coffee Dripper"],"picked":"HolyWater"},{"not_picked":["Runic Dome","SacredBark"],"picked":"Sozu"}],"items_purged_floors":[12],"is_endless":false,"potions_floor_spawned":[1,10,21,22,29,37],"killed_by":"Nemesis","ascension_level":20}}