{"host":"r4aerl4ckfvw1dw3","time":1612078481,"event":{"mods":["BaseMod","BetterRewards","Minty Spire (QoL Compilation)","Quick Restart","StSLib"],"gold_per_floor":[114,126,126,146,146,182,182,203,203,219,235,235,251,272,272,272,272],"floor_reached":16,"language":"ENG","playtime":1494,"items_purged":[],"score":111,"play_id":"2c07d72d-68c1-4f76-9481-624f1f20cb9f","local_time":"20210130233441","is_ascension_mode":true,"campfire_choices":[{"data":"Seeing Red","floor":7,"key":"SMITH"},{"data":"Metallicize","floor":12,"key":"SMITH"},{"data":"Forethought","floor":15,"key":"SMITH"}],"circlet_count":0,"master_deck":["Strike_R","Strike_R","Strike_R","Strike_R","Strike_R","Defend_R","Defend_R","Defend_R","Defend_R","Bash","Forethought+1","Dual Wield","Cleave","Injury","Metallicize+1","Seeing Red+1","Intimidate","Flex","Iron Wave","Clash","Warcry"],"relics":["Burning Blood","Golden Idol","Blood Vial","CaptainsWheel","Meat on the Bone"],"acts_visited":["Exordium"],"potions_floor_usage":[6,8,16,16,16],"damage_taken":[{"damage":14,"enemies":"Small Slimes","floor":1,"turns":5},{"damage":0,"enemies":"2 Louse","floor":2,"turns":4},{"damage":5,"enemies":"Cultist","floor":4,"turns":4},{"damage":19,"enemies":"Gremlin Nob","floor":6,"turns":6},{"damage":30,"enemies":"Large Slime","floor":8,"turns":9},{"damage":9,"enemies":"Blue Slaver","floor":10,"turns":5},{"damage":12,"enemies":"Exordium Thugs","floor":11,"turns":5},{"damage":9,"enemies":"Large Slime","floor":13,"turns":9},{"damage":8,"enemies":"3 Louse","floor":14,"turns":3},{"damage":63,"enemies":"Hexaghost","floor":16,"turns":16}],"seed_played":"-7013765061199755422","potions_obtained":[{"floor":2,"key":"ColorlessPotion"},{"floor":4,"key":"PowerPotion"},{"floor":6,"key":"HeartOfIron"},{"floor":11,"key":"FearPotion"},{"floor":14,"key":"DistilledChaos"}],"is_trial":false,"path_per_floor":["M","M","?","M","?","E","R","M","T","M","M","R","M","M","R","B"],"character_chosen":"IRONCLAD","items_purchased":[],"campfire_rested":0,"item_purchase_floors":[],"current_hp_per_floor":[72,78,78,79,72,61,61,39,39,50,58,58,57,57,57,0,0],"gold":272,"neow_bonus":"RANDOM_COLORLESS","is_daily":false,"chose_seed":false,"campfire_upgraded":3,"win_rate":0.0,"timestamp":1612078481,"path_taken":["M","M","?","M","?","E","R","M","T","M","M","R","M","M","R","BOSS"],"items_purchased_type":[],"build_version":"2020-12-22","purchased_purges":0,"victory":false,"max_hp_per_floor":[80,80,80,80,80,80,80,80,80,80,80,80,80,80,80,80,80],"card_choices":[{"not_picked":["Deep Breath","Dark Shackles"],"picked":"Forethought","floor":0},{"not_picked":["Clothesline","Intimidate"],"picked":"Dual Wield","floor":1},{"not_picked":["Combust","Heavy Blade"],"picked":"Cleave","floor":2},{"not_picked":["Dual Wield","Shockwave"],"picked":"Metallicize","floor":4},{"not_picked":["Impervious","Thunderclap"],"picked":"Seeing Red","floor":6},{"not_picked":["Headbutt","Body Slam"],"picked":"Intimidate","floor":8},{"not_picked":["Body Slam","Sever Soul"],"picked":"Flex","floor":10},{"not_picked":["Havoc","Armaments"],"picked":"Iron Wave","floor":11},{"not_picked":["Sword Boomerang","Feed"],"picked":"Clash","floor":13},{"not_picked":["Clash","Carnage"],"picked":"Warcry","floor":14}],"player_experience":448469,"relics_obtained":[{"floor":6,"key":"CaptainsWheel"},{"floor":9,"key":"Meat on the Bone"}],"event_choices":[{"damage_healed":0,"gold_gain":0,"player_choice":"Take Wound","damage_taken":0,"relics_obtained":["Golden Idol"],"max_hp_gain":0,"max_hp_loss":0,"event_name":"Golden Idol","floor":3,"gold_loss":0,"cards_obtained":["Injury"]},{"damage_healed":0,"gold_gain":0,"player_choice":"Success","damage_taken":7,"relics_obtained":["Blood Vial"],"max_hp_gain":0,"max_hp_loss":0,"event_name":"Scrap Ooze","floor":5,"gold_loss":0}],"is_beta":false,"boss_relics":[],"items_purged_floors":[],"is_endless":false,"potions_floor_spawned":[2,4,6,11,14],"killed_by":"Hexaghost","ascension_level":1}}