{"host":"5804jsr9z0rnmtnc","time":1612090405,"event":{"mods":["BaseMod","Colored Powertips","Duelist Mod","GifTheSpireLib","Hermit","Marisa????????","Minty Spire (QoL Compilation)","READ ME - Guardian Mod","StSLib","The Disciple","The Necromancer"],"gold_per_floor":[113,128,37,52,28,28,1,35,35,110,145,145,160,160,160,160,160],"floor_reached":16,"language":"ENG","playtime":3703,"items_purged":[],"score":100,"play_id":"ad0dfb6a-7e6f-4c0d-8e9e-848cf9983722","local_time":"20210131205325","is_ascension_mode":false,"campfire_choices":[{"data":"MasterSpark","floor":6,"key":"SMITH"},{"floor":12,"key":"REST"},{"floor":15,"key":"REST"}],"circlet_count":0,"master_deck":["Strike_MRS","Strike_MRS","Strike_MRS","Strike_MRS","Defend_MRS","Defend_MRS","Defend_MRS","Defend_MRS","MasterSpark+1","UpSweep","SuperPerseids","Acceleration","AlicesGift","MilkyWay","ManaRampage","WitchOfGreed","DoubleSpark","ShootingEcho","NonDirectionalLaser","GasGiant"],"relics":["MiniHakkero","NeowsBlessing","Boot","White Beast Statue"],"acts_visited":["Exordium"],"potions_floor_usage":[13],"damage_taken":[{"damage":0,"enemies":"2 Louse","floor":1,"turns":1},{"damage":0,"enemies":"Small Slimes","floor":2,"turns":1},{"damage":0,"enemies":"Jaw Worm","floor":4,"turns":1},{"damage":15,"enemies":"Red Slaver","floor":8,"turns":4},{"damage":13,"enemies":"Lagavulin","floor":11,"turns":3},{"damage":32,"enemies":"Gremlin Gang","floor":13,"turns":4},{"damage":52,"enemies":"Slime Boss","floor":16,"turns":8}],"seed_played":"-2537963590068288865","potions_obtained":[{"floor":1,"key":"Strength Potion"},{"floor":4,"key":"BottledSpark"},{"floor":8,"key":"LiquidMemories"},{"floor":13,"key":"AttackPotion"}],"is_trial":false,"path_per_floor":["M","M","$","M","$","R","$","M","T","?","E","R","M","?","R","B"],"character_chosen":"MARISA","items_purchased":["AlicesGift","MilkyWay","WitchOfGreed","DoubleSpark"],"campfire_rested":2,"item_purchase_floors":[3,3,5,7],"current_hp_per_floor":[75,75,75,75,75,75,75,60,60,49,36,58,26,26,48,0,0],"gold":160,"neow_bonus":"THREE_ENEMY_KILL","is_daily":false,"chose_seed":false,"campfire_upgraded":1,"win_rate":0.0,"timestamp":1612090405,"path_taken":["M","M","$","M","$","R","$","M","T","?","E","R","M","?","R","BOSS"],"items_purchased_type":["Card","Card","Card","Card"],"build_version":"2020-12-22","purchased_purges":0,"victory":false,"max_hp_per_floor":[75,75,75,75,75,75,75,75,75,75,75,75,75,75,75,75,75],"card_choices":[{"not_picked":["DC","MeteoricShower"],"picked":"SuperPerseids","floor":1},{"not_picked":["RefractionSpark","GravityBeat"],"picked":"Acceleration","floor":2},{"not_picked":["6A","DoubleSpark"],"picked":"ManaRampage","floor":4},{"not_picked":["OortCloud","DeepEcoloBomb"],"picked":"ShootingEcho","floor":8},{"not_picked":["Robbery","DarkSpark"],"picked":"NonDirectionalLaser","floor":11},{"not_picked":["Orbital","SuperPerseids"],"picked":"GasGiant","floor":13}],"player_experience":30242,"relics_obtained":[{"floor":9,"key":"Boot"},{"floor":11,"key":"White Beast Statue"}],"event_choices":[{"damage_healed":0,"gold_gain":75,"player_choice":"Gather Gold","damage_taken":11,"max_hp_gain":0,"max_hp_loss":0,"event_name":"World of Goop","floor":10,"gold_loss":0},{"damage_healed":0,"gold_gain":0,"player_choice":"Ignored","damage_taken":0,"max_hp_gain":0,"max_hp_loss":0,"event_name":"Liars Game","floor":14,"gold_loss":0}],"is_beta":false,"boss_relics":[],"items_purged_floors":[],"is_endless":false,"potions_floor_spawned":[1,4,13],"killed_by":"Slime Boss","ascension_level":0}}