{"host":"ziko4uwynam20dv9","time":1612125663,"event":{"mods":["Aspiration","BaseMod","BetterRewards","Downfall","Hubris","Infinite Spire","Minty Spire (QoL Compilation)","Remilia??????","Replay The Spire","Shop Mod","StSLib","The Animator","The Jungle"],"gold_per_floor":[116,191,139,139,158,190,190,208,208,228,228,87,87,87,87,87,87],"floor_reached":16,"language":"FRA","playtime":508,"items_purged":[],"score":203,"play_id":"69e58045-f01e-48e6-9781-c465aa04c0e4","local_time":"20210131214103","is_ascension_mode":true,"campfire_choices":[{"data":"Survivor","floor":7,"key":"SMITH"},{"floor":11,"key":"REST"},{"data":"Distraction","floor":13,"key":"SMITH"},{"data":"Neutralize","floor":15,"key":"SMITH"}],"circlet_count":0,"master_deck":["AscendersBane","Strike_G","Strike_G","Strike_G","Strike_G","Strike_G","Defend_G+1","Defend_G","Defend_G","Defend_G","Defend_G","Survivor+1","Neutralize+1","Cloak And Dagger+1","Backflip","Slice","Distraction+1","Dagger Spray","Atom Bomb","After Image","CommonCold"],"relics":["Ring of the Snake","NeowsBlessing","Bottled Flame","infinitespire:FocusingShard","ReplayTheSpireMod:Ring of Challenge","Ring of Panic"],"acts_visited":["Exordium"],"potions_floor_usage":[10,16],"damage_taken":[{"damage":0,"enemies":"Small Slimes","floor":1,"turns":1},{"damage":0,"enemies":"Jaw Worm","floor":5,"turns":1},{"damage":0,"enemies":"3 Sentries","floor":6,"turns":1},{"damage":1,"enemies":"2 Louse","floor":8,"turns":5},{"damage":7,"enemies":"Exordium Wildlife","floor":10,"turns":6},{"damage":53,"enemies":"Hexaghost","floor":16,"turns":17}],"seed_played":"8434720135117251157","potions_obtained":[{"floor":1,"key":"LifebloodPotion"},{"floor":5,"key":"PowerPotion"}],"is_trial":false,"path_per_floor":["M","?","$","?","M","E","R","M","T","M","R","$","R","?","R","B"],"character_chosen":"THE_SILENT","items_purchased":["Backflip","After Image"],"campfire_rested":1,"item_purchase_floors":[3,12],"current_hp_per_floor":[63,52,52,38,38,38,38,37,37,30,51,51,51,51,51,0,0],"gold":87,"neow_bonus":"THREE_ENEMY_KILL","is_daily":false,"chose_seed":false,"campfire_upgraded":3,"win_rate":0.0,"timestamp":1612125663,"path_taken":["M","?","$","?","M","E","R","M","T","M","R","$","R","?","R","BOSS"],"items_purchased_type":["Card","Card"],"build_version":"2020-12-22","purchased_purges":0,"victory":false,"max_hp_per_floor":[70,70,70,70,70,70,70,70,70,70,70,70,70,70,70,70,70],"card_choices":[{"not_picked":["Calculated Gamble","Riddle With Holes"],"picked":"Cloak And Dagger","floor":1},{"not_picked":["Acrobatics","Dagger Spray"],"picked":"Slice","floor":5},{"not_picked":["Finisher","Deadly Poison"],"picked":"Distraction","floor":6},{"not_picked":["Backflip","Flying Knee"],"picked":"Dagger Spray","floor":8},{"not_picked":["Dagger Throw","Dash"],"picked":"Atom Bomb","floor":10}],"player_experience":972961,"relics_obtained":[{"floor":6,"key":"Bottled Flame"},{"floor":9,"key":"infinitespire:FocusingShard"},{"floor":14,"key":"ReplayTheSpireMod:Ring of Challenge"},{"floor":14,"key":"Ring of Panic"}],"event_choices":[{"damage_healed":0,"gold_gain":75,"player_choice":"Gather Gold","damage_taken":11,"max_hp_gain":0,"max_hp_loss":0,"event_name":"World of Goop","floor":2,"gold_loss":0},{"damage_healed":0,"gold_gain":0,"player_choice":"Entered Light","damage_taken":14,"max_hp_gain":0,"max_hp_loss":0,"event_name":"Shining Light","floor":4,"gold_loss":0,"cards_upgraded":["Cloak And Dagger","Defend_G"]}],"is_beta":false,"boss_relics":[],"items_purged_floors":[],"is_endless":false,"potions_floor_spawned":[1,5],"killed_by":"Hexaghost","ascension_level":13}}