{"host":"ty7uytdfitsmf36k","time":1612110380,"event":{"mods":["AchievementEnabler","BaseMod","Colored Map","Colored Powertips","DeckTracker","Downfall","Infinite Spire","Minty Spire (QoL Compilation)","Relic Stats","Replay The Spire","Spire Arcade","StSLib","SuperFastMode","The Jungle","Wandering Minibosses"],"gold_per_floor":[113,132,10,30,30,30,58,58,58,58,68,68,68,163,163,262,262,280,298,311,322,322,322,322,361,361,373,391,391],"floor_reached":28,"language":"ENG","playtime":721,"items_purged":["Strike_R","Strike_R"],"score":378,"play_id":"45d0d235-52c4-4ca2-810e-7cdec7c358b2","local_time":"20210131112620","is_ascension_mode":true,"campfire_choices":[{"data":"Flame Barrier","floor":6.0,"key":"SMITH"},{"data":"Shrug It Off","floor":8.0,"key":"SMITH"},{"data":"Impervious","floor":10.0,"key":"SMITH"},{"data":"Spot Weakness","floor":13.0,"key":"SMITH"},{"data":"Body Slam","floor":15.0,"key":"SMITH"},{"data":"Shrug It Off","floor":23.0,"key":"SMITH"}],"circlet_count":0,"master_deck":["AscendersBane","Strike_R","Strike_R","Strike_R","Defend_R","Defend_R","Defend_R","Bash+1","ReplayTheSpireMod:Stacked","Flame Barrier+1","Shrug It Off+1","Rampage","Impervious+1","Spot Weakness+1","Body Slam+1","Demon Form","Shrug It Off+1"],"relics":["Burning Blood","Replay:Accelerometer","Strawberry","Replay:Rubber Ducky","SlaversCollar","Replay:Bandana","Centennial Puzzle","MawBank"],"acts_visited":["Exordium","theJungle:Jungle"],"potions_floor_usage":[28],"damage_taken":[{"damage":7.0,"enemies":"Jaw Worm","floor":1.0,"turns":3.0},{"damage":0.0,"enemies":"Small Slimes","floor":2.0,"turns":4.0},{"damage":5.0,"enemies":"2 Louse","floor":4.0,"turns":5.0},{"damage":12.0,"enemies":"3 Sentries","floor":7.0,"turns":11.0},{"damage":2.0,"enemies":"Large Slime","floor":11.0,"turns":8.0},{"damage":55.0,"enemies":"Slime Boss","floor":16.0,"turns":13.0},{"damage":24.0,"enemies":"theJungle:GiantWrat","floor":18.0,"turns":6.0},{"damage":33.0,"enemies":"Shell Parasite","floor":19.0,"turns":7.0},{"damage":8.0,"enemies":"theJungle:JungleHuntersEncounter","floor":20.0,"turns":9.0},{"damage":7.0,"enemies":"theJungle:Lyon","floor":21.0,"turns":4.0},{"damage":1.0,"enemies":"theJungle:2_Phrogs","floor":25.0,"turns":7.0},{"damage":38,"enemies":"theJungle:2_Snecko_Cultists","floor":28,"turns":4}],"seed_played":"8991024840325298943","potions_obtained":[{"floor":1.0,"key":"bronze:BurnAndBuffPotion"},{"floor":7.0,"key":"Milkshake"},{"floor":11.0,"key":"BloodPotion"},{"floor":16.0,"key":"AttackPotion"},{"floor":18.0,"key":"Elixir"},{"floor":19.0,"key":"BlessingOfTheForge"},{"floor":21.0,"key":"Elixir"},{"floor":25.0,"key":"Adrenaline Potion"}],"is_trial":false,"path_per_floor":["M","M","$","M","?","R","E","R","T","R","M","?","R","?","R","B",null,"M","M","M","M","AVR","R","?","E","T","?","M"],"character_chosen":"IRONCLAD","items_purchased":["Shrug It Off"],"campfire_rested":0,"item_purchase_floors":[3],"current_hp_per_floor":[71,77,77,78,71,71,65,65,72,72,76,76,76,55,55,23,71,53,26,24,23,23,23,25,30,30,30,0,0],"gold":391,"neow_bonus":"UPGRADE_CARD","is_daily":false,"chose_seed":false,"campfire_upgraded":6,"win_rate":0.0,"timestamp":1612110380,"path_taken":["M","M","$","M","?","R","E","R","T","R","M","?","R","?","R","BOSS","M","M","M","M","AVR","R","?","E","T","?","M"],"items_purchased_type":["Card"],"build_version":"2020-12-22","purchased_purges":2,"victory":false,"max_hp_per_floor":[80,80,80,80,80,80,80,80,87,87,87,87,87,87,87,87,87,87,87,87,87,87,87,87,87,87,87,87,87],"relic_stats":{"Centennial Puzzle":[3],"counters":[12,81],"MawBank":24,"obtain_stats":[{"Replay:Accelerometer":7,"SlaversCollar":17,"Replay:Bandana":22,"Centennial Puzzle":25,"Strawberry":9,"MawBank":26,"Burning Blood":0,"Replay:Rubber Ducky":14},{"Replay:Accelerometer":4,"SlaversCollar":6,"Replay:Bandana":10,"Centennial Puzzle":11,"Strawberry":4,"MawBank":11,"Burning Blood":0,"Replay:Rubber Ducky":5},{"Replay:Accelerometer":23,"SlaversCollar":44,"Replay:Bandana":70,"Centennial Puzzle":77,"Strawberry":23,"MawBank":77,"Burning Blood":0,"Replay:Rubber Ducky":31}],"Burning Blood":66},"card_choices":[{"not_picked":["Twin Strike","Sever Soul"],"picked":"ReplayTheSpireMod:Stacked","floor":1.0},{"not_picked":["Shockwave","Life Link"],"picked":"Flame Barrier","floor":2.0},{"not_picked":["ReplayTheSpireMod:Stacked","Headbutt"],"picked":"Rampage","floor":4.0},{"not_picked":["Iron Wave","Sentinel"],"picked":"Impervious","floor":7.0},{"not_picked":["Dual Wield","Anger"],"picked":"Spot Weakness","floor":11.0},{"not_picked":["Flex","Pommel Strike"],"picked":"Body Slam","floor":14.0},{"not_picked":["Offering","Bludgeon"],"picked":"Demon Form","floor":16.0},{"not_picked":["ReplayTheSpireMod:Limb From Limb","Cleave"],"picked":"Shrug It Off","floor":18.0},{"not_picked":["Shrug It Off","Rage","Iron Wave"],"picked":"SKIP","floor":19.0},{"not_picked":["Thunderclap","Havoc","Cleave"],"picked":"SKIP","floor":20.0},{"not_picked":["Dark Embrace","Rage","Reckless Charge"],"picked":"SKIP","floor":21.0},{"not_picked":["infinitespire:OneForAll","Life Link","Dual Wield"],"picked":"SKIP","floor":25.0},{"not_picked":["infinitespire:OneForAll","Life Link","Dual Wield"],"picked":"SKIP","floor":25.0}],"player_experience":207692,"relics_obtained":[{"floor":7.0,"key":"Replay:Accelerometer"},{"floor":9.0,"key":"Strawberry"},{"floor":14.0,"key":"Replay:Rubber Ducky"},{"floor":25.0,"key":"Centennial Puzzle"},{"floor":26.0,"key":"MawBank"}],"event_choices":[{"cards_removed":["Defend_R"],"damage_healed":0.0,"max_hp_gain":0.0,"max_hp_loss":0.0,"gold_gain":0.0,"event_name":"Golden Wing","player_choice":"Card Removal","floor":5.0,"gold_loss":0.0,"damage_taken":7.0},{"damage_healed":0.0,"max_hp_gain":0.0,"max_hp_loss":0.0,"gold_gain":0.0,"event_name":"Liars Game","player_choice":"Ignored","floor":12.0,"gold_loss":0.0,"damage_taken":0.0}],"is_beta":false,"boss_relics":[{"not_picked":["SacredBark","Replay:Fungal Core"],"picked":"SlaversCollar"}],"items_purged_floors":[3,22],"is_endless":false,"potions_floor_spawned":[1,7,11,16,18,19,21,25],"killed_by":"theJungle:2_Snecko_Cultists","ascension_level":12}}