{"host":"2ryabvayt7pqghlx","time":1612069146,"event":{"mods":["AchievementEnabler","BaseMod","Colored Map","Hermit","Highlight Path","Minty Spire (QoL Compilation)","Rare Cards Sparkle","Relic Stats","StSLib","SuperFastMode"],"gold_per_floor":[113,113,129,143,19,47,47,12,58,90,90,103,103,115,115,212,212,229,245,160,177,187,187,112,112,112,112,112],"floor_reached":27,"language":"ENG","playtime":2205,"items_purged":["Strike_P"],"score":392,"play_id":"494c24fc-9d30-46ac-bc96-926d77a0ef66","local_time":"20210130235906","is_ascension_mode":true,"campfire_choices":[{"floor":7,"key":"REST"},{"data":"SashWhip","floor":13,"key":"SMITH"},{"floor":15,"key":"RECALL"},{"data":"Ragnarok","floor":23,"key":"SMITH"}],"circlet_count":0,"master_deck":["Strike_P","Defend_P","Defend_P","Eruption+1","Vigilance","JustLucky","FlurryOfBlows","Prostrate","CutThroughFate","Weave","EmptyBody","SashWhip+1","BowlingBash","Ragnarok+1","Halt","Weave","Consecrate","Evaluate","MentalFortress"],"relics":["PureWater","Centennial Puzzle","MealTicket","Blood Vial","Omamori","Empty Cage","Boot","Molten Egg 2"],"acts_visited":["TheCity"],"potions_floor_usage":[6,22,27],"damage_taken":[{"damage":5,"enemies":"2 Louse","floor":1,"turns":3},{"damage":7,"enemies":"Jaw Worm","floor":3,"turns":4},{"damage":0,"enemies":"Small Slimes","floor":4,"turns":2},{"damage":26,"enemies":"Gremlin Nob","floor":6,"turns":4},{"damage":10,"enemies":"Lagavulin","floor":10,"turns":4},{"damage":4,"enemies":"2 Fungi Beasts","floor":12,"turns":3},{"damage":9,"enemies":"3 Louse","floor":14,"turns":3},{"damage":2,"enemies":"Slime Boss","floor":16,"turns":6},{"damage":0,"enemies":"Chosen","floor":18,"turns":3},{"damage":10,"enemies":"2 Thieves","floor":19,"turns":4},{"damage":6,"enemies":"Snecko","floor":21,"turns":5},{"damage":15,"enemies":"Shelled Parasite and Fungi","floor":22,"turns":4},{"damage":50,"enemies":"Slavers","floor":27,"turns":3}],"seed_played":"-705203500899230858","potions_obtained":[{"floor":1,"key":"ColorlessPotion"},{"floor":10,"key":"BlessingOfTheForge"},{"floor":12,"key":"DistilledChaos"},{"floor":16,"key":"EssenceOfSteel"}],"is_trial":false,"path_per_floor":["M","?","M","M","$","E","R","?","T","E","?","M","R","M","R","B",null,"M","M","?","M","M","R","?","?","T","E"],"character_chosen":"WATCHER","items_purchased":["CutThroughFate"],"campfire_rested":1,"item_purchase_floors":[5],"current_hp_per_floor":[67,60,53,53,53,27,48,66,66,56,56,54,54,47,47,47,72,72,62,62,58,45,45,45,45,45,0,0],"gold":112,"neow_bonus":"UPGRADE_CARD","is_daily":false,"chose_seed":false,"campfire_upgraded":2,"win_rate":0.0,"timestamp":1612069146,"path_taken":["M","?","M","M","$","E","R","?","T","E","?","M","R","M","R","BOSS","M","M","?","M","M","R","?","?","T","E"],"items_purchased_type":["Card"],"build_version":"2020-12-22","purchased_purges":1,"victory":false,"max_hp_per_floor":[72,72,72,72,72,72,72,72,72,72,72,72,72,72,72,72,72,72,72,72,72,72,72,72,72,72,72,72],"relic_stats":{"Blood Vial":12,"Centennial Puzzle":[24],"counters":[13,48],"MealTicket":0,"Boot":[28],"obtain_stats":[{"Blood Vial":10,"Centennial Puzzle":6,"MealTicket":9,"Molten Egg 2":26,"Omamori":11,"PureWater":0,"Empty Cage":17,"Boot":20},{"Blood Vial":5,"Centennial Puzzle":4,"MealTicket":4,"Molten Egg 2":12,"Omamori":5,"PureWater":0,"Empty Cage":8,"Boot":10},{"Blood Vial":17,"Centennial Puzzle":13,"MealTicket":13,"Molten Egg 2":45,"Omamori":17,"PureWater":0,"Empty Cage":29,"Boot":36}]},"card_choices":[{"not_picked":["ThirdEye","EmptyFist"],"picked":"JustLucky","floor":1},{"not_picked":["Evaluate","Crescendo"],"picked":"FlurryOfBlows","floor":3},{"not_picked":["EmptyFist","SandsOfTime"],"picked":"Prostrate","floor":4},{"not_picked":["EmptyFist","Swivel"],"picked":"Weave","floor":6},{"not_picked":["EmptyMind","Weave"],"picked":"EmptyBody","floor":10},{"not_picked":["Tantrum","Consecrate"],"picked":"SashWhip","floor":12},{"not_picked":["SashWhip","FlyingSleeves"],"picked":"BowlingBash","floor":14},{"not_picked":["SpiritShield","Wish"],"picked":"Ragnarok","floor":16},{"not_picked":["JustLucky","Wallop"],"picked":"Halt","floor":18},{"not_picked":["ThirdEye","WaveOfTheHand"],"picked":"Weave","floor":19},{"not_picked":["PathToVictory","BowlingBash"],"picked":"Consecrate","floor":21},{"not_picked":["Vault","SashWhip"],"picked":"Evaluate","floor":22}],"player_experience":143539,"relics_obtained":[{"floor":6,"key":"Centennial Puzzle"},{"floor":9,"key":"MealTicket"},{"floor":10,"key":"Blood Vial"},{"floor":26,"key":"Molten Egg 2"}],"event_choices":[{"cards_removed":["Defend_P"],"damage_healed":0,"gold_gain":0,"player_choice":"Card Removal","damage_taken":7,"max_hp_gain":0,"max_hp_loss":0,"event_name":"Golden Wing","floor":2,"gold_loss":0},{"damage_healed":18,"gold_gain":0,"player_choice":"Healed","damage_taken":0,"max_hp_gain":0,"max_hp_loss":0,"event_name":"The Cleric","floor":8,"gold_loss":35},{"damage_healed":0,"gold_gain":0,"player_choice":"Box","damage_taken":0,"relics_obtained":["Omamori"],"max_hp_gain":0,"max_hp_loss":0,"event_name":"Big Fish","floor":11,"gold_loss":0,"cards_obtained":["Regret"]},{"damage_healed":0,"gold_gain":0,"player_choice":"Obtained Relic","damage_taken":0,"relics_obtained":["Boot"],"max_hp_gain":0,"max_hp_loss":0,"event_name":"Addict","floor":20,"gold_loss":85},{"cards_removed":["Strike_P"],"damage_healed":0,"gold_gain":0,"player_choice":"Gave Gold","damage_taken":0,"max_hp_gain":0,"max_hp_loss":0,"event_name":"Beggar","floor":24,"gold_loss":75},{"damage_healed":0,"gold_gain":0,"cards_transformed":["Strike_P"],"player_choice":"Transformed","damage_taken":0,"max_hp_gain":0,"max_hp_loss":0,"event_name":"Transmorgrifier","floor":25,"gold_loss":0,"cards_obtained":["MentalFortress"]}],"is_beta":false,"boss_relics":[{"not_picked":["Busted Crown","Fusion Hammer"],"picked":"Empty Cage"}],"items_purged_floors":[5],"is_endless":false,"potions_floor_spawned":[1,10,12,16,18,21],"killed_by":"Slavers","ascension_level":1}}