{"host":"msmkw03x1o7nq45i","time":1612084587,"event":{"mods":["AchievementEnabler","BaseMod","Bestiary","Colored Powertips","GifTheSpireLib","Highlight Path","Minty Spire (QoL Compilation)","Random Character Button","StSLib","everything is the same but u backflip on backflip"],"gold_per_floor":[110,110,130,140,18,52,67,99,99,115,140,140,140,140,140,211,211,230,243,243,254,254,280,280,290,290,290,323,323,350,450,450,525,525,544,558,568,868,895,895,501,536,536,536,553,553,114,132,132,132],"floor_reached":51,"language":"ENG","playtime":3652,"items_purged":["Defend_P","Defend_P","LessonLearned"],"score":1680,"play_id":"99723823-fc03-46aa-b6e4-a38dadb46ae0","local_time":"20210131111627","is_ascension_mode":true,"campfire_choices":[{"data":"EmptyFist","floor":12,"key":"SMITH"},{"data":"Meditate","floor":15,"key":"SMITH"},{"floor":24,"key":"REST"},{"data":"Wallop","floor":27,"key":"SMITH"},{"data":"FlurryOfBlows","floor":32,"key":"SMITH"},{"data":"TalkToTheHand","floor":40,"key":"SMITH"},{"data":"TalkToTheHand","floor":46,"key":"SMITH"},{"data":"FlurryOfBlows","floor":49,"key":"SMITH"}],"circlet_count":0,"master_deck":["AscendersBane","Strike_P","Strike_P","Strike_P","Strike_P","Defend_P+1","Eruption+1","Vigilance","Crescendo","Meditate+1","EmptyFist+1","Consecrate","CutThroughFate","CutThroughFate+1","FlurryOfBlows+1","Collect","Wallop+1","Forethought","Adaptation+1","ThirdEye+1","TalkToTheHand+1","FearNoEvil","FlurryOfBlows+1","TalkToTheHand+1","Omniscience","TalkToTheHand+1","Thinking Ahead","Wallop+1"],"relics":["SlaversCollar","Vajra","Pear","Pantograph","Blue Candle","Runic Pyramid","Ancient Tea Set","Tiny Chest","Anchor","Pen Nib","CloakClasp","Bottled Flame","Busted Crown","Art of War","Lee\u0027s Waffle","Blood Vial","Bottled Lightning","Toolbox"],"acts_visited":["Exordium","TheCity","TheBeyond"],"potions_floor_usage":[6,10,19,33,36,36],"damage_taken":[{"damage":1,"enemies":"Small Slimes","floor":1,"turns":3},{"damage":0,"enemies":"Cultist","floor":3,"turns":4},{"damage":2,"enemies":"Jaw Worm","floor":4,"turns":3},{"damage":12,"enemies":"Gremlin Nob","floor":6,"turns":3},{"damage":0,"enemies":"Blue Slaver","floor":7,"turns":2},{"damage":12,"enemies":"Lagavulin","floor":8,"turns":4},{"damage":7,"enemies":"Red Slaver","floor":10,"turns":3},{"damage":0,"enemies":"Gremlin Nob","floor":11,"turns":2},{"damage":0,"enemies":"Slime Boss","floor":16,"turns":4},{"damage":17,"enemies":"3 Byrds","floor":18,"turns":4},{"damage":14,"enemies":"Shell Parasite","floor":19,"turns":3},{"damage":33,"enemies":"Snake Plant","floor":21,"turns":3},{"damage":25,"enemies":"Gremlin Leader","floor":23,"turns":5},{"damage":15,"enemies":"Cultist and Chosen","floor":25,"turns":5},{"damage":0,"enemies":"Slavers","floor":28,"turns":3},{"damage":0,"enemies":"Gremlin Leader","floor":30,"turns":5},{"damage":15,"enemies":"Colosseum Slavers","floor":31,"turns":3},{"damage":0,"enemies":"Colosseum Nobs","floor":31,"turns":2},{"damage":0,"enemies":"Automaton","floor":33,"turns":5},{"damage":3,"enemies":"3 Shapes","floor":35,"turns":4},{"damage":32,"enemies":"3 Darklings","floor":36,"turns":5},{"damage":6,"enemies":"Spire Growth","floor":37,"turns":4},{"damage":0,"enemies":"Nemesis","floor":42,"turns":5},{"damage":0,"enemies":"Transient","floor":45,"turns":5},{"damage":0,"enemies":"Maw","floor":48,"turns":6},{"damage":0,"enemies":"Time Eater","floor":50,"turns":7}],"seed_played":"8927172568038011108","potions_obtained":[{"floor":1,"key":"BottledMiracle"},{"floor":3,"key":"BlessingOfTheForge"},{"floor":6,"key":"Dexterity Potion"},{"floor":10,"key":"Ancient Potion"},{"floor":18,"key":"Dexterity Potion"},{"floor":25,"key":"SkillPotion"},{"floor":30,"key":"PowerPotion"},{"floor":33,"key":"SkillPotion"},{"floor":36,"key":"BlessingOfTheForge"}],"is_trial":false,"path_per_floor":["M","?","M","M","$","E","M","E","T","M","E","R","?","?","R","B",null,"M","M","?","M","?","E","R","M","T","R","E","?","E","?","R","B",null,"M","M","M","?","T","R","$","E","T","?","M","R","$","M","R","B",null],"character_chosen":"WATCHER","items_purchased":["Consecrate","Lee\u0027s Waffle","TalkToTheHand","StancePotion","Toolbox","Thinking Ahead"],"campfire_rested":1,"item_purchase_floors":[5,41,41,41,47,47],"current_hp_per_floor":[64,64,64,62,62,50,50,48,48,41,41,41,41,41,41,66,78,61,47,47,14,41,16,40,25,25,25,25,25,25,10,10,35,70,67,35,29,29,29,29,89,89,89,89,89,89,89,89,89,89],"gold":132,"neow_bonus":"BOSS_RELIC","is_daily":false,"chose_seed":false,"campfire_upgraded":7,"win_rate":0.0,"timestamp":1612084587,"path_taken":["M","?","M","M","?","E","M","E","T","?","E","R","?","?","R","BOSS","M","M","?","?","?","E","R","M","T","R","E","?","E","?","R","BOSS","M","M","M","?","?","R","?","E","T","?","M","R","$","M","R","BOSS"],"items_purchased_type":["Card","Relic","Card","Potion","Relic","Card"],"build_version":"2020-12-22","purchased_purges":3,"victory":true,"max_hp_per_floor":[72,72,72,72,72,72,72,82,82,82,82,82,82,82,82,82,82,82,82,82,82,82,82,82,82,82,82,82,82,82,82,82,82,82,82,82,82,82,82,82,89,89,89,89,89,89,89,89,89,89],"card_choices":[{"not_picked":["Nirvana","EmptyMind"],"picked":"Crescendo","floor":1},{"not_picked":["Halt","Weave"],"picked":"Meditate","floor":3},{"not_picked":["ThirdEye","PathToVictory"],"picked":"EmptyFist","floor":4},{"not_picked":["BowlingBash","Consecrate"],"picked":"CutThroughFate","floor":6},{"not_picked":["Wireheading","ReachHeaven","Devotion"],"picked":"SKIP","floor":7},{"not_picked":["ReachHeaven","Swivel"],"picked":"CutThroughFate","floor":8},{"not_picked":["FlyingSleeves","Perseverance","Crescendo"],"picked":"SKIP","floor":10},{"not_picked":["ThirdEye","ClearTheMind"],"picked":"FlurryOfBlows","floor":11},{"not_picked":["Evaluate","Prostrate","Fasting2"],"picked":"SKIP","floor":18},{"not_picked":["FlyingSleeves","ClearTheMind+1"],"picked":"Wallop","floor":19},{"not_picked":["Study+1","Wallop"],"picked":"Adaptation","floor":21},{"not_picked":["Adaptation","WheelKick"],"picked":"ThirdEye+1","floor":23},{"not_picked":["WreathOfFlame","Protect+1","WindmillStrike"],"picked":"SKIP","floor":25},{"not_picked":["ForeignInfluence","Protect"],"picked":"TalkToTheHand","floor":28},{"not_picked":["Worship","EmptyBody"],"picked":"FearNoEvil","floor":30},{"not_picked":["Establishment","Brilliance"],"picked":"LessonLearned","floor":33},{"not_picked":["Protect"],"picked":"SKIP","floor":35},{"not_picked":["BattleHymn"],"picked":"SKIP","floor":36},{"not_picked":[],"picked":"FlurryOfBlows","floor":37},{"not_picked":[],"picked":"Omniscience","floor":42},{"not_picked":["SashWhip"],"picked":"SKIP","floor":45},{"not_picked":[],"picked":"Wallop+1","floor":48}],"player_experience":439869,"relics_obtained":[{"floor":6,"key":"Vajra"},{"floor":8,"key":"Pear"},{"floor":9,"key":"Pantograph"},{"floor":11,"key":"Blue Candle"},{"floor":23,"key":"Ancient Tea Set"},{"floor":26,"key":"Tiny Chest"},{"floor":28,"key":"Anchor"},{"floor":30,"key":"Pen Nib"},{"floor":31,"key":"CloakClasp"},{"floor":31,"key":"Bottled Flame"},{"floor":39,"key":"Art of War"},{"floor":42,"key":"Blood Vial"},{"floor":43,"key":"Bottled Lightning"}],"event_choices":[{"damage_healed":0,"gold_gain":0,"player_choice":"0 cards matched","damage_taken":0,"max_hp_gain":0,"max_hp_loss":0,"event_name":"Match and Keep!","floor":2,"gold_loss":0,"cards_obtained":[]},{"damage_healed":0,"gold_gain":0,"player_choice":"Grow","damage_taken":0,"max_hp_gain":0,"max_hp_loss":0,"event_name":"Living Wall","floor":13,"gold_loss":0,"cards_upgraded":["Eruption"]},{"damage_healed":0,"gold_gain":0,"cards_transformed":["Defend_P"],"player_choice":"Transformed","damage_taken":0,"max_hp_gain":0,"max_hp_loss":0,"event_name":"Transmorgrifier","floor":14,"gold_loss":0,"cards_obtained":["Collect"]},{"damage_healed":0,"gold_gain":0,"player_choice":"1 cards matched","damage_taken":0,"max_hp_gain":0,"max_hp_loss":0,"event_name":"Match and Keep!","floor":20,"gold_loss":0,"cards_obtained":["Forethought"]},{"damage_healed":0,"gold_gain":0,"player_choice":"1 cards matched","damage_taken":0,"max_hp_gain":0,"max_hp_loss":0,"event_name":"Match and Keep!","floor":20,"gold_loss":0,"cards_obtained":["Forethought"]},{"damage_healed":27,"gold_gain":0,"player_choice":"Heal","damage_taken":0,"max_hp_gain":0,"max_hp_loss":0,"event_name":"The Library","floor":22,"gold_loss":0},{"damage_healed":0,"gold_gain":0,"player_choice":"Ignored","damage_taken":0,"max_hp_gain":0,"max_hp_loss":0,"event_name":"The Mausoleum","floor":29,"gold_loss":0},{"damage_healed":0,"gold_gain":0,"player_choice":"Fight","damage_taken":0,"max_hp_gain":0,"max_hp_loss":0,"event_name":"Colosseum","floor":31,"gold_loss":0},{"damage_healed":0,"gold_gain":0,"player_choice":"Fought Nobs","damage_taken":0,"max_hp_gain":0,"max_hp_loss":0,"event_name":"Colosseum","floor":31,"gold_loss":0},{"damage_healed":0,"gold_gain":300,"player_choice":"Gold","damage_taken":0,"max_hp_gain":0,"max_hp_loss":0,"event_name":"Wheel of Change","floor":38,"gold_loss":0},{"damage_healed":0,"gold_gain":0,"player_choice":"Copied","damage_taken":0,"max_hp_gain":0,"max_hp_loss":0,"event_name":"Duplicator","floor":44,"gold_loss":0,"cards_obtained":["TalkToTheHand"]}],"is_beta":false,"boss_relics":[{"not_picked":["Velvet Choker","Tiny House"],"picked":"Runic Pyramid"},{"not_picked":["Empty Cage","SacredBark"],"picked":"Busted Crown"}],"items_purged_floors":[5,41,47],"is_endless":false,"potions_floor_spawned":[1,3,6,10,18,25,30,31,33,36,42],"ascension_level":13}}