{"host":"vrsxkkch9ccrec7k","time":1612094888,"event":{"mods":["Act Like it!","BaseMod","Bestiary","Better Altar","Better Match","Better Note","Better Sensory Stone","Better Skull","Better Third Choice","Better Vampires","Downfall","Minty Spire (QoL Compilation)","Permanent Neow","Relic Stats","Spicy Shops","StSLib"],"gold_per_floor":[99,111,121,138,288,288,365,365,378,389,11,111,28,57,74,176,176,76,87,87,87,172,172,218,230,230,41,41,68,68,79,95,197,197,197,214,228,228,244,244,268,286,120,120,131,163,163,16,30,30],"floor_reached":51,"language":"ENG","playtime":4320,"items_purged":["downfall:Icky","bronze:Strike+1"],"score":1171,"play_id":"9565f1c2-74e7-44fa-b240-f976708c33a0","local_time":"20210131070807","is_ascension_mode":true,"campfire_choices":[{"data":"bronze:Replicate","floor":1,"key":"SMITH"},{"data":"bronze:Branch","floor":8,"key":"SMITH"},{"data":"bronze:HyperBeam","floor":18,"key":"SMITH"},{"data":"bronze:HardenedForm","floor":23,"key":"SMITH"},{"floor":30,"key":"REST"},{"data":"bronze:FineTuning","floor":35,"key":"SMITH"},{"data":"bronze:ItsAFeature","floor":44,"key":"SMITH"},{"data":"bronze:Library","floor":47,"key":"SMITH"}],"circlet_count":0,"master_deck":["AscendersBane","bronze:Strike+1","bronze:Strike+1","bronze:Strike+1","bronze:Defend+1","bronze:Defend+1","bronze:Defend+1","bronze:Defend+1","bronze:Replicate+1","bronze:Goto+1","bronze:WhirlingStrike+1","bronze:Branch+1","bronze:Shell+1","bronze:FineTuning+1","bronze:Fortify","bronze:FineTuning","bronze:Iterate","bronze:Constructor+1","bronze:ItsAFeature","bronze:HardenedForm+1","bronze:HyperBeam+1","bronze:ForceShield+1","bronze:Fortify","bronze:Frontload","bronze:Shell+1","bronze:Frontload+1","bronze:ForceShield","bronze:Library+1","bronze:ItsAFeature+1"],"relics":["bronze:BronzeCore","Ice Cream","Vajra","Orichalcum","sneckomod:SneckoTalon","downfall:HeartBlessingGreen","Art of War","Mercury Hourglass","Black Star","bronze:BottledCode","War Paint","Mango","Molten Egg 2","FossilizedHelix","HandDrill"],"acts_visited":["Exordium","TheCity","TheBeyond"],"potions_floor_usage":[4,14,25,27,31,33,39,39,50],"damage_taken":[{"damage":1,"enemies":"Cultist","floor":2,"turns":4},{"damage":3,"enemies":"2 Louse","floor":3,"turns":3},{"damage":0,"enemies":"Small Slimes","floor":4,"turns":2},{"damage":5,"enemies":"2 Fungi Beasts","floor":9,"turns":5},{"damage":0,"enemies":"Exordium Wildlife","floor":10,"turns":4},{"damage":0,"enemies":"downfall:FleeingMerchant","floor":11,"turns":4},{"damage":0,"enemies":"downfall:FleeingMerchant","floor":13,"turns":4},{"damage":0,"enemies":"Lagavulin","floor":14,"turns":6},{"damage":0,"enemies":"Large Slime","floor":15,"turns":6},{"damage":11,"enemies":"WA_ARCHETYPE_RETAIN","floor":16,"turns":8},{"damage":6,"enemies":"Shell Parasite","floor":19,"turns":4},{"damage":5,"enemies":"Centurion and Healer","floor":25,"turns":5},{"damage":3,"enemies":"downfall:FleeingMerchant","floor":27,"turns":4},{"damage":43,"enemies":"Book of Stabbing","floor":29,"turns":6},{"damage":32,"enemies":"Snake Plant","floor":31,"turns":4},{"damage":1,"enemies":"Cultist and Chosen","floor":32,"turns":3},{"damage":10,"enemies":"IC_MUSHROOM_ARCHETYPE","floor":33,"turns":10},{"damage":7,"enemies":"3 Darklings","floor":36,"turns":4},{"damage":0,"enemies":"3 Shapes","floor":37,"turns":5},{"damage":47,"enemies":"Transient","floor":39,"turns":5},{"damage":0,"enemies":"Spire Growth","floor":42,"turns":9},{"damage":0,"enemies":"downfall:FleeingMerchant","floor":43,"turns":1},{"damage":6,"enemies":"Sphere and 2 Shapes","floor":45,"turns":6},{"damage":0,"enemies":"Nemesis","floor":46,"turns":9},{"damage":4,"enemies":"Jaw Worm Horde","floor":49,"turns":4},{"damage":0,"enemies":"SI_POISON_ARCHETYPE","floor":50,"turns":25}],"seed_played":"2390595379940968405","potions_obtained":[{"floor":3,"key":"SpeedPotion"},{"floor":10,"key":"hexamod:SoulburnPotion"},{"floor":14,"key":"Block Potion"},{"floor":15,"key":"sneckomod:MuddlingPotion"},{"floor":31,"key":"bronze:BurnAndBuffPotion"},{"floor":32,"key":"Swift Potion"},{"floor":33,"key":"Fruit Juice"},{"floor":39,"key":"bronze:FreeFunctionsPotion"},{"floor":42,"key":"Guardian:BlockOnCardUsePotion"},{"floor":46,"key":"Weak Potion"}],"is_trial":false,"path_per_floor":["R","M","M","M","?","?","T","R","M","M","$","?","$","E","M","B",null,"R","M","?","?","?","R","T","M","?","$","?","E","R","M","M","B",null,"R","M","M","?","M","?","T","M","$","R","M","E","R","$","M","B",null],"character_chosen":"THE_AUTOMATON","items_purchased":["bronze:Iterate","Vajra","bronze:BuildAFunctionPotion","bronze:ItsAFeature","bronze:Assembly","bronze:ItsAFeature","Mango","HandDrill"],"campfire_rested":1,"item_purchase_floors":[11,11,11,13,27,43,43,48],"current_hp_per_floor":[63,62,59,59,59,59,59,59,54,54,54,54,54,54,54,43,58,58,52,52,52,38,38,38,33,33,30,73,30,51,19,18,13,62,62,55,55,55,8,59,59,59,73,73,67,67,67,67,63,63],"gold":30,"neow_bonus":"ONE_RARE_RELIC","is_daily":false,"chose_seed":false,"campfire_upgraded":7,"win_rate":0.0,"timestamp":1612094887,"path_taken":["R","M","M","?","?","?","T","R","?","?","$","?","?","E","M","BOSS","R","M","?","?","?","R","T","?","?","$","?","E","R","?","M","BOSS","R","M","M","?","M","?","T","M","?","R","?","E","R","$","M","BOSS"],"items_purchased_type":["Card","Relic","Potion","Card","Card","Card","Relic","Relic"],"build_version":"2020-12-22","purchased_purges":2,"victory":true,"max_hp_per_floor":[63,63,63,63,63,63,63,63,63,63,63,63,63,63,63,63,63,63,63,63,63,63,63,63,63,63,63,73,73,73,73,73,78,78,78,78,78,68,68,59,59,59,73,73,73,73,73,73,73,73],"relic_stats":{"counters":[26,150],"Art of War":[24],"Black Star":1,"HandDrill":[32],"Orichalcum":[54],"War Paint":["bronze:Shell","bronze:Constructor"],"obtain_stats":[{"Ice Cream":0,"bronze:BronzeCore":0,"Vajra":11,"downfall:HeartBlessingGreen":18,"Mango":43,"Orichalcum":14,"War Paint":41,"sneckomod:SneckoTalon":17,"Mercury Hourglass":29,"bronze:BottledCode":38,"Molten Egg 2":46,"Art of War":24,"Black Star":34,"HandDrill":48,"FossilizedHelix":46},{"Ice Cream":0,"bronze:BronzeCore":0,"Vajra":6,"downfall:HeartBlessingGreen":10,"Mango":22,"Orichalcum":8,"War Paint":20,"sneckomod:SneckoTalon":10,"Mercury Hourglass":14,"bronze:BottledCode":19,"Molten Egg 2":24,"Art of War":11,"Black Star":17,"HandDrill":24,"FossilizedHelix":24},{"Ice Cream":0,"bronze:BronzeCore":0,"Vajra":22,"downfall:HeartBlessingGreen":46,"Mango":106,"Orichalcum":32,"War Paint":96,"sneckomod:SneckoTalon":46,"Mercury Hourglass":65,"bronze:BottledCode":91,"Molten Egg 2":121,"Art of War":50,"Black Star":82,"HandDrill":121,"FossilizedHelix":121}],"Mercury Hourglass":[224]},"card_choices":[{"not_picked":["bronze:BugBarrage","bronze:Turbo"],"picked":"bronze:WhirlingStrike","floor":2},{"not_picked":["bronze:Separator","bronze:Turbo"],"picked":"bronze:Branch","floor":3},{"not_picked":["bronze:Shield","bronze:Terminator"],"picked":"bronze:Shell","floor":4},{"not_picked":["bronze:Constructor","bronze:GetLatest"],"picked":"bronze:FineTuning","floor":9},{"not_picked":["bronze:WildBeam","bronze:Deprecate"],"picked":"bronze:Fortify","floor":10},{"not_picked":["bronze:CleanCode","bronze:Shield"],"picked":"bronze:FineTuning","floor":11},{"not_picked":["bronze:OilSpill","bronze:AlphaBuild"],"picked":"bronze:Constructor","floor":13},{"not_picked":["bronze:Separator","bronze:Overload"],"picked":"bronze:HardenedForm","floor":14},{"not_picked":["bronze:CutThrough","bronze:Shield","bronze:DelayedSlice"],"picked":"SKIP","floor":15},{"not_picked":["bronze:TinkerersToolbox","bronze:RecursiveStrike"],"picked":"bronze:HyperBeam","floor":16},{"not_picked":["bronze:CutThrough","bronze:Philosophize","bronze:Invalidate+1"],"picked":"SKIP","floor":19},{"not_picked":["bronze:BronzeOrb+1","bronze:BugBarrage+1","bronze:Overheat+1"],"picked":"SKIP","floor":25},{"not_picked":["bronze:FineTuning","bronze:BitShift"],"picked":"bronze:ForceShield+1","floor":27},{"not_picked":["bronze:Allocate","bronze:Iterate"],"picked":"bronze:Fortify","floor":29},{"not_picked":["bronze:WildBeam+1","bronze:Backtrace","bronze:NullPointer"],"picked":"SKIP","floor":31},{"not_picked":["bronze:Overheat","bronze:Allocate+1","bronze:DigitalCarnage"],"picked":"SKIP","floor":32},{"not_picked":["bronze:Invalidate","bronze:BuggyMess"],"picked":"bronze:Frontload","floor":36},{"not_picked":["bronze:Flail","bronze:BitShift"],"picked":"bronze:Shell","floor":37},{"not_picked":["bronze:Philosophize","bronze:Overheat+1"],"picked":"bronze:Frontload+1","floor":39},{"not_picked":["bronze:Invalidate+1","bronze:NullPointer"],"picked":"bronze:ForceShield","floor":42},{"not_picked":["bronze:CutThrough+1","bronze:Philosophize+1"],"picked":"bronze:Library","floor":43},{"not_picked":["bronze:Constructor","bronze:BitShift","bronze:GetLatest"],"picked":"SKIP","floor":45},{"not_picked":["bronze:BitShift","bronze:ChosenStrike+1","bronze:Overheat+1"],"picked":"SKIP","floor":46},{"not_picked":["bronze:WhirlingStrike+1","bronze:BuggyMess","bronze:Philosophize"],"picked":"SKIP","floor":49}],"player_experience":1845865,"relics_obtained":[{"floor":14,"key":"Orichalcum"},{"floor":24,"key":"Art of War"},{"floor":29,"key":"Mercury Hourglass"},{"floor":41,"key":"War Paint"},{"floor":46,"key":"Molten Egg 2"},{"floor":46,"key":"FossilizedHelix"}],"event_choices":[{"damage_healed":0,"gold_gain":100,"player_choice":"Gold","damage_taken":0,"max_hp_gain":0,"max_hp_loss":0,"event_name":"Wheel of Change","floor":12,"gold_loss":0},{"damage_healed":0,"gold_gain":0,"player_choice":"Ignored","damage_taken":0,"max_hp_gain":0,"max_hp_loss":0,"event_name":"Ghosts","floor":21,"gold_loss":0},{"cards_removed":["bronze:Assembly"],"damage_healed":33,"gold_gain":0,"player_choice":"Offered Rare","damage_taken":0,"max_hp_gain":10,"max_hp_loss":0,"event_name":"Bonfire Elementals","floor":28,"gold_loss":0}],"is_beta":false,"boss_relics":[{"not_picked":["bronze:MakeshiftBattery","Philosopher\u0027s Stone"],"picked":"sneckomod:SneckoTalon"},{"not_picked":["Pandora\u0027s Box","Velvet Choker"],"picked":"Black Star"}],"items_purged_floors":[11,27],"is_endless":false,"potions_floor_spawned":[3,10,14,15,31,32,33,39,42,46,49],"ascension_level":10}}