{"host":"Jedit","time":1612097025,"event":{"mods":["BaseMod","Minty Spire (QoL Compilation)","Relic Stats","StSLib"],"gold_per_floor":[114,124,124,89,89,89,89,89],"floor_reached":7,"language":"ENG","playtime":144,"items_purged":[],"score":78,"play_id":"a1cab737-393a-4679-aa1a-e1d9d3b0f708","local_time":"20210131124345","is_ascension_mode":true,"campfire_choices":[{"floor":6,"key":"REST"}],"circlet_count":0,"master_deck":["AscendersBane","Strike_G","Strike_G","Strike_G","Strike_G","Strike_G","Defend_G","Defend_G","Defend_G","Defend_G","Defend_G","Survivor","Neutralize","Underhanded Strike","Dagger Spray","Pain"],"relics":["Fusion Hammer","Smiling Mask","WarpedTongs"],"acts_visited":["Exordium"],"potions_floor_usage":[],"damage_taken":[{"damage":0,"enemies":"2 Louse","floor":1,"turns":3},{"damage":18,"enemies":"Jaw Worm","floor":2,"turns":5},{"damage":34,"enemies":"Gremlin Nob","floor":7,"turns":4}],"seed_played":"5271436551835847978","potions_obtained":[],"is_trial":false,"path_per_floor":["M","M","?","?","?","R","E"],"character_chosen":"THE_SILENT","items_purchased":[],"campfire_rested":1,"item_purchase_floors":[],"current_hp_per_floor":[59,41,6,22,22,41,7,7],"gold":89,"neow_bonus":"BOSS_RELIC","is_daily":false,"chose_seed":false,"campfire_upgraded":0,"win_rate":0.0,"timestamp":1612097025,"path_taken":["M","M","?","?","?","R","E"],"items_purchased_type":[],"build_version":"2020-12-18","purchased_purges":0,"victory":false,"max_hp_per_floor":[66,66,66,66,66,66,66,66],"relic_stats":{"counters":[3,12],"Smiling Mask":0,"obtain_stats":[{"Fusion Hammer":0,"Smiling Mask":3,"Ring of the Snake":0,"WarpedTongs":5},{"Fusion Hammer":0,"Smiling Mask":2,"Ring of the Snake":0,"WarpedTongs":2},{"Fusion Hammer":0,"Smiling Mask":8,"Ring of the Snake":0,"WarpedTongs":8}],"WarpedTongs":[4]},"card_choices":[{"not_picked":["Flying Knee","Dodge and Roll"],"picked":"Underhanded Strike","floor":1},{"not_picked":["Skewer","Flying Knee"],"picked":"Dagger Spray","floor":2}],"player_experience":3464950,"relics_obtained":[],"event_choices":[{"damage_healed":0,"gold_gain":0,"player_choice":"Success","damage_taken":35,"relics_obtained":["Smiling Mask"],"max_hp_gain":0,"max_hp_loss":0,"event_name":"Scrap Ooze","floor":3,"gold_loss":0},{"damage_healed":16,"gold_gain":0,"player_choice":"Healed","damage_taken":0,"max_hp_gain":0,"max_hp_loss":0,"event_name":"The Cleric","floor":4,"gold_loss":35},{"damage_healed":0,"gold_gain":0,"player_choice":"Rummage","damage_taken":0,"relics_obtained":["WarpedTongs"],"max_hp_gain":0,"max_hp_loss":0,"event_name":"Accursed Blacksmith","floor":5,"gold_loss":0,"cards_obtained":["Pain"]}],"is_beta":true,"boss_relics":[],"items_purged_floors":[],"is_endless":false,"potions_floor_spawned":[],"killed_by":"Gremlin Nob","ascension_level":20}}