{"host":"i4yzoangb31cseo0","time":1612090657,"event":{"mods":["AchievementEnabler","BaseMod","Colored Powertips","Curses Come First","Minty Spire (QoL Compilation)","Permanent Neow","Rare Cards Sparkle","StSLib"],"gold_per_floor":[219,219,144,144,44,44,44,44,95,106,124,124,124,140,140,140,140],"floor_reached":16,"language":"ENG","playtime":544,"items_purged":["Strike_P","Eruption"],"score":92,"play_id":"213aef14-9841-4a5b-8b6f-06432b20f85f","local_time":"20210131212737","is_ascension_mode":true,"campfire_choices":[{"data":"Defend_P","floor":6,"key":"SMITH"},{"data":"Defend_P","floor":8,"key":"SMITH"},{"floor":13,"key":"RECALL"},{"data":"Vigilance","floor":15,"key":"SMITH"}],"circlet_count":0,"master_deck":["Strike_P","Strike_P","Strike_P","Defend_P+1","Defend_P+1","Vigilance+1"],"relics":["PureWater"],"acts_visited":["Exordium"],"potions_floor_usage":[16,16],"damage_taken":[{"damage":0,"enemies":"2 Louse","floor":1,"turns":2},{"damage":0,"enemies":"Jaw Worm","floor":10,"turns":9},{"damage":1,"enemies":"Cultist","floor":11,"turns":4},{"damage":0,"enemies":"Blue Slaver","floor":14,"turns":7},{"damage":100,"enemies":"Hexaghost","floor":16,"turns":15}],"seed_played":"1205261478567660855","potions_obtained":[{"floor":10,"key":"FairyPotion"},{"floor":11,"key":"BlessingOfTheForge"},{"floor":14,"key":"Explosive Potion"}],"is_trial":false,"path_per_floor":["M","?","$","?","$","R","$","R","T","M","M","?","R","M","R","B"],"character_chosen":"WATCHER","items_purchased":[],"campfire_rested":0,"item_purchase_floors":[],"current_hp_per_floor":[72,72,72,72,72,72,72,72,72,72,71,71,71,71,71,0,0],"gold":140,"neow_bonus":"HUNDRED_GOLD","is_daily":false,"chose_seed":false,"campfire_upgraded":3,"win_rate":0.0,"timestamp":1612090657,"path_taken":["M","?","$","?","$","R","?","R","T","M","M","?","R","M","R","BOSS"],"items_purchased_type":[],"build_version":"2020-12-22","purchased_purges":2,"victory":false,"max_hp_per_floor":[72,72,72,72,72,72,72,72,72,72,72,72,72,72,72,72,72],"card_choices":[{"not_picked":["CutThroughFate","WheelKick","SignatureMove"],"picked":"SKIP","floor":1},{"not_picked":["CrushJoints","Weave","Consecrate"],"picked":"SKIP","floor":10},{"not_picked":["FlyingSleeves","Sanctity","EmptyMind"],"picked":"SKIP","floor":11},{"not_picked":["Vengeance","SandsOfTime","Evaluate"],"picked":"SKIP","floor":14}],"player_experience":142321,"relics_obtained":[],"event_choices":[{"damage_healed":0,"gold_gain":0,"player_choice":"Ignored","damage_taken":0,"max_hp_gain":0,"max_hp_loss":0,"event_name":"Liars Game","floor":2,"gold_loss":0},{"cards_removed":["Defend_P"],"damage_healed":0,"gold_gain":0,"player_choice":"Forget","damage_taken":0,"max_hp_gain":0,"max_hp_loss":0,"event_name":"Living Wall","floor":4,"gold_loss":0},{"cards_removed":["Defend_P"],"damage_healed":0,"gold_gain":0,"player_choice":"Offered Basic","damage_taken":0,"max_hp_gain":0,"max_hp_loss":0,"event_name":"Bonfire Elementals","floor":12,"gold_loss":0}],"is_beta":false,"boss_relics":[],"items_purged_floors":[3,5],"is_endless":false,"potions_floor_spawned":[10,11,14],"killed_by":"Hexaghost","ascension_level":1}}