{"host":"yqw1zpryoutrnocq","time":1612064567,"event":{"mods":["2.2 Compatiblity","AchievementEnabler","BaseMod","Colored Map","Custom Start","DeckTracker","Minty Spire (QoL Compilation)","StSLib","SuperFastMode"],"gold_per_floor":[113,60,60,72,72,105,117,151,177,177,204,204,204,221,221,318,318,300,8,8,24,123,155,155,188,188,188,205,104,116,41,41,138,138,150,8,25,25,75,102,126,0,12,41,85,47,72,72,72],"floor_reached":48,"language":"KOR","playtime":1210,"items_purged":["Strike_G","Strike_G","Strike_G","Defend_G"],"score":934,"play_id":"8ab79a26-f931-412f-8d8a-46a36d25fc29","local_time":"20210130214247","is_ascension_mode":true,"campfire_choices":[{"data":"Cloak And Dagger","floor":10.0,"key":"SMITH"},{"floor":12.0,"key":"REST"},{"data":"Blade Dance","floor":15.0,"key":"SMITH"},{"data":"Adrenaline","floor":24.0,"key":"SMITH"},{"data":"A Thousand Cuts","floor":27.0,"key":"SMITH"},{"data":"Noxious Fumes","floor":32.0,"key":"SMITH"}],"circlet_count":0,"master_deck":["Strike_G+1","Defend_G","Defend_G","Defend_G","Defend_G","Survivor","Neutralize+1","Bouncing Flask+1","Cloak And Dagger+1","Blade Dance+1","Backflip","Cloak And Dagger+1","Masterful Stab","Malaise","PiercingWail","A Thousand Cuts+1","Cloak And Dagger","Adrenaline+1","Catalyst","Writhe","Terror","Escape Plan","Noxious Fumes+1","Blade Dance+1","Endless Agony","After Image","Backstab","Blade Dance","Deflect+1","Accuracy","Corpse Explosion","Poisoned Stab","Acrobatics+1","Dash+1","Bouncing Flask+1","PiercingWail"],"relics":["Ring of the Snake","NeowsBlessing","MealTicket","Happy Flower","Bronze Scales","Thread and Needle","Runic Pyramid","Singing Bowl","Letter Opener","Pen Nib","Smiling Mask","WristBlade","Prayer Wheel","MawBank","Red Mask","PreservedInsect","Vajra","Gremlin Horn"],"acts_visited":["Exordium","TheCity","TheBeyond"],"potions_floor_usage":[33,33,39,40],"damage_taken":[{"damage":0.0,"enemies":"Cultist","floor":1.0,"turns":1.0},{"damage":0.0,"enemies":"2 Louse","floor":4.0,"turns":1.0},{"damage":0.0,"enemies":"Lagavulin","floor":6.0,"turns":1.0},{"damage":3.0,"enemies":"Small Slimes","floor":7.0,"turns":3.0},{"damage":23.0,"enemies":"Gremlin Nob","floor":8.0,"turns":4.0},{"damage":11.0,"enemies":"Lagavulin","floor":11.0,"turns":5.0},{"damage":1.0,"enemies":"Looter","floor":14.0,"turns":4.0},{"damage":0.0,"enemies":"Hexaghost","floor":16.0,"turns":9.0},{"damage":5.0,"enemies":"2 Thieves","floor":18.0,"turns":4.0},{"damage":0.0,"enemies":"3 Byrds","floor":21.0,"turns":2.0},{"damage":32.0,"enemies":"Slavers","floor":23.0,"turns":4.0},{"damage":0.0,"enemies":"Book of Stabbing","floor":25.0,"turns":3.0},{"damage":17.0,"enemies":"Shelled Parasite and Fungi","floor":28.0,"turns":4.0},{"damage":1.0,"enemies":"Snecko","floor":30.0,"turns":5.0},{"damage":15,"enemies":"Champ","floor":33,"turns":10},{"damage":0,"enemies":"Orb Walker","floor":35,"turns":3},{"damage":6,"enemies":"3 Darklings","floor":37,"turns":3},{"damage":2,"enemies":"2 Orb Walkers","floor":39,"turns":3},{"damage":10,"enemies":"Nemesis","floor":40,"turns":5},{"damage":0,"enemies":"Jaw Worm Horde","floor":41,"turns":2},{"damage":14,"enemies":"Transient","floor":44,"turns":5},{"damage":0,"enemies":"Giant Head","floor":45,"turns":4},{"damage":30,"enemies":"Reptomancer","floor":47,"turns":3},{"damage":44,"enemies":"4 Shapes","floor":48,"turns":3}],"seed_played":"-2672885884689223405","potions_obtained":[{"floor":4.0,"key":"SkillPotion"},{"floor":7.0,"key":"Fire Potion"},{"floor":18.0,"key":"Strength Potion"},{"floor":21.0,"key":"Poison Potion"},{"floor":28.0,"key":"Weak Potion"},{"floor":30.0,"key":"BlessingOfTheForge"},{"floor":35,"key":"EssenceOfSteel"},{"floor":40,"key":"Fruit Juice"},{"floor":41,"key":"AttackPotion"},{"floor":45,"key":"Weak Potion"},{"floor":47,"key":"LiquidMemories"}],"is_trial":false,"path_per_floor":["M","$","?","M","?","E","M","E","T","R","E","R","?","M","R","B",null,"M","$","?","M","?","E","R","E","T","R","M","$","M","?","R","B",null,"M","$","M","?","?","E","M","?","T","M","E","$","E","M"],"character_chosen":"THE_SILENT","items_purchased":["Cloak And Dagger","Adrenaline","Catalyst","ColorlessPotion","Backstab","Blade Dance"],"campfire_rested":1,"item_purchase_floors":[2,19,19,29,36,36],"current_hp_per_floor":[63,63,63,63,49,49,46,23,23,23,12,33,33,32,32,32,61,56,70,70,70,70,38,38,38,38,38,21,36,35,35,35,20,58,60,72,66,66,64,59,59,59,59,45,45,60,32,0,0],"gold":72,"neow_bonus":"THREE_ENEMY_KILL","is_daily":false,"chose_seed":false,"campfire_upgraded":5,"win_rate":0.0,"timestamp":1612064567,"path_taken":["M","$","?","?","?","E","M","E","T","R","E","R","?","M","R","BOSS","M","$","?","M","?","E","R","E","T","R","M","$","M","?","R","BOSS","M","$","M","?","?","E","M","?","T","?","E","$","E","M"],"items_purchased_type":["Card","Card","Card","Potion","Card","Card"],"build_version":"2020-12-22","purchased_purges":4,"victory":false,"max_hp_per_floor":[70,70,70,70,70,70,70,70,70,70,70,70,70,70,70,70,70,70,70,70,70,70,70,70,70,70,70,70,70,70,70,70,70,70,72,72,72,68,68,73,73,73,73,73,73,73,75,75,75],"card_choices":[{"not_picked":["Outmaneuver","Dagger Throw"],"picked":"Bouncing Flask","floor":1.0},{"not_picked":["Prepared","Outmaneuver"],"picked":"Blade Dance","floor":4.0},{"not_picked":["Flechettes","Slice"],"picked":"Backflip","floor":6.0},{"not_picked":["Crippling Poison","Predator"],"picked":"Cloak And Dagger","floor":7.0},{"not_picked":["Outmaneuver","Backflip"],"picked":"Masterful Stab","floor":8.0},{"not_picked":["Accuracy","Quick Slash"],"picked":"Malaise","floor":11.0},{"not_picked":["Quick Slash","Reflex"],"picked":"PiercingWail","floor":14.0},{"not_picked":["Malaise","Unload"],"picked":"A Thousand Cuts","floor":16.0},{"not_picked":["Dagger Throw","Deflect+1"],"picked":"Cloak And Dagger","floor":18.0},{"not_picked":["Cloak And Dagger","Poisoned Stab"],"picked":"Terror","floor":21.0},{"not_picked":["Distraction","Prepared"],"picked":"Escape Plan","floor":23.0},{"not_picked":["All Out Attack","Heel Hook"],"picked":"Noxious Fumes","floor":25.0},{"not_picked":["Predator","Flying Knee+1"],"picked":"Blade Dance+1","floor":28.0},{"not_picked":["Calculated Gamble","Outmaneuver"],"picked":"Endless Agony","floor":30.0},{"not_picked":["Doppelganger","Bullet Time"],"picked":"After Image","floor":33},{"not_picked":["Outmaneuver","Heel Hook","Bane"],"picked":"Singing Bowl","floor":35},{"not_picked":["Outmaneuver","Backflip"],"picked":"Deflect+1","floor":37},{"not_picked":["Outmaneuver","Bouncing Flask+1"],"picked":"Accuracy","floor":39},{"not_picked":["Backstab+1","Concentrate+1"],"picked":"Corpse Explosion","floor":40},{"not_picked":["Prepared","Dash"],"picked":"Poisoned Stab","floor":41},{"not_picked":["Backstab","Terror+1"],"picked":"Acrobatics+1","floor":41},{"not_picked":["Bane+1","Quick Slash"],"picked":"Dash+1","floor":44},{"not_picked":["Sucker Punch","Cloak And Dagger"],"picked":"Bouncing Flask+1","floor":44},{"not_picked":["Endless Agony","Dodge and Roll+1"],"picked":"PiercingWail","floor":45},{"not_picked":["Leg Sweep+1","Bane+1","Unload"],"picked":"Singing Bowl","floor":47}],"player_experience":247061,"relics_obtained":[{"floor":6.0,"key":"MealTicket"},{"floor":8.0,"key":"Happy Flower"},{"floor":9.0,"key":"Bronze Scales"},{"floor":11.0,"key":"Thread and Needle"},{"floor":23.0,"key":"Letter Opener"},{"floor":25.0,"key":"Pen Nib"},{"floor":26.0,"key":"Smiling Mask"},{"floor":39,"key":"Prayer Wheel"},{"floor":40,"key":"MawBank"},{"floor":43,"key":"PreservedInsect"},{"floor":45,"key":"Vajra"},{"floor":47,"key":"Gremlin Horn"}],"event_choices":[{"damage_healed":0.0,"max_hp_gain":0.0,"max_hp_loss":0.0,"gold_gain":0.0,"event_name":"Accursed Blacksmith","player_choice":"Forge","floor":3.0,"gold_loss":0.0,"damage_taken":0.0,"cards_upgraded":["Bouncing Flask"]},{"damage_healed":0.0,"max_hp_gain":0.0,"max_hp_loss":0.0,"gold_gain":0.0,"event_name":"Shining Light","player_choice":"Entered Light","floor":5.0,"gold_loss":0.0,"damage_taken":14.0,"cards_upgraded":["Strike_G","Neutralize"]},{"damage_healed":0.0,"max_hp_gain":0.0,"max_hp_loss":0.0,"gold_gain":0.0,"event_name":"Living Wall","player_choice":"Grow","floor":13.0,"gold_loss":0.0,"damage_taken":0.0,"cards_upgraded":["Cloak And Dagger"]},{"damage_healed":0.0,"max_hp_gain":0.0,"max_hp_loss":0.0,"gold_gain":0.0,"event_name":"The Mausoleum","player_choice":"Opened","floor":20.0,"gold_loss":0.0,"damage_taken":0.0,"relics_obtained":["Singing Bowl"],"cards_obtained":["Writhe"]},{"damage_healed":0.0,"max_hp_gain":0.0,"max_hp_loss":0.0,"gold_gain":99.0,"event_name":"Nest","player_choice":"Stole From Cult","floor":22.0,"gold_loss":0.0,"damage_taken":0.0},{"cards_removed":["Strike_G"],"damage_healed":0.0,"max_hp_gain":0.0,"max_hp_loss":0.0,"gold_gain":0.0,"event_name":"Beggar","player_choice":"Gave Gold","floor":31.0,"gold_loss":75.0,"damage_taken":0.0},{"damage_healed":0,"gold_gain":0,"player_choice":"Max HP","damage_taken":0,"max_hp_gain":0,"max_hp_loss":4,"event_name":"Winding Halls","floor":38,"gold_loss":0},{"damage_healed":0,"gold_gain":0,"player_choice":"Fight","damage_taken":0,"max_hp_gain":0,"max_hp_loss":0,"event_name":"Mysterious Sphere","floor":39,"gold_loss":0},{"damage_healed":0,"gold_gain":0,"player_choice":"Paid","damage_taken":0,"relics_obtained":["Red Mask"],"max_hp_gain":0,"max_hp_loss":0,"event_name":"Tomb of Lord Red Mask","floor":42,"gold_loss":138}],"is_beta":false,"boss_relics":[{"not_picked":["Runic Dome","Ectoplasm"],"picked":"Runic Pyramid"},{"not_picked":["Tiny House","Ring of the Serpent"],"picked":"WristBlade"}],"items_purged_floors":[19,29,36,46],"is_endless":false,"potions_floor_spawned":[4,7,18,21,28,30,35,40,41,45,47],"killed_by":"4 Shapes","ascension_level":6}}