{"host":"0rxdudjy6rylha1k","time":1612110527,"event":{"mods":["Aspiration","BaseMod","Colored Map","Colored Powertips","Downfall","Highlight Path","Hubris","Minty Spire (QoL Compilation)","StSLib"],"gold_per_floor":[99,110,110,110,121,149,149,149,49,80,80,96,96,108,119,217,217,217,232,247,247,247,347,370,270,270,283,283,313,43,55,74,74,74,74],"floor_reached":33,"language":"ENG","playtime":2398,"items_purged":[],"score":328,"play_id":"9f597663-1be5-4344-b671-337be26549d4","local_time":"20210131092847","is_ascension_mode":true,"campfire_choices":[{"floor":1.0,"key":"RECALL"},{"floor":9.0,"key":"REST"},{"floor":13.0,"key":"REST"},{"data":"bronze:Mutator","floor":18.0,"key":"SMITH"},{"floor":25.0,"key":"REST"},{"data":"bronze:Repair","floor":28,"key":"SMITH"}],"circlet_count":0,"master_deck":["bronze:Strike+1","bronze:Strike+1","bronze:Strike+1","bronze:Strike+1","bronze:Defend+1","bronze:Defend+1","bronze:Defend+1","bronze:Defend+1","bronze:Replicate","bronze:Goto","bronze:DelayedSlice","bronze:CloningBeam","bronze:BugBarrage","Injury","bronze:InfiniteLoop+1","bronze:Branch+1","bronze:ThunderWave+1","bronze:Mutator+1","bronze:Optimize","bronze:Repair+1","bronze:Refactor+1","bronze:WildBeam+1","bronze:Optimize"],"relics":["aspiration:RunicSpoon","Ice Cream","Bronze Scales","Molten Egg 2","downfall:HeartBlessingRed","hubris:GlazedTorus","SacredBark","Du-Vu Doll","downfall:HeartBlessingBlue","Pen Nib","Medical Kit"],"acts_visited":["Exordium","TheCity"],"potions_floor_usage":[30,31,31,32,32,33],"damage_taken":[{"damage":11.0,"enemies":"Small Slimes","floor":2.0,"turns":6.0},{"damage":3.0,"enemies":"2 Louse","floor":5.0,"turns":4.0},{"damage":31.0,"enemies":"Lagavulin","floor":6.0,"turns":4.0},{"damage":22.0,"enemies":"3 Sentries","floor":10.0,"turns":6.0},{"damage":1.0,"enemies":"Cultist","floor":12.0,"turns":3.0},{"damage":0.0,"enemies":"2 Fungi Beasts","floor":14.0,"turns":3.0},{"damage":4.0,"enemies":"Red Slaver","floor":15.0,"turns":2.0},{"damage":29.0,"enemies":"IC_STATUS_ARCHETYPE","floor":16.0,"turns":7.0},{"damage":18.0,"enemies":"Shell Parasite","floor":19.0,"turns":4.0},{"damage":39.0,"enemies":"Centurion and Healer","floor":20.0,"turns":4.0},{"damage":9,"enemies":"Snecko","floor":27,"turns":6},{"damage":33,"enemies":"Book of Stabbing","floor":29,"turns":4},{"damage":0,"enemies":"downfall:FleeingMerchant","floor":30,"turns":4},{"damage":10,"enemies":"Shelled Parasite and Fungi","floor":31,"turns":2},{"damage":4,"enemies":"Chosen and Byrds","floor":32,"turns":4},{"damage":49,"enemies":"WA_ARCHETYPE_CALM","floor":33,"turns":8}],"seed_played":"6873411001698438660","potions_obtained":[{"floor":4.0,"key":"Regen Potion"},{"floor":4.0,"key":"Ancient Potion"},{"floor":4.0,"key":"LiquidMemories"},{"floor":10.0,"key":"SpeedPotion"},{"floor":14.0,"key":"Fruit Juice"},{"floor":16.0,"key":"Fire Potion"},{"floor":27,"key":"SteroidPotion"},{"floor":29,"key":"hexamod:SoulburnPotion"}],"is_trial":false,"path_per_floor":["R","M","?","?","M","E","T","?","R","E","?","M","R","M","M","B",null,"R","M","M","T","?","?","T","R","?","M","R","E","$","M","M","B"],"character_chosen":"THE_AUTOMATON","items_purchased":["Medical Kit","EntropicBrew"],"campfire_rested":3,"item_purchase_floors":[30,30],"current_hp_per_floor":[70,59,59,59,68,37,37,37,58,36,36,35,56,56,52,23,80,80,62,23,23,23,23,23,60,60,61,61,38,48,38,34,0,0,0],"gold":74,"neow_bonus":"BOSS_RELIC","is_daily":false,"chose_seed":false,"campfire_upgraded":2,"win_rate":0.0,"timestamp":1612110527,"path_taken":["R","M","?","?","?","E","T","?","R","E","?","M","R","M","M","BOSS","R","M","M","?","?","?","T","R","?","M","R","E","?","?","M","BOSS"],"items_purchased_type":["Relic","Potion"],"build_version":"2020-12-22","purchased_purges":0,"victory":false,"max_hp_per_floor":[70,70,70,70,70,70,70,70,70,70,70,70,70,70,70,70,80,80,80,80,80,80,80,80,90,90,90,90,90,90,90,90,90,90,90],"card_choices":[{"not_picked":["bronze:DelayedGuard","bronze:BuggyMess"],"picked":"bronze:DelayedSlice","floor":2.0},{"not_picked":["bronze:Invalidate","bronze:BuggyMess"],"picked":"bronze:CloningBeam","floor":5.0},{"not_picked":["bronze:MaxOutput","bronze:Separator"],"picked":"bronze:BugBarrage","floor":6.0},{"not_picked":["bronze:CloningBeam+1","bronze:ShipIt+1"],"picked":"bronze:InfiniteLoop+1","floor":10.0},{"not_picked":["bronze:Invalidate","bronze:Separator+1"],"picked":"bronze:Branch+1","floor":12.0},{"not_picked":["bronze:Shield","bronze:BugBarrage+1"],"picked":"bronze:ThunderWave+1","floor":14.0},{"not_picked":["bronze:DarkDash+1","bronze:Overheat+1","bronze:BitShift"],"picked":"SKIP","floor":15.0},{"not_picked":["bronze:TinkerersToolbox","bronze:HardenedForm"],"picked":"bronze:Mutator","floor":16.0},{"not_picked":["bronze:Invalidate","bronze:BronzeArmor"],"picked":"bronze:Optimize","floor":19.0},{"not_picked":["bronze:Separator+1","bronze:BuggyMess"],"picked":"bronze:Repair","floor":20.0},{"not_picked":["bronze:Turbo+1","bronze:Philosophize","bronze:BronzeOrb+1"],"picked":"SKIP","floor":27},{"not_picked":["bronze:Separator+1","bronze:Invalidate"],"picked":"bronze:Refactor+1","floor":29},{"not_picked":["bronze:BuggyMess","bronze:Overheat+1","bronze:CutThrough+1"],"picked":"SKIP","floor":30},{"not_picked":["bronze:Branch+1","bronze:BitShift"],"picked":"bronze:WildBeam+1","floor":31},{"not_picked":["bronze:WhirlingStrike+1","bronze:Backtrace+1"],"picked":"bronze:Optimize","floor":32}],"player_experience":2759515,"relics_obtained":[{"floor":6.0,"key":"Ice Cream"},{"floor":7.0,"key":"Bronze Scales"},{"floor":10.0,"key":"hubris:GlazedTorus"},{"floor":21.0,"key":"Du-Vu Doll"},{"floor":29,"key":"Pen Nib"}],"event_choices":[{"damage_healed":0.0,"max_hp_gain":0.0,"max_hp_loss":0.0,"gold_gain":0.0,"event_name":"Lab","player_choice":"Got Potions","floor":4.0,"gold_loss":0.0,"damage_taken":0.0}],"is_beta":false,"boss_relics":[{"not_picked":["bronze:MakeshiftBattery","hubris:GrandSneckoEye"],"picked":"SacredBark"}],"items_purged_floors":[],"is_endless":false,"potions_floor_spawned":[10,14,16,27,29],"killed_by":"WA_ARCHETYPE_CALM","ascension_level":2}}