{"host":"m4qpn8a4h7jhbw2f","time":1612054155,"event":{"mods":["BaseMod","Colored Map","Colored Powertips","Minty Spire (QoL Compilation)","Rare Cards Sparkle","Relic Stats"],"gold_per_floor":[116,116,136,150,325,325,338,350,350,370,385,385,73,91,91,186,186,205,120,45,59,78,78,108,119,145,145,52,71,71,83,83,83,83],"floor_reached":33,"language":"ENG","playtime":1882,"items_purged":["Parasite"],"score":289,"play_id":"97ac1b9e-b1ca-41a2-9e9d-089f81b23ac1","local_time":"20210130194915","is_ascension_mode":true,"campfire_choices":[{"data":"Uppercut","floor":6,"key":"SMITH"},{"data":"Warcry","floor":12,"key":"SMITH"},{"data":"Offering","floor":15,"key":"SMITH"},{"floor":23,"key":"REST"},{"floor":32,"key":"REST"}],"circlet_count":0,"master_deck":["Strike_R","Strike_R","Strike_R","Defend_R","Defend_R","Defend_R","Uppercut+1","Flame Barrier","Pommel Strike","Wild Strike","Twin Strike","Pommel Strike","Warcry+1","Anger","Offering+1","Trip","Double Tap","Clash+1","Rampage+1","Perfected Strike","Fire Breathing","Shrug It Off","Shrug It Off","Blood for Blood","Infernal Blade","Blind","Cleave","Dark Embrace","Disarm","Feel No Pain","Infernal Blade+1"],"relics":["Burning Blood","Pear","Dream Catcher","Astrolabe","StoneCalendar","InkBottle","Oddly Smooth Stone"],"acts_visited":["Exordium","TheCity"],"potions_floor_usage":[11,11,14,16,24,25,33],"damage_taken":[{"damage":2,"enemies":"2 Louse","floor":1,"turns":2},{"damage":0,"enemies":"Small Slimes","floor":3,"turns":2},{"damage":7,"enemies":"Jaw Worm","floor":4,"turns":3},{"damage":14,"enemies":"Exordium Wildlife","floor":7,"turns":4},{"damage":5,"enemies":"3 Louse","floor":8,"turns":4},{"damage":10,"enemies":"2 Fungi Beasts","floor":10,"turns":3},{"damage":4,"enemies":"Lots of Slimes","floor":11,"turns":2},{"damage":22,"enemies":"Exordium Thugs","floor":14,"turns":4},{"damage":15,"enemies":"Slime Boss","floor":16,"turns":11},{"damage":7,"enemies":"3 Byrds","floor":18,"turns":3},{"damage":13,"enemies":"Chosen","floor":21,"turns":4},{"damage":8,"enemies":"Snecko","floor":22,"turns":3},{"damage":52,"enemies":"Slavers","floor":24,"turns":6},{"damage":14,"enemies":"Shelled Parasite and Fungi","floor":25,"turns":5},{"damage":21,"enemies":"Snake Plant","floor":29,"turns":4},{"damage":14,"enemies":"Chosen and Byrds","floor":31,"turns":5},{"damage":67,"enemies":"Automaton","floor":33,"turns":6}],"seed_played":"4708534754653080128","potions_obtained":[{"floor":4,"key":"AttackPotion"},{"floor":8,"key":"SteroidPotion"},{"floor":11,"key":"PowerPotion"},{"floor":14,"key":"Block Potion"},{"floor":21,"key":"Block Potion"},{"floor":24,"key":"DistilledChaos"},{"floor":31,"key":"BloodPotion"}],"is_trial":false,"path_per_floor":["M","?","M","M","?","R","M","M","T","M","M","R","$","M","R","B",null,"M","?","$","M","M","R","E","M","T","?","$","M","?","M","R","B"],"character_chosen":"IRONCLAD","items_purchased":["Dream Catcher","Offering","Trip","Blind"],"campfire_rested":2,"item_purchase_floors":[13,13,13,28],"current_hp_per_floor":[80,73,79,78,78,78,70,71,81,77,79,79,79,63,63,54,90,89,89,87,80,78,87,41,33,33,33,33,18,18,10,36,0,0],"gold":83,"neow_bonus":"TRANSFORM_TWO_CARDS","is_daily":false,"chose_seed":false,"campfire_upgraded":3,"win_rate":0.0,"timestamp":1612054155,"path_taken":["M","?","M","M","?","R","M","M","T","M","M","R","$","M","R","BOSS","M","?","$","M","M","R","E","M","T","?","?","M","?","M","R","BOSS"],"items_purchased_type":["Relic","Card","Card","Card"],"build_version":"2020-12-22","purchased_purges":1,"victory":false,"max_hp_per_floor":[80,80,80,80,80,80,80,80,90,90,90,90,90,90,90,90,90,90,90,87,87,87,87,87,87,87,87,87,87,87,87,87,87,87],"relic_stats":{"Dream Catcher":2,"counters":[17,71],"Astrolabe":["Parasite","Clash","Rampage"],"StoneCalendar":[0],"obtain_stats":[{"Dream Catcher":13,"Pear":9,"Astrolabe":17,"Oddly Smooth Stone":26,"StoneCalendar":19,"Burning Blood":0,"InkBottle":24},{"Dream Catcher":7,"Pear":5,"Astrolabe":9,"Oddly Smooth Stone":14,"StoneCalendar":10,"Burning Blood":0,"InkBottle":13},{"Dream Catcher":20,"Pear":15,"Astrolabe":35,"Oddly Smooth Stone":56,"StoneCalendar":38,"Burning Blood":0,"InkBottle":51}],"Burning Blood":92,"InkBottle":[8]},"card_choices":[{"not_picked":["Clash","Flex"],"picked":"Pommel Strike","floor":1},{"not_picked":["Combust","Limit Break"],"picked":"Wild Strike","floor":3},{"not_picked":["Body Slam","Thunderclap"],"picked":"Twin Strike","floor":4},{"not_picked":["Flex","Headbutt"],"picked":"Pommel Strike","floor":7},{"not_picked":["Reckless Charge","Sever Soul"],"picked":"Warcry","floor":8},{"not_picked":["Sever Soul","Power Through"],"picked":"Metallicize","floor":10},{"not_picked":["Heavy Blade","Disarm"],"picked":"Anger","floor":11},{"not_picked":["Clash","Warcry"],"picked":"Rupture","floor":14},{"not_picked":["Bludgeon","Berserk"],"picked":"Double Tap","floor":16},{"not_picked":["Clash","Havoc"],"picked":"Perfected Strike","floor":18},{"not_picked":["Warcry","Dark Embrace","Heavy Blade+1"],"picked":"SKIP","floor":21},{"not_picked":["Body Slam","Corruption"],"picked":"Fire Breathing","floor":22},{"not_picked":["Thunderclap","True Grit"],"picked":"Shrug It Off","floor":23},{"not_picked":["Sentinel","Shockwave"],"picked":"Shrug It Off","floor":24},{"not_picked":["Searing Blow","Flex"],"picked":"Blood for Blood","floor":25},{"not_picked":["Armaments","Flex"],"picked":"Cleave","floor":29},{"not_picked":["Metallicize+1","Rupture"],"picked":"Feel No Pain","floor":31},{"not_picked":["Fire Breathing+1","Wild Strike+1"],"picked":"Infernal Blade+1","floor":32}],"player_experience":186974,"relics_obtained":[{"floor":9,"key":"Pear"},{"floor":24,"key":"InkBottle"},{"floor":26,"key":"Oddly Smooth Stone"}],"event_choices":[{"cards_removed":["Pain"],"damage_healed":0,"gold_gain":0,"player_choice":"Card Removal","damage_taken":7,"max_hp_gain":0,"max_hp_loss":0,"event_name":"Golden Wing","floor":2,"gold_loss":0},{"damage_healed":0,"gold_gain":175,"player_choice":"AGREE","damage_taken":0,"max_hp_gain":0,"max_hp_loss":0,"event_name":"Liars Game","floor":5,"gold_loss":0,"cards_obtained":["Doubt"]},{"damage_healed":0,"gold_gain":0,"player_choice":"Obtained Relic","damage_taken":0,"relics_obtained":["StoneCalendar"],"max_hp_gain":0,"max_hp_loss":0,"event_name":"Addict","floor":19,"gold_loss":85},{"damage_healed":0,"gold_gain":0,"player_choice":"Read","damage_taken":0,"max_hp_gain":0,"max_hp_loss":0,"event_name":"The Library","floor":27,"gold_loss":0,"cards_obtained":["Infernal Blade"]},{"damage_healed":0,"gold_gain":0,"cards_transformed":["Metallicize","Bash"],"player_choice":"Became Test Subject","damage_taken":0,"max_hp_gain":0,"max_hp_loss":0,"event_name":"Drug Dealer","floor":30,"gold_loss":0,"cards_obtained":["Dark Embrace","Disarm"]}],"is_beta":false,"boss_relics":[{"not_picked":["Cursed Key","Empty Cage"],"picked":"Astrolabe"}],"items_purged_floors":[20],"is_endless":false,"potions_floor_spawned":[4,8,11,14,21,24,31],"killed_by":"Automaton","ascension_level":2}}