{"host":"bd3tl98ed0kk4173","time":1612082062,"event":{"mods":["Arknights","Aspiration","BaseMod","Beaked The Cultist","Better Altar","Better Match","Better Note","Better Sensory Stone","Better Skull","Better Third Choice","BetterRewards","CapriCore","Colored Map","Colored Powertips","Conspire","Emptier Cage","Energized Spire","GifTheSpireLib","GungeonMod","Halation","HexUI Lib","Highlight Path","Hubris","Infinite Spire","Jorbs\u0027s Wanderer Trilogy","Minty Spire (QoL Compilation)","Permanent Neow","Quick Restart","Rare Cards Sparkle","Reliquary","Replay The Spire","SacredBarkPlus","Spicy Shops","StSLib","The Animator","The Blue Laboratory","The Death Knight","The Runesmith","TheFirefly","TheVacant","??????REMEMod"],"gold_per_floor":[119,44,61,61,61,61,79,105,105,105,27,27,40,54,54,158,158,171,184,35,35,53,53,53,53,53,53,67,102,102,112,112,211,211,227,7,7,20,36,36,56,70,118,118,118,131,151,171,171,171],"floor_reached":51,"language":"ENG","playtime":4323,"items_purged":["ats:Strike V"],"score":601,"play_id":"987fefce-8340-4a33-93a6-7a2b91cf4c79","local_time":"20210131033422","is_ascension_mode":false,"campfire_choices":[{"data":"ats:Thorns","floor":6.0,"key":"SMITH"},{"data":"ats:Thorns","floor":10.0,"key":"SMITH"},{"data":"ats:Defend","floor":15,"key":"SMITH"},{"data":"ats:Sashimi Platter","floor":23,"key":"SMITH"},{"data":"ats:Healing Drone","floor":25,"key":"SMITH"},{"data":"ats:Guard Mode","floor":27,"key":"SMITH"},{"data":"ats:Calcification","floor":30,"key":"SMITH"},{"data":"ReplayTheSpireMod:Stacked","floor":32,"key":"SMITH"},{"data":"ats:Defend","floor":37,"key":"SMITH"},{"data":"ats:Defend","floor":40,"key":"SMITH"},{"data":"ats:Defend","floor":44,"key":"SMITH"},{"data":"ats:Armor Crushing Shot","floor":49,"key":"SMITH"}],"circlet_count":0,"master_deck":["ats:Strike C","ats:Strike G","ats:Strike S","ats:Armor Crushing Shot+1","ats:Defend+1","ats:Defend+1","ats:Defend+1","ats:Defend+1","ats:Emotion Absorption+1","ReplayTheSpireMod:Stacked+1","ats:Poison Spread","ats:Thorns+1","ats:Thorns+1","ats:Calcification+1","ats:Guard Mode+1","ats:Healing Drone+1","ats:Sashimi Platter+1","ats:Thorns+1","ats:Powerful Strike+1"],"relics":["ats:Sanity","REME_ComplimentaryCards","hubris:Icosahedron","ats:Originium","DemoMod:JetPack","StoneCalendar","Ancient Tea Set","ats:Hidden Killer","Gremlin Horn","aspiration:SeaSaltIceCream","DemoMod:WhiteGuonStone","Red Mask","energizedSpire:DeadBattery","Membership Card","halation:Komachan","Potion Belt","Replay:Ringing Soul","conspire:SlowCooker"],"acts_visited":["Exordium","TheCity","TheBeyond"],"potions_floor_usage":[13,14,16,22,29,29,41,47,50,50],"damage_taken":[{"damage":2.0,"enemies":"Small Slimes","floor":1.0,"turns":3.0},{"damage":6.0,"enemies":"2 Louse","floor":3.0,"turns":3.0},{"damage":6.0,"enemies":"Jaw Worm","floor":7.0,"turns":4.0},{"damage":21.0,"enemies":"Lagavulin","floor":8.0,"turns":6.0},{"damage":0,"enemies":"Blue Slaver","floor":13,"turns":7},{"damage":0,"enemies":"2 Fungi Beasts","floor":14,"turns":4},{"damage":26,"enemies":"The Guardian","floor":16,"turns":8},{"damage":14,"enemies":"Spheric Guardian","floor":18,"turns":5},{"damage":7,"enemies":"3 Byrds","floor":19,"turns":4},{"damage":15,"enemies":"Snecko","floor":22,"turns":7},{"damage":10,"enemies":"Shelled Parasite and Fungi","floor":28,"turns":7},{"damage":2,"enemies":"Masked Bandits","floor":29,"turns":5},{"damage":10,"enemies":"conspire:HollyBat","floor":31,"turns":7},{"damage":30,"enemies":"conspire:MysteriousRune","floor":33,"turns":17},{"damage":10,"enemies":"Orb Walker","floor":35,"turns":6},{"damage":20,"enemies":"3 Shapes","floor":38,"turns":7},{"damage":18,"enemies":"Writhing Mass","floor":39,"turns":7},{"damage":39,"enemies":"Maw","floor":41,"turns":12},{"damage":29,"enemies":"Jaw Worm Horde","floor":42,"turns":7},{"damage":16,"enemies":"Writhing Mass","floor":46,"turns":7},{"damage":15,"enemies":"4 Shapes","floor":47,"turns":7},{"damage":2,"enemies":"3 Darklings","floor":48,"turns":6},{"damage":69,"enemies":"Time Eater","floor":50,"turns":19}],"seed_played":"2252456739894528085","potions_obtained":[{"floor":3.0,"key":"blueLaboratory:AbyssPotion"},{"floor":7.0,"key":"Fire Potion"},{"floor":8.0,"key":"DemoMod:LeadSkinPotion"},{"floor":12.0,"key":"Regen Potion"},{"floor":13,"key":"Adrenaline Potion"},{"floor":16,"key":"blueLaboratory:BottleOfVodka"},{"floor":18,"key":"blueLaboratory:BottleOfRum"},{"floor":31,"key":"Energy Potion"},{"floor":35,"key":"DemoMod:LeadSkinPotion"},{"floor":46,"key":"DistilledChaos"},{"floor":47,"key":"blueLaboratory:EmptyBottle"}],"is_trial":false,"path_per_floor":["M","$","M","?","?","R","M","E","T","R","$","?","M","M","R","B",null,"M","M","$","?","M","R","T","R","T","R","M","?","R","M","R","B",null,"M","$","R","M","M","R","M","M","T","R","AVR","M","M","M","R","B",null],"character_chosen":"DOCTOR_CLASS","items_purchased":["Ancient Tea Set","ats:Hidden Killer","Membership Card","halation:Komachan"],"campfire_rested":0,"item_purchase_floors":[11,20,36,36],"current_hp_per_floor":[77,77,71,71,71,71,65,44,44,44,44,44,56,56,56,30,79,65,59,59,59,57,57,57,57,57,57,79,79,79,79,79,79,79,70,70,70,77,79,79,79,73,73,73,73,82,67,82,82,38],"gold":171,"neow_bonus":"TEN_PERCENT_HP_BONUS","is_daily":false,"chose_seed":false,"campfire_upgraded":12,"win_rate":0.0,"timestamp":1612082062,"path_taken":["M","$","M","?","?","R","M","E","T","R","?","?","M","?","R","BOSS","M","M","$","?","?","R","?","R","T","R","M","?","R","M","R","BOSS","M","$","R","M","M","R","M","M","T","R","AVR","M","M","M","R","BOSS"],"items_purchased_type":["Relic","Relic","Relic","Relic"],"build_version":"2020-12-22","purchased_purges":1,"victory":true,"max_hp_per_floor":[79,79,79,79,79,79,79,79,79,79,79,79,79,79,79,79,79,79,79,79,79,79,79,79,79,79,79,79,79,79,79,79,79,79,79,79,79,79,79,79,79,79,79,79,79,82,82,82,82,82],"card_choices":[{"not_picked":["ats:Absolute Focus","ats:Curse Doll"],"picked":"ats:Poison Spread","floor":1.0},{"not_picked":["ats:Sunburst","ats:Revitalization"],"picked":"ats:Thorns","floor":3.0},{"not_picked":["ats:Apocalypse","ats:Support Order"],"picked":"ats:Thorns","floor":7.0},{"not_picked":["ats:Volcano","ats:Literary Storm","ats:Hammer On"],"picked":"SKIP","floor":8.0},{"not_picked":["ats:Absolute Focus","ats:Flexible Camouflage","ats:Consecutive Shot Auto"],"picked":"SKIP","floor":13},{"not_picked":["ats:Consecutive Shot Auto","ats:Shadow Raid","ats:Thermite Blade"],"picked":"SKIP","floor":14},{"not_picked":["ats:Volcano","ats:Disruption Kick"],"picked":"ats:Calcification","floor":16},{"not_picked":["ats:Very Hot Blade+1","ats:Chain Hook"],"picked":"ats:Guard Mode","floor":18},{"not_picked":["ats:Soul Rend","ats:Revitalization+1"],"picked":"ats:Healing Drone","floor":19},{"not_picked":["ats:Automatic Cover+1","ats:Blood Oath"],"picked":"ats:Sashimi Platter","floor":22},{"not_picked":["ats:Poison Spread","ats:Absolute Focus","ats:Hammer On+1"],"picked":"SKIP","floor":28},{"not_picked":["ats:Flexible Camouflage+1","ats:Consecutive Shot Auto","ats:Very Hot Blade+1"],"picked":"SKIP","floor":31},{"not_picked":["ats:Closed Bolt Burst Fire","ats:Curse Doll+1","ats:Guard Mode+1"],"picked":"SKIP","floor":35},{"not_picked":["ats:Poison Spread","ats:Healing Drone+1","ats:Cat Scratch+1"],"picked":"SKIP","floor":38},{"not_picked":["ats:Collapsing Strike+1","ats:Absolute Focus","ats:Serious Mode"],"picked":"SKIP","floor":39},{"not_picked":["ats:Cat Scratch+1","ats:Apocalypse","ats:Flexible Camouflage+1"],"picked":"SKIP","floor":41},{"not_picked":["ats:Consecutive Shot Auto+1","ats:Neurotoxin+1"],"picked":"ats:Thorns+1","floor":42},{"not_picked":["ats:Poison Spread+1","ats:Closed Bolt Burst Fire+1"],"picked":"ats:Powerful Strike+1","floor":46},{"not_picked":["ats:Poison Spread+1","ats:Cat Scratch+1","ats:Consecutive Shot Auto+1"],"picked":"SKIP","floor":47},{"not_picked":["ats:Very Hot Blade","ats:Consecutive Shot Auto","ats:Apocalypse"],"picked":"SKIP","floor":48}],"player_experience":89011,"relics_obtained":[{"floor":8.0,"key":"ats:Originium"},{"floor":8.0,"key":"DemoMod:JetPack"},{"floor":9.0,"key":"StoneCalendar"},{"floor":24,"key":"Gremlin Horn"},{"floor":26,"key":"aspiration:SeaSaltIceCream"},{"floor":29,"key":"Red Mask"},{"floor":43,"key":"DemoMod:WeirdEgg"}],"event_choices":[{"damage_healed":0.0,"max_hp_gain":0.0,"max_hp_loss":0.0,"gold_gain":0.0,"event_name":"Lab","player_choice":"Got Potions","floor":12.0,"gold_loss":0.0,"damage_taken":0.0},{"cards_removed":["ats:Strike S"],"damage_healed":0,"gold_gain":0,"player_choice":"Give","damage_taken":0,"max_hp_gain":0,"max_hp_loss":0,"event_name":"betterNote:BetterNote","floor":21,"gold_loss":0,"cards_obtained":["Strike_R"]},{"damage_healed":0,"gold_gain":0,"player_choice":"Fought Bandits","damage_taken":0,"max_hp_gain":0,"max_hp_loss":0,"event_name":"Masked Bandits","floor":29,"gold_loss":0}],"is_beta":false,"boss_relics":[{"not_picked":["Replay:Wanted Poster","Honey Jar","energizedSpire:EnergizedDie"]},{"not_picked":["hubris:GrandSneckoEye","hubris:Stopwatch"],"picked":"energizedSpire:DeadBattery"}],"items_purged_floors":[2],"is_endless":false,"potions_floor_spawned":[3,7,8,13,16,18,31,35,39,46,47],"ascension_level":0}}