{"host":"qbjtml023iza03hb","time":1612096744,"event":{"mods":["AchievementEnabler","BaseMod","Better Sensory Stone","Hermit","Minty Spire (QoL Compilation)","StSLib","The Animator","The Cursed"],"gold_per_floor":[123,123,136,13,13,13,23,23,49,86,114,31,31,50,50,152,152,164,164,174,174,174,206,206,206,206],"floor_reached":25,"language":"FRA","playtime":3365,"items_purged":[],"score":277,"play_id":"f8d092cc-fbc6-41ae-9079-e55b7540723a","local_time":"20210131133904","is_ascension_mode":true,"campfire_choices":[{"data":"animator:OrikoMikuni","floor":6.0,"key":"SMITH"},{"data":"animator:Guy","floor":8.0,"key":"SMITH"},{"data":"animator:WinryRockbell","floor":15.0,"key":"SMITH"},{"floor":24,"key":"REST"}],"circlet_count":0,"master_deck":["animator:Strike_Elsword","animator:Defend_Elsword","animator:Strike","animator:Strike","animator:Defend","animator:Defend","animator:Chung","animator:Raven","animator:OrikoMikuni+1","animator:Arpeggio","animator:Tatsumaki","animator:YachiyoNanami","animator:DwarfShaman","animator:Guy+1","animator:IrohaTamaki","animator:Ain","animator:Canti","animator:WinryRockbell+1","animator:MadokaKaname","animator:Togame","Pain","animator:YachiyoNanami","Shame","animator:Fredrika"],"relics":["animator:LivingPicture","animator:TheMissingPiece","animator:PurgingStone","Boot","Question Card","animator:HolyGrailRelic","WarpedTongs","Frozen Egg 2","Lizard Tail"],"acts_visited":["Exordium","TheCity"],"potions_floor_usage":[23,23],"damage_taken":[{"damage":0.0,"enemies":"Small Slimes","floor":1.0,"turns":3.0},{"damage":2.0,"enemies":"2 Louse","floor":3.0,"turns":2.0},{"damage":9.0,"enemies":"Jaw Worm","floor":7.0,"turns":4.0},{"damage":11.0,"enemies":"Lagavulin","floor":10.0,"turns":6.0},{"damage":10.0,"enemies":"2 Fungi Beasts","floor":11.0,"turns":3.0},{"damage":3.0,"enemies":"Red Slaver","floor":14.0,"turns":4.0},{"damage":14.0,"enemies":"Hexaghost","floor":16.0,"turns":9.0},{"damage":12.0,"enemies":"Shell Parasite","floor":18.0,"turns":4.0},{"damage":6.0,"enemies":"Chosen","floor":20.0,"turns":5.0},{"damage":55,"enemies":"Slavers","floor":23,"turns":5},{"damage":23,"enemies":"Centurion and Healer","floor":25,"turns":3}],"seed_played":"-471126981790059229","potions_obtained":[{"floor":1.0,"key":"Explosive Potion"},{"floor":3.0,"key":"GamblersBrew"},{"floor":16.0,"key":"CultistPotion"}],"is_trial":false,"path_per_floor":["M","?","M","$","?","R","M","R","T","E","M","$","?","M","R","B",null,"M","?","M","?","?","E","R","M"],"character_chosen":"THE_ANIMATOR","items_purchased":["animator:YachiyoNanami","animator:DwarfShaman","animator:Canti"],"campfire_rested":1,"item_purchase_floors":[4,4,12],"current_hp_per_floor":[66,71,69,69,69,69,60,60,60,49,39,39,39,36,36,23,80,70,70,66,66,66,13,38,15,15],"gold":206,"neow_bonus":"TRANSFORM_CARD","is_daily":false,"chose_seed":false,"campfire_upgraded":3,"win_rate":0.0,"timestamp":1612096744,"path_taken":["M","?","M","$","?","R","M","R","T","E","M","$","?","M","R","BOSS","M","?","M","?","?","E","R","M"],"items_purchased_type":["Card","Card","Card"],"build_version":"2020-12-22","purchased_purges":0,"victory":false,"max_hp_per_floor":[66,71,71,71,71,71,71,71,71,71,71,71,71,71,71,72,80,82,82,84,84,84,86,86,86,86],"card_choices":[{"not_picked":["animator:Ain","animator:OrikoMikuni"],"picked":"animator:Arpeggio","floor":1.0},{"not_picked":["animator:LizardPriest","animator:ElricEdward"],"picked":"animator:Tatsumaki","floor":3.0},{"not_picked":["animator:ChaikaBohdan","animator:Gillette"],"picked":"animator:Guy","floor":7.0},{"not_picked":["animator:YuiTsuruno","animator:KyokoSakura"],"picked":"animator:IrohaTamaki","floor":10.0},{"not_picked":["animator:Pride","animator:MetalKnight","animator:Priestess"],"picked":"animator:Ain","floor":11.0},{"not_picked":["animator:Vesta","animator:GazelDwargon","animator:Sonic"],"picked":"animator:WinryRockbell","floor":14.0},{"not_picked":["animator:Greed","animator:ItamiYouji","animator:Father"],"picked":"animator:MadokaKaname","floor":16.0},{"not_picked":["animator:Shuna","animator:OrikoMikuni","animator:Emonzaemon"],"picked":"animator:Togame","floor":18.0},{"not_picked":["animator:NagisaMomoe","animator:IrohaTamaki","animator:YuiTsuruno"],"picked":"animator:YachiyoNanami","floor":20},{"not_picked":["animator:Ara","animator:Raven","animator:Rena"],"picked":"animator:Fredrika","floor":23}],"player_experience":531244,"relics_obtained":[{"floor":9.0,"key":"Boot"},{"floor":10.0,"key":"Question Card"},{"floor":23,"key":"Lizard Tail"}],"event_choices":[{"damage_healed":0.0,"max_hp_gain":5.0,"max_hp_loss":0.0,"gold_gain":0.0,"event_name":"Big Fish","player_choice":"Donut","floor":2.0,"gold_loss":0.0,"damage_taken":0.0},{"damage_healed":0.0,"max_hp_gain":0.0,"max_hp_loss":0.0,"gold_gain":0.0,"event_name":"Scrap Ooze","player_choice":"Fled","floor":5.0,"gold_loss":0.0,"damage_taken":0.0},{"cards_removed":["animator:Strike"],"damage_healed":0.0,"max_hp_gain":0.0,"max_hp_loss":0.0,"gold_gain":0.0,"event_name":"Living Wall","player_choice":"Forget","floor":13.0,"gold_loss":0.0,"damage_taken":0.0},{"damage_healed":0.0,"max_hp_gain":0.0,"max_hp_loss":0.0,"gold_gain":0.0,"event_name":"Accursed Blacksmith","player_choice":"Rummage","floor":19.0,"gold_loss":0.0,"damage_taken":0.0,"relics_obtained":["WarpedTongs"],"cards_obtained":["Pain"]},{"damage_healed":0,"gold_gain":0,"player_choice":"Stole Relic","damage_taken":0,"relics_obtained":["Frozen Egg 2"],"max_hp_gain":0,"max_hp_loss":0,"event_name":"Addict","floor":21,"gold_loss":0,"cards_obtained":["Shame"]},{"damage_healed":0,"gold_gain":0,"player_choice":"Ignored","damage_taken":0,"max_hp_gain":0,"max_hp_loss":0,"event_name":"Vampires","floor":22,"gold_loss":0}],"is_beta":false,"boss_relics":[{"not_picked":["animator:RacePiece","Mark of Pain"],"picked":"animator:HolyGrailRelic"}],"items_purged_floors":[],"is_endless":false,"potions_floor_spawned":[1,3,16],"killed_by":"Centurion and Healer","ascension_level":3}}