{"host":"skr63qsdfgeey3it","time":1612061087,"event":{"mods":["BaseMod","Colored Map","Hubris","Minty Spire (QoL Compilation)","Replay The Spire","Spicy Shops","StSLib"],"gold_per_floor":[19,19,85,85,108,108,146,67,67,67,88,88,111,136,136,264,264,264,279,279,18,43,93,93,112,112,112,184,184,209,222,222,222,222],"floor_reached":33,"language":"ENG","playtime":1569,"items_purged":["Defend_B","Overencumbered"],"score":358,"play_id":"7f63f039-56bd-472d-8e94-731e0d83dadf","local_time":"20210130204447","is_ascension_mode":true,"campfire_choices":[{"floor":6,"key":"REST"},{"data":"Thunder Strike","floor":12,"key":"SMITH"},{"floor":15,"key":"REST"},{"floor":24,"key":"REST"},{"floor":29,"key":"REST"}],"circlet_count":0,"master_deck":["Strike_B","Defend_B","Defend_B","Defend_B","Zap","Dualcast","Thunder Strike+1","Conserve Battery","Sunder","Ball Lightning","Static Discharge+1","Reinforced Body","hubris:Ukulele","Conserve Battery","Rainbow","Leap","Tempest","Panic Button","Static Discharge+1","Capacitor+1"],"relics":["Cracked Core","Golden Idol","Frozen Egg 2","hubris:TinFlute","Empty Cage","Tiny Chest","ReplayTheSpireMod:CursedCoin","Gremlin Horn"],"acts_visited":["Exordium","TheCity"],"potions_floor_usage":[7,7,7,18,30,33,33],"damage_taken":[{"damage":3,"enemies":"Jaw Worm","floor":1,"turns":4},{"damage":7,"enemies":"Small Slimes","floor":5,"turns":3},{"damage":11,"enemies":"3 Sentries","floor":7,"turns":4},{"damage":0,"enemies":"2 Louse","floor":11,"turns":3},{"damage":10,"enemies":"Large Slime","floor":13,"turns":5},{"damage":1,"enemies":"3 Louse","floor":14,"turns":2},{"damage":43,"enemies":"The Guardian","floor":16,"turns":8},{"damage":0,"enemies":"2 Thieves","floor":18,"turns":1},{"damage":2,"enemies":"Chosen","floor":19,"turns":4},{"damage":48,"enemies":"Shelled Parasite and Fungi","floor":22,"turns":4},{"damage":20,"enemies":"Snake Plant","floor":25,"turns":4},{"damage":0,"enemies":"Snecko","floor":30,"turns":4},{"damage":2,"enemies":"3 Cultists","floor":31,"turns":3},{"damage":29,"enemies":"Snake Plant","floor":33,"turns":5}],"seed_played":"-5261715200015172198","potions_obtained":[{"floor":1,"key":"LifebloodPotion"},{"floor":3,"key":"SteroidPotion"},{"floor":3,"key":"SteroidPotion"},{"floor":11,"key":"SmokeBomb"},{"floor":19,"key":"Strength Potion"},{"floor":25,"key":"Ancient Potion"},{"floor":31,"key":"SneckoOil"}],"is_trial":false,"path_per_floor":["M","?","?","?","M","R","E","$","T","?","M","R","M","M","R","B",null,"M","M","?","$","M","$","R","M","PTL","PTL","T","R","M","M","?","M"],"character_chosen":"DEFECT","items_purchased":["Static Discharge+1","Tempest","Tiny Chest","ReplayTheSpireMod:CursedCoin"],"campfire_rested":4,"item_purchase_floors":[8,21,21,23],"current_hp_per_floor":[65,47,29,29,22,44,33,33,33,33,33,33,23,22,44,1,57,57,55,55,55,7,7,29,9,9,9,9,31,31,29,29,0,0],"gold":222,"neow_bonus":"THREE_RARE_CARDS","is_daily":false,"chose_seed":false,"campfire_upgraded":1,"win_rate":0.0,"timestamp":1612061087,"path_taken":["M","?","?","?","M","R","E","$","T","?","M","R","?","M","R","BOSS","M","M","?","?","?","$","R","M","PTL","PTL","T","R","M","M","?","M"],"items_purchased_type":["Card","Card","Relic","Relic"],"build_version":"2020-12-22","purchased_purges":2,"victory":false,"max_hp_per_floor":[75,75,75,75,75,75,75,75,75,75,75,75,75,75,75,75,75,75,75,75,75,75,75,75,75,75,75,75,75,75,75,75,75,75],"card_choices":[{"not_picked":["Reboot","Seek"],"picked":"Thunder Strike","floor":0},{"not_picked":["Chill","ReplayTheSpireMod:Reroute Power","Sweeping Beam"],"picked":"SKIP","floor":1},{"not_picked":["Heatsinks","ReplayGash"],"picked":"Conserve Battery","floor":3},{"not_picked":["Coolheaded","Crystallizer"],"picked":"Sunder","floor":5},{"not_picked":["Capacitor+1","ReplayTheSpireMod:Repulse"],"picked":"Ball Lightning","floor":7},{"not_picked":["Coolheaded","Streamline"],"picked":"Reinforced Body","floor":11},{"not_picked":["Turbo","Ball Lightning"],"picked":"hubris:Ukulele","floor":13},{"not_picked":["Stack","BootSequence"],"picked":"Conserve Battery","floor":14},{"not_picked":["Multi-Cast","All For One"],"picked":"Rainbow","floor":16},{"not_picked":["Turbo","Sweeping Beam","Barrage"],"picked":"SKIP","floor":19},{"not_picked":["Gash","Barrage"],"picked":"Panic Button","floor":22},{"not_picked":["Chill","BasicCrystalCard","BootSequence+1"],"picked":"SKIP","floor":25},{"not_picked":["ReplayTheSpireMod:Repulse","Reprogram"],"picked":"Static Discharge+1","floor":30},{"not_picked":["Sweeping Beam+1","Leap+1"],"picked":"Capacitor+1","floor":31}],"player_experience":825516,"relics_obtained":[{"floor":7,"key":"Frozen Egg 2"},{"floor":9,"key":"hubris:TinFlute"},{"floor":28,"key":"Gremlin Horn"}],"event_choices":[{"damage_healed":0,"gold_gain":0,"player_choice":"Take Damage","damage_taken":18,"relics_obtained":["Golden Idol"],"max_hp_gain":0,"max_hp_loss":0,"event_name":"Golden Idol","floor":2,"gold_loss":0},{"cards_removed":["Strike_B"],"damage_healed":0,"gold_gain":0,"player_choice":"Forget","damage_taken":0,"max_hp_gain":0,"max_hp_loss":0,"event_name":"Living Wall","floor":4,"gold_loss":0},{"damage_healed":0,"gold_gain":0,"player_choice":"0 cards matched","damage_taken":0,"max_hp_gain":0,"max_hp_loss":0,"event_name":"Match and Keep!","floor":10,"gold_loss":0,"cards_obtained":[]},{"damage_healed":0,"gold_gain":0,"player_choice":"1 cards matched","damage_taken":0,"max_hp_gain":0,"max_hp_loss":0,"event_name":"Match and Keep!","floor":20,"gold_loss":0,"cards_obtained":["Leap"]},{"damage_healed":0,"gold_gain":0,"player_choice":"Ignored","damage_taken":0,"max_hp_gain":0,"max_hp_loss":0,"event_name":"Vampires","floor":32,"gold_loss":0}],"is_beta":false,"boss_relics":[{"not_picked":["hubris:GrandSneckoEye","hubris:HollowSoul"],"picked":"Empty Cage"}],"items_purged_floors":[21,23],"is_endless":false,"potions_floor_spawned":[1,5,11,19,25,31],"killed_by":"Snake Plant","ascension_level":9}}