{"host":"95i1gxnztdrdyvhi","time":1612134183,"event":{"mods":["AchievementEnabler","Act Like it!","BaseMod","Downfall","Minty Spire (QoL Compilation)","Quick Restart","StSLib"],"gold_per_floor":[349,364,384,95,111,124,124,24,24,24,52,37,37,65,84,180,180,80,92,111,111,111,111,111,127,127,127,142,142,142,153,166,266,266,166,51,68,68,35,50,50,50,80,130,130,155,155,11,22,22,22,22,22,22],"floor_reached":52,"language":"ENG","playtime":3486,"items_purged":["bronze:Defend","Writhe","bronze:Strike"],"score":733,"play_id":"8f42bb47-9c63-4d8a-8b28-06f4dcbe46a1","local_time":"20210131230303","is_ascension_mode":false,"campfire_choices":[{"data":"bronze:Replicate","floor":1,"key":"SMITH"},{"data":"bronze:Repulsor","floor":8,"key":"SMITH"},{"data":"bronze:Terminator","floor":10,"key":"SMITH"},{"data":"bronze:Library","floor":18,"key":"SMITH"},{"floor":30,"key":"RECALL"},{"data":"bronze:FindAndReplace","floor":35,"key":"SMITH"},{"data":"bronze:MaxOutput","floor":42,"key":"SMITH"},{"data":"bronze:Constructor","floor":45,"key":"SMITH"},{"data":"bronze:Goto","floor":47,"key":"SMITH"}],"circlet_count":0,"master_deck":["bronze:Strike","bronze:Strike+1","bronze:Strike","bronze:Defend","bronze:Defend","bronze:Replicate+1","bronze:Goto+1","bronze:Safeguard+1","bronze:Repulsor+1","bronze:OilSpill","bronze:OilSpill+1","bronze:Terminator+1","bronze:ChosenStrike+1","bronze:Library+1","bronze:FindAndReplace+1","bronze:Constructor+1","bronze:Format","bronze:MaxOutput+1","bronze:Separator+1","bronze:HardenedForm","bronze:ItsAFeature"],"relics":["bronze:BronzeCore","Juzu Bracelet","downfall:HeartBlessingBlue","Odd Mushroom","champ:DeflectingBracers","Black Star","downfall:HeartBlessingGreen","Darkstone Periapt","MutagenicStrength","sneckomod:BlankCard","expansioncontent:StudyCardRelic","downfall:HeartBlessingRed","Bag of Preparation","Bottled Lightning","Question Card","Lizard Tail","Torii","Blood Vial","bronze:ProtectiveGoggles"],"acts_visited":["Exordium","TheCity","TheBeyond","TheEnding"],"potions_floor_usage":[],"damage_taken":[{"damage":0,"enemies":"Small Slimes","floor":2,"turns":3},{"damage":0,"enemies":"2 Louse","floor":3,"turns":3},{"damage":0,"enemies":"downfall:FleeingMerchant","floor":4,"turns":4},{"damage":0,"enemies":"Jaw Worm","floor":5,"turns":2},{"damage":7,"enemies":"Blue Slaver","floor":6,"turns":2},{"damage":15,"enemies":"The Mushroom Lair","floor":11,"turns":4},{"damage":12,"enemies":"downfall:FleeingMerchant","floor":12,"turns":4},{"damage":13,"enemies":"Lagavulin","floor":14,"turns":4},{"damage":0,"enemies":"Red Slaver","floor":15,"turns":1},{"damage":9,"enemies":"SI_SHIV_ARCHETYPE","floor":16,"turns":6},{"damage":4,"enemies":"Spheric Guardian","floor":19,"turns":3},{"damage":18,"enemies":"Shell Parasite","floor":20,"turns":3},{"damage":0,"enemies":"Centurion and Healer","floor":25,"turns":5},{"damage":18,"enemies":"Snecko","floor":28,"turns":5},{"damage":0,"enemies":"Cultist and Chosen","floor":31,"turns":1},{"damage":4,"enemies":"Centurion and Healer","floor":32,"turns":3},{"damage":26,"enemies":"WA_ARCHETYPE_CALM","floor":33,"turns":7},{"damage":6,"enemies":"downfall:FleeingMerchant","floor":36,"turns":4},{"damage":1,"enemies":"3 Shapes","floor":37,"turns":5},{"damage":0,"enemies":"downfall:FleeingMerchant","floor":39,"turns":3},{"damage":10,"enemies":"3 Darklings","floor":40,"turns":5},{"damage":10,"enemies":"Giant Head","floor":43,"turns":8},{"damage":10,"enemies":"2 Orb Walkers","floor":44,"turns":4},{"damage":0,"enemies":"Nemesis","floor":46,"turns":1},{"damage":0,"enemies":"4 Shapes","floor":49,"turns":3},{"damage":65,"enemies":"DF_ARCHETYPE_ORBS","floor":50,"turns":8},{"damage":36,"enemies":"downfall:CharBossMerchant","floor":52,"turns":6}],"seed_played":"2816244636579976821","potions_obtained":[{"floor":3,"key":"bronze:FreeFunctionsPotion"},{"floor":5,"key":"SteroidPotion"},{"floor":6,"key":"sneckomod:MuddlingPotion"}],"is_trial":false,"path_per_floor":["R","M","M","$","M","M","T","R","?","R","?","$","?","E","M","B",null,"R","M","M","?","?","?","T","M","?","?","M","?","R","M","M","B",null,"R","$","M","?","$","M","T","R","E","?","R","E","R","$","M","B",null,"E"],"character_chosen":"THE_AUTOMATON","items_purchased":["bronze:OilSpill","Juzu Bracelet","Bag of Preparation","CultistPotion","bronze:HardenedForm"],"campfire_rested":0,"item_purchase_floors":[4,4,39,39,48],"current_hp_per_floor":[49,49,49,49,49,42,42,52,52,52,37,25,25,12,12,3,80,80,76,58,50,50,50,50,50,50,56,38,38,38,38,34,8,86,86,80,79,79,79,69,69,69,59,49,49,49,49,49,51,31,86,50,50,50],"gold":22,"neow_bonus":"TWO_FIFTY_GOLD","is_daily":false,"chose_seed":false,"campfire_upgraded":8,"win_rate":0.0,"timestamp":1612134183,"path_taken":["R","M","M","$","M","M","T","R","?","R","?","?","?","E","M","BOSS","R","M","M","?","?","?","T","M","?","?","M","?","R","M","M","BOSS","R","$","M","?","$","M","T","R","E","?","R","E","R","?","M","BOSS","E"],"items_purchased_type":["Card","Relic","Relic","Potion","Card"],"build_version":"2020-12-22","purchased_purges":3,"victory":false,"max_hp_per_floor":[70,70,70,70,70,70,70,80,80,80,80,80,80,80,80,80,80,80,80,80,80,80,80,80,80,80,86,86,86,86,86,86,86,86,86,86,86,86,86,86,86,86,86,86,86,86,86,86,86,86,86,86,86,86],"card_choices":[{"not_picked":["bronze:Turbo","bronze:ItsAFeature"],"picked":"bronze:Safeguard","floor":2},{"not_picked":["bronze:BugBarrage","bronze:DelayedGuard","bronze:CutThrough"],"picked":"SKIP","floor":3},{"not_picked":["bronze:Shield","bronze:Separator"],"picked":"bronze:Repulsor","floor":4},{"not_picked":["bronze:ClassDefault","bronze:Allocate"],"picked":"bronze:OilSpill","floor":5},{"not_picked":["bronze:GetLatest","bronze:WhirlingStrike"],"picked":"bronze:Terminator","floor":6},{"not_picked":["bronze:Turbo","bronze:Frontload"],"picked":"bronze:ChosenStrike","floor":11},{"not_picked":["bronze:BuggyMess","bronze:Terminator","bronze:DelayedGuard"],"picked":"SKIP","floor":12},{"not_picked":["bronze:Separator","bronze:DelayedGuard","bronze:Turbo"],"picked":"SKIP","floor":14},{"not_picked":["bronze:Shield","bronze:Refactor"],"picked":"bronze:Library","floor":15},{"not_picked":["bronze:Verify","bronze:Virus"],"picked":"bronze:FindAndReplace","floor":16},{"not_picked":["bronze:Repulsor","bronze:CloningBeam","bronze:Allocate"],"picked":"SKIP","floor":19},{"not_picked":["bronze:ForLoop","bronze:BuggyMess"],"picked":"bronze:Constructor","floor":20},{"not_picked":["bronze:BugBarrage","bronze:Constructor+1","bronze:Boost+1"],"picked":"SKIP","floor":25},{"not_picked":["bronze:CutThrough+1","bronze:FineTuning","bronze:WhirlingStrike"],"picked":"SKIP","floor":28},{"not_picked":["bronze:Return","bronze:Frontload+1","bronze:BuggyMess"],"picked":"SKIP","floor":31},{"not_picked":["bronze:Overheat","bronze:Repulsor"],"picked":"bronze:Format","floor":32},{"not_picked":["bronze:Invalidate","bronze:FollowUp+1"],"picked":"bronze:MaxOutput","floor":36},{"not_picked":["bronze:BronzeOrb","bronze:DigitalCarnage"],"picked":"bronze:Separator+1","floor":37},{"not_picked":["bronze:Constructor+1","bronze:Shield+1","bronze:OilSpill"],"picked":"SKIP","floor":39},{"not_picked":["bronze:DelayedGuard","bronze:Separator+1","bronze:ClassDefault+1"],"picked":"SKIP","floor":40},{"not_picked":["bronze:BronzeOrb+1","bronze:BugBarrage","bronze:Refactor"],"picked":"SKIP","floor":43},{"not_picked":["bronze:Frontload","bronze:ForLoop","bronze:Overload","bronze:DelayedGuard+1"],"picked":"SKIP","floor":46},{"not_picked":["bronze:ClassDefault+1","bronze:Deprecate","bronze:WildBeam+1"],"picked":"bronze:ItsAFeature","floor":49}],"player_experience":847108,"relics_obtained":[{"floor":11,"key":"Odd Mushroom"},{"floor":14,"key":"champ:DeflectingBracers"},{"floor":24,"key":"Darkstone Periapt"},{"floor":41,"key":"Bottled Lightning"},{"floor":43,"key":"Question Card"},{"floor":43,"key":"Lizard Tail"},{"floor":44,"key":"Torii"},{"floor":46,"key":"Blood Vial"},{"floor":46,"key":"bronze:ProtectiveGoggles"}],"event_choices":[{"damage_healed":0,"gold_gain":0,"player_choice":"Fought Mushrooms","damage_taken":0,"max_hp_gain":0,"max_hp_loss":0,"event_name":"Mushrooms","floor":11,"gold_loss":0},{"damage_healed":0,"gold_gain":0,"player_choice":"Leave","damage_taken":0,"max_hp_gain":0,"max_hp_loss":0,"event_name":"FaceTrader","floor":23,"gold_loss":0},{"damage_healed":0,"gold_gain":0,"player_choice":"Inject Mutagens","damage_taken":0,"relics_obtained":["MutagenicStrength"],"max_hp_gain":0,"max_hp_loss":0,"event_name":"Drug Dealer","floor":26,"gold_loss":0},{"damage_healed":0,"gold_gain":0,"player_choice":"Ignored","damage_taken":0,"max_hp_gain":0,"max_hp_loss":0,"event_name":"Vampires","floor":29,"gold_loss":0},{"damage_healed":0,"gold_gain":0,"player_choice":"Fight","damage_taken":0,"max_hp_gain":0,"max_hp_loss":0,"event_name":"Mysterious Sphere","floor":44,"gold_loss":0}],"is_beta":false,"boss_relics":[{"not_picked":["Runic Dome","Snecko Eye"],"picked":"Black Star"},{"not_picked":["sneckomod:SneckoTalon","Velvet Choker"],"picked":"expansioncontent:StudyCardRelic"}],"items_purged_floors":[4,36,39],"is_endless":false,"potions_floor_spawned":[3,5,6,15,16,25,31,33,43,44,46],"killed_by":"downfall:CharBossMerchant","ascension_level":0}}