{"host":"l3qq6dhgi17n1wbp","time":1612094914,"event":{"mods":["BaseMod","Colored Map","Minty Spire (QoL Compilation)","SuperFastMode"],"gold_per_floor":[119,194,369,383,333,366,42,68,68,87,112,112,112,131,131,228,228,246,142,152,152,170,195,110,110,110],"floor_reached":25,"language":"KOR","playtime":733,"items_purged":["Strike_G"],"score":333,"play_id":"d5d74329-fb39-4413-9886-affb11529219","local_time":"20210131210834","is_ascension_mode":true,"campfire_choices":[{"floor":13,"key":"REST"},{"floor":15,"key":"REST"}],"circlet_count":0,"master_deck":["Strike_G","Strike_G","Strike_G","Strike_G","Defend_G","Defend_G","Defend_G","Defend_G","Defend_G","Survivor","Neutralize","Poisoned Stab","Blade Dance","Terror","Deflect","Dagger Spray+1","Bane+1","PiercingWail","Adrenaline","Flying Knee+1","Bane+1","Noxious Fumes","Writhe","Dagger Spray+1"],"relics":["Ring of the Snake","NeowsBlessing","Pantograph","Question Card","Shovel","Molten Egg 2","Torii","Sozu","Mercury Hourglass","Darkstone Periapt","White Beast Statue"],"acts_visited":["Exordium","TheCity"],"potions_floor_usage":[8,12,16,16],"damage_taken":[{"damage":0,"enemies":"Small Slimes","floor":1,"turns":1},{"damage":0,"enemies":"2 Louse","floor":4,"turns":1},{"damage":0,"enemies":"Gremlin Nob","floor":6,"turns":1},{"damage":26,"enemies":"3 Sentries","floor":8,"turns":12},{"damage":4,"enemies":"Jaw Worm","floor":10,"turns":2},{"damage":30,"enemies":"Lagavulin","floor":11,"turns":6},{"damage":0,"enemies":"2 Fungi Beasts","floor":12,"turns":1},{"damage":0,"enemies":"3 Louse","floor":14,"turns":2},{"damage":37,"enemies":"Slime Boss","floor":16,"turns":12},{"damage":1,"enemies":"3 Byrds","floor":18,"turns":6},{"damage":6,"enemies":"Shell Parasite","floor":20,"turns":2},{"damage":32,"enemies":"Centurion and Healer","floor":22,"turns":4},{"damage":20,"enemies":"Slavers","floor":23,"turns":4},{"damage":2,"enemies":"Book of Stabbing","floor":25,"turns":2}],"seed_played":"-7464526365743968324","potions_obtained":[{"floor":1,"key":"Regen Potion"},{"floor":4,"key":"SmokeBomb"},{"floor":10,"key":"SpeedPotion"},{"floor":11,"key":"LiquidBronze"}],"is_trial":false,"path_per_floor":["M","?","?","M","?","E","$","E","T","M","E","M","R","M","R","B",null,"M","$","M","?","M","E","?","E"],"character_chosen":"THE_SILENT","items_purchased":["Question Card","Bane+1","Noxious Fumes"],"campfire_rested":2,"item_purchase_floors":[7,19,19],"current_hp_per_floor":[70,59,59,59,59,59,59,48,48,44,14,14,35,35,56,33,61,60,60,54,54,22,2,2,0,0],"gold":110,"neow_bonus":"THREE_ENEMY_KILL","is_daily":false,"chose_seed":false,"campfire_upgraded":0,"win_rate":0.0,"timestamp":1612094914,"path_taken":["M","?","?","?","?","E","$","E","T","M","E","M","R","M","R","BOSS","M","$","M","?","M","E","?","E"],"items_purchased_type":["Relic","Card","Card"],"build_version":"2020-12-22","purchased_purges":1,"victory":false,"max_hp_per_floor":[70,70,70,70,70,70,70,70,70,70,70,70,70,70,70,70,70,70,70,70,70,70,70,70,70,70],"card_choices":[{"not_picked":["Flechettes","Bane"],"picked":"Poisoned Stab","floor":1},{"not_picked":["Slice","Masterful Stab"],"picked":"Blade Dance","floor":4},{"not_picked":["Underhanded Strike","Deadly Poison"],"picked":"Terror","floor":6},{"not_picked":["Well Laid Plans","Catalyst","Slice"],"picked":"Deflect","floor":8},{"not_picked":["Blade Dance","Well Laid Plans","Corpse Explosion"],"picked":"Dagger Spray+1","floor":10},{"not_picked":["Dagger Spray+1","Slice+1","Reflex"],"picked":"Bane+1","floor":11},{"not_picked":["Prepared","Dagger Throw+1","Flying Knee+1"],"picked":"PiercingWail","floor":14},{"not_picked":["Unload+1","Corpse Explosion","Phantasmal Killer"],"picked":"Adrenaline","floor":16},{"not_picked":["Eviscerate+1","PiercingWail","Backflip+1"],"picked":"Flying Knee+1","floor":18},{"not_picked":["Outmaneuver","Concentrate","Underhanded Strike+1","Slice+1"],"picked":"SKIP","floor":20},{"not_picked":["Underhanded Strike+1","Acrobatics","Sucker Punch+1"],"picked":"Dagger Spray+1","floor":22},{"not_picked":["Setup","Deadly Poison","Well Laid Plans+1","Endless Agony+1"],"picked":"SKIP","floor":23}],"player_experience":227091,"relics_obtained":[{"floor":6,"key":"Pantograph"},{"floor":8,"key":"Shovel"},{"floor":9,"key":"Molten Egg 2"},{"floor":11,"key":"Torii"},{"floor":23,"key":"Darkstone Periapt"}],"event_choices":[{"damage_healed":0,"gold_gain":75,"player_choice":"Gather Gold","damage_taken":11,"max_hp_gain":0,"max_hp_loss":0,"event_name":"World of Goop","floor":2,"gold_loss":0},{"damage_healed":0,"gold_gain":175,"player_choice":"AGREE","damage_taken":0,"max_hp_gain":0,"max_hp_loss":0,"event_name":"Liars Game","floor":3,"gold_loss":0,"cards_obtained":["Doubt"]},{"cards_removed":["Doubt"],"damage_healed":0,"gold_gain":0,"player_choice":"Card Removal","damage_taken":0,"max_hp_gain":0,"max_hp_loss":0,"event_name":"The Cleric","floor":5,"gold_loss":50},{"damage_healed":0,"gold_gain":0,"player_choice":"Opened","damage_taken":0,"relics_obtained":["Mercury Hourglass"],"max_hp_gain":0,"max_hp_loss":0,"event_name":"The Mausoleum","floor":21,"gold_loss":0,"cards_obtained":["Writhe"]},{"damage_healed":0,"gold_gain":0,"player_choice":"Obtained Relic","damage_taken":0,"relics_obtained":["White Beast Statue"],"max_hp_gain":0,"max_hp_loss":0,"event_name":"Addict","floor":24,"gold_loss":85}],"is_beta":false,"boss_relics":[{"not_picked":["Runic Pyramid","Runic Dome"],"picked":"Sozu"}],"items_purged_floors":[7],"is_endless":false,"potions_floor_spawned":[1,4,10,11,20],"killed_by":"Book of Stabbing","ascension_level":5}}