{"host":"d54lcqy5t45er8jx","time":1612101670,"event":{"mods":["2.2 Compatiblity","BaseMod","CapriCore","Defuse TimeMaze Blight","Hermit","Hubris","Infinite Spire","Marisa£¨Ùöéë¡¡Øª×âÞÞ£©","Minty Spire (QoL Compilation)","Rare Cards Sparkle","Relic Stats","StSLib","The Animator","The Cursed","The Immortal","The Servant 0.9.4","WarShipGirlsR/??á´Ò³R mod"],"gold_per_floor":[124,135,151,64,64,93,93,122,145,180,197,253,253,270,270,349,349,359,349,349,362,381,381,408,408,431,457,483,483,513,529,529,613,613,631,631,17,29,29,29,106,106,210,285,308,378,458,458,556,627,652,656,660,671,671,739,739,814,839,906,906,906,973,986,986,1035,1060,1070,1070,1095,1154,1154,1239,1264,1264,1335,1360,1443,1443,1494,1519,1526,1526,1527,1527,1527,1598,1598,1648,1704,1770,1795,1865,1865,1900,1978,2003,2003,1397,1460,1459],"floor_reached":109,"language":"ENG","playtime":5815,"items_purged":["animator:Shizu","animator:ZankiKiguchi","animator:Archer","animator:Fredrika","animator:Shichika","animator:DolaRiku","animator:YaoHaDucy"],"score":8445,"play_id":"4c5be70f-15a2-4876-b71c-ec0d26a4baba","local_time":"20210131230110","daily_mods":["SealedDeck","Insanity","Allstar","Heirloom","DeadlyEvents","Elite Swarm","Uncertain Future"],"is_ascension_mode":true,"campfire_choices":[{"data":"animator:Hitei","floor":7,"key":"SMITH"},{"data":"animator:Eve","floor":13,"key":"SMITH"},{"data":"animator:Mikaela","floor":15,"key":"SMITH"},{"data":"animator:KrulTepes","floor":23,"key":"SMITH"},{"floor":25,"key":"REST"},{"data":"animator:HomuraAkemi","floor":32,"key":"SMITH"},{"data":"hubris:DuctTapeCard","floor":40,"key":"SMITH"},{"data":"animator:TanyaDegurechaff","floor":42,"key":"SMITH"},{"data":"animator:Boros","floor":49,"key":"SMITH"},{"data":"animator:Eve","floor":59,"key":"SMITH"},{"data":"animator:Tatsumaki","floor":64,"key":"SMITH"},{"data":"animator:Jibril","floor":67,"key":"SMITH"},{"data":"animator:FeridBathory","floor":76,"key":"SMITH"},{"data":"1","floor":79,"key":"LIFT"},{"data":"2","floor":84,"key":"LIFT"},{"data":"3","floor":92,"key":"LIFT"},{"data":"animator:NagisaMomoe","floor":94,"key":"SMITH"},{"data":"hubris:InfiniteBlow+1","floor":101,"key":"SMITH"},{"data":"animator:Magilou","floor":105,"key":"SMITH"}],"circlet_count":0,"master_deck":["AscendersBane","animator:Tatsumaki+1","animator:KrulTepes+1","animator:Caster","animator:NagisaMomoe+1","animator:Lu","animator:Ciel","animator:YunYun","animator:MamiTomoe","animator:Laby","animator:Hitei","animator:PandorasActor","animator:Gillette","animator:NarberalGamma","animator:SayakaMiki","animator:Millim+3","animator:HighElfArcher","animator:Jibril","animator:Gillette","animator:Fredrika","animator:Elsword","animator:NagisaMomoe+1","animator:UneriGinkaku","animator:Benimaru","animator:Entoma+3","animator:CowGirl","animator:DwarfShaman","animator:Tyuule","animator:DwarfShaman","animator:Spearman","animator:Azekura","animator:Ara","animator:Shion","animator:Ara","animator:Hakurou","animator:ShinjiMatou","animator:SuzuneAmano","animator:DwarfShaman","animator:Shion","animator:CowGirl","animator:HiiragiShinya","animator:Shuna","animator:Mitsurugi","animator:Yoichi","animator:Mikaela+1","animator:Shigure","animator:Mikaela","animator:Hitei+1","animator:Shinoa","animator:IzunaHatsuse","animator:Megumin+7","animator:YunYun","animator:KrulTepes","animator:Eve+1","animator:Mitsurugi","animator:SuzuneAmano","animator:Envy","animator:Yuuichirou","animator:CowGirl","animator:Ainz","animator:FielNirvalen","animator:HomuraAkemi+1","animator:Shinoa+1","animator:Chung","hubris:DuctTapeCard+2","animator:Gilgamesh+50","animator:YachiyoNanami","animator:TanyaDegurechaff+1","animator:Magilou+1","animator:Kyubey","infinitespire:TheBestDefense","animator:Boros+1","animator:Verdia","animator:CrowleyEusford","animator:CrowleyEusford","animator:Guren","animator:Guren","animator:Mitsuba","animator:Jibril+1","animator:Eve+1","animator:Ciel","animator:SwordMaiden","animator:GoblinSlayer","animator:Guren","animator:Gluttony+1","animator:DolaRiku","animator:FeridBathory+1","hubris:InfiniteBlow+2","animator:Ainz","animator:OrikoMikuni","animator:FeridBathory","animator:GoblinSlayer","animator:Shizu","animator:Ainz","animator:Ainz","animator:CrowleyEusford","animator:Guren","animator:KrulTepes","animator:TanyaDegurechaff","animator:Shizu"],"relics":["animator:VividPicture","animator:TheMissingPiece","animator:PurgingStone","Ice Cream","Dream Catcher","Ginger","Meat on the Bone","PreservedInsect","Blood Vial","Vajra","Black Star","infinitespire:BottledMercury","hubris:Teleporter","Strawberry","Dead Branch","Pocketwatch","Shuriken","Lizard Tail","Mango","hubris:BlackHole","Omamori","Ancient Tea Set","hubris:ScarierMask","hubris:DuctTape","hubris:DeckOfHolding","MealTicket","Question Card","Bottled Tornado","Letter Opener","CatCart","hubris:Metronome","hubris:MysteriousPyramids","Philosopher\u0027s Stone","Torii","infinitespire:CheckeredPen","hubris:CuriousFeather","Potion Belt","animator:ShionDessert","animator:EngravedStaff","infinitespire:Bottled Soul","Cauldron","infinitespire:Eraser","Art of War","animator:CursedBlade","Strange Spoon","Champion Belt","Lantern","animator:HallowedScabbard","HornCleat","Spirit Poop","Girya","animator:HeavyHalberd","hubris:64BitClover","Matryoshka","Blood Vial","hubris:BottledRain","Turnip","animator:Buoy","infinitespire:Satchel","Blue Candle","Prayer Wheel","Nunchaku","War Paint","hubris:ToyBattleship","infinitespire:WardingShard","Centennial Puzzle","Toy Ornithopter","Pantograph","Blood Vial","animator:RacePiece","infinitespire:Lucky Rock","Happy Flower","Centennial Puzzle","hubris:SlimyHat"],"acts_visited":["Exordium","TheCity","TheBeyond","Exordium","TheCity","TheBeyond","TheEnding"],"potions_floor_usage":[6,6,16,16,27,27,63],"damage_taken":[{"damage":3,"enemies":"2 Louse","floor":1,"turns":3},{"damage":0,"enemies":"Small Slimes","floor":2,"turns":3},{"damage":0,"enemies":"Cultist","floor":3,"turns":3},{"damage":12,"enemies":"3 Sentries","floor":6,"turns":5},{"damage":6,"enemies":"Gremlin Nob","floor":8,"turns":3},{"damage":22,"enemies":"3 Sentries","floor":10,"turns":5},{"damage":4,"enemies":"Red Slaver","floor":11,"turns":2},{"damage":16,"enemies":"Lagavulin Event","floor":12,"turns":4},{"damage":8,"enemies":"Exordium Wildlife","floor":14,"turns":3},{"damage":40,"enemies":"The Guardian","floor":16,"turns":9},{"damage":27,"enemies":"2 Thieves","floor":18,"turns":4},{"damage":5,"enemies":"Chosen","floor":21,"turns":4},{"damage":7,"enemies":"Centurion and Healer","floor":22,"turns":4},{"damage":25,"enemies":"Nightmare","floor":24,"turns":6},{"damage":17,"enemies":"animator:HornedBat","floor":27,"turns":4},{"damage":11,"enemies":"Book of Stabbing","floor":28,"turns":4},{"damage":0,"enemies":"animator:HornedBat","floor":30,"turns":1},{"damage":0,"enemies":"Cultist and Chosen","floor":31,"turns":1},{"damage":0,"enemies":"Automaton","floor":33,"turns":1},{"damage":0,"enemies":"3 Darklings","floor":35,"turns":1},{"damage":0,"enemies":"3 Shapes","floor":38,"turns":1},{"damage":0,"enemies":"Giant Head","floor":41,"turns":2},{"damage":0,"enemies":"Nightmare","floor":44,"turns":1},{"damage":0,"enemies":"Jaw Worm Horde","floor":45,"turns":1},{"damage":0,"enemies":"Orin","floor":46,"turns":2},{"damage":0,"enemies":"Reptomancer","floor":48,"turns":2},{"damage":0,"enemies":"hubris:GrandSnecko","floor":50,"turns":1},{"damage":0,"enemies":"Awakened One","floor":51,"turns":2},{"damage":0,"enemies":"2 Louse","floor":53,"turns":1},{"damage":0,"enemies":"Small Slimes","floor":54,"turns":1},{"damage":0,"enemies":"Cultist","floor":56,"turns":1},{"damage":0,"enemies":"3 Sentries","floor":58,"turns":1},{"damage":0,"enemies":"Lagavulin","floor":60,"turns":1},{"damage":0,"enemies":"Nightmare","floor":62,"turns":1},{"damage":0,"enemies":"Lagavulin","floor":65,"turns":1},{"damage":0,"enemies":"Lots of Slimes","floor":66,"turns":2},{"damage":0,"enemies":"The Guardian","floor":68,"turns":1},{"damage":0,"enemies":"2 Thieves","floor":70,"turns":1},{"damage":0,"enemies":"animator:HornedBat","floor":75,"turns":1},{"damage":0,"enemies":"Nightmare","floor":77,"turns":1},{"damage":0,"enemies":"Book of Stabbing","floor":81,"turns":1},{"damage":0,"enemies":"animator:HornedBat","floor":83,"turns":1},{"damage":0,"enemies":"Automaton","floor":85,"turns":1},{"damage":0,"enemies":"3 Shapes","floor":87,"turns":1},{"damage":0,"enemies":"3 Darklings","floor":90,"turns":1},{"damage":0,"enemies":"Reptomancer","floor":93,"turns":1},{"damage":0,"enemies":"Nightmare_Alpha","floor":96,"turns":4},{"damage":0,"enemies":"Nemesis","floor":98,"turns":1},{"damage":0,"enemies":"Reptomancer","floor":100,"turns":1},{"damage":0,"enemies":"Donu and Deca","floor":102,"turns":1},{"damage":0,"enemies":"Time Eater","floor":103,"turns":3},{"damage":0,"enemies":"Shield and Spear","floor":107,"turns":1},{"damage":0,"enemies":"The Heart","floor":108,"turns":6}],"seed_played":"8361008389559919827","potions_obtained":[{"floor":2,"key":"Block Potion"},{"floor":3,"key":"SkillPotion"},{"floor":12,"key":"SpeedPotion"},{"floor":14,"key":"Block Potion"},{"floor":16,"key":"PowerPotion"},{"floor":22,"key":"BlessingOfTheForge"},{"floor":27,"key":"LiquidBronze"},{"floor":30,"key":"LiquidBronze"},{"floor":33,"key":"SteroidPotion"},{"floor":58,"key":"DistilledChaos"},{"floor":62,"key":"Regen Potion"},{"floor":63,"key":"Fruit Juice"},{"floor":63,"key":"FairyPotion"}],"is_trial":true,"path_per_floor":["M","M","M","$","?","E","R","E","T","E","M","?","R","M","R","B",null,"M","?","?","M","M","R","NM","R","T","E","E","AVR","E","M","R","B",null,"M","AVR","$","M","$","R","E","R","T","NM","M","?","E","R","B","B",null,"M","M","M","?","E","R","E","T","NM","AVR","R","E","M","R","B",null,"M","?","AVR","E","R","NM","T","R","E","T","E","R","B",null,"M","?","M","?","R","E","R","T","NM","E","AVR","E","R","B","B",null,"R","$","E","B",null],"character_chosen":"THE_ANIMATOR","items_purchased":["animator:Megumin","animator:Gilgamesh","animator:YachiyoNanami","animator:TanyaDegurechaff","animator:Magilou","infinitespire:Lucky Rock","Happy Flower","animator:TanyaDegurechaff"],"campfire_rested":1,"item_purchase_floors":[4,37,37,37,37,106,106,106],"current_hp_per_floor":[51,51,51,51,51,39,39,33,33,23,33,31,31,37,37,15,49,37,37,37,34,41,41,30,48,55,40,43,57,59,61,61,63,77,79,79,79,81,81,81,82,82,82,82,82,83,83,83,83,83,83,85,85,85,85,85,85,85,85,85,90,90,90,90,90,90,90,90,90,90,90,90,90,90,90,90,90,92,92,94,94,94,94,94,97,97,97,97,97,97,97,97,97,97,97,97,97,97,97,97,97],"gold":1459,"neow_bonus":"","is_daily":false,"chose_seed":false,"campfire_upgraded":15,"win_rate":0.0,"timestamp":1612101670,"path_taken":["M","M","M","$","?","E","R","E","T","E","M","?","R","?","R","BOSS","M","?","?","M","M","R","NM","R","T","E","?","AVR","E","M","R","BOSS","M","AVR","?","M","?","R","E","R","T","NM","M","?","E","R","BOSS","BOSS","M","M","M","?","E","R","E","T","NM","AVR","R","?","?","R","BOSS","M","?","AVR","E","R","NM","T","R","?","?","E","R","BOSS","M","?","M","?","R","E","R","T","NM","?","AVR","E","R","BOSS","BOSS","R","$","E","BOSS"],"items_purchased_type":["Card","Card","Card","Card","Card","Relic","Relic","Card"],"build_version":"2020-12-22","purchased_purges":7,"victory":true,"max_hp_per_floor":[60,60,60,60,60,60,60,60,60,60,60,60,60,60,60,60,60,61,61,61,61,61,61,61,61,68,68,68,82,82,82,82,82,82,82,82,82,82,82,82,82,82,82,82,82,83,83,83,83,83,83,85,85,85,85,85,85,85,85,85,90,90,90,90,90,90,90,90,90,90,90,90,90,90,90,90,90,92,92,94,94,94,94,94,97,97,97,97,97,97,97,97,97,97,97,97,97,97,97,97,97],"relic_stats":{"Torii":0,"Ginger":[2],"Blood Vial":31,"Dream Catcher":1,"Lizard Tail":0,"Nunchaku":[7],"Centennial Puzzle":[0],"Pantograph":0,"MealTicket":0,"Prayer Wheel":0,"Happy Flower":[2],"counters":[53,117],"Dead Branch":[827],"Blue Candle":[3],"PreservedInsect":1627,"Letter Opener":[336],"War Paint":["animator:Shinoa","animator:NagisaMomoe"],"Question Card":85,"Strange Spoon":[26],"Shuriken":[79],"Turnip":[2],"Black Star":20,"Art of War":[2],"Champion Belt":[26],"obtain_stats":[{"Ice Cream":0,"infinitespire:BottledMercury":24,"Vajra":12,"Spirit Poop":77,"Ginger":6,"Bottled Tornado":44,"hubris:MysteriousPyramids":48,"animator:RacePiece":104,"Blood Vial":10,"Lizard Tail":28,"Centennial Puzzle":99,"HornCleat":77,"Strawberry":26,"hubris:DeckOfHolding":41,"MealTicket":41,"Philosopher\u0027s Stone":52,"Prayer Wheel":95,"Girya":78,"hubris:Teleporter":24,"hubris:DuctTape":36,"Happy Flower":106,"Dead Branch":27,"Blue Candle":95,"Letter Opener":44,"War Paint":96,"Question Card":43,"Shuriken":28,"Black Star":17,"hubris:ToyBattleship":98,"animator:HeavyHalberd":81,"CatCart":46,"Meat on the Bone":8,"Pocketwatch":27,"hubris:Metronome":48,"animator:ShionDessert":61,"Lantern":75,"Torii":58,"animator:TheMissingPiece":0,"Mango":29,"hubris:SlimyHat":107,"Ancient Tea Set":30,"hubris:BlackHole":29,"Dream Catcher":5,"Nunchaku":96,"Matryoshka":82,"animator:PurgingStone":0,"infinitespire:Bottled Soul":62,"Pantograph":100,"hubris:ScarierMask":34,"hubris:CuriousFeather":60,"animator:HallowedScabbard":77,"infinitespire:Eraser":65,"animator:VividPicture":86,"Potion Belt":60,"animator:Buoy":93,"hubris:64BitClover":81,"PreservedInsect":9,"Omamori":30,"infinitespire:CheckeredPen":58,"infinitespire:Lucky Rock":106,"Cauldron":63,"Strange Spoon":73,"animator:CursedBlade":69,"infinitespire:WardingShard":98,"infinitespire:Satchel":93,"animator:EngravedStaff":62,"animator:LivingPicture":0,"Turnip":83,"Art of War":65,"Champion Belt":75,"Toy Ornithopter":100,"hubris:BottledRain":83},{"Ice Cream":0,"infinitespire:BottledMercury":14,"Vajra":7,"Spirit Poop":40,"Ginger":4,"Bottled Tornado":23,"hubris:MysteriousPyramids":26,"animator:RacePiece":51,"Blood Vial":6,"Lizard Tail":16,"Centennial Puzzle":48,"HornCleat":40,"Strawberry":14,"hubris:DeckOfHolding":22,"MealTicket":22,"Philosopher\u0027s Stone":28,"Prayer Wheel":46,"Girya":40,"hubris:Teleporter":14,"hubris:DuctTape":20,"Happy Flower":51,"Dead Branch":15,"Blue Candle":46,"Letter Opener":23,"War Paint":47,"Question Card":22,"Shuriken":16,"Black Star":10,"hubris:ToyBattleship":48,"animator:HeavyHalberd":41,"CatCart":25,"Meat on the Bone":5,"Pocketwatch":15,"hubris:Metronome":26,"animator:ShionDessert":33,"Lantern":39,"Torii":32,"animator:TheMissingPiece":0,"Mango":16,"hubris:SlimyHat":52,"Ancient Tea Set":17,"hubris:BlackHole":16,"Dream Catcher":3,"Nunchaku":47,"Matryoshka":41,"animator:PurgingStone":0,"infinitespire:Bottled Soul":34,"Pantograph":49,"hubris:ScarierMask":19,"hubris:CuriousFeather":33,"animator:HallowedScabbard":40,"infinitespire:Eraser":35,"animator:VividPicture":43,"Potion Belt":33,"animator:Buoy":46,"hubris:64BitClover":41,"PreservedInsect":5,"Omamori":17,"infinitespire:CheckeredPen":32,"infinitespire:Lucky Rock":51,"Cauldron":34,"Strange Spoon":38,"animator:CursedBlade":37,"infinitespire:WardingShard":48,"infinitespire:Satchel":46,"animator:EngravedStaff":34,"animator:LivingPicture":0,"Turnip":42,"Art of War":35,"Champion Belt":39,"Toy Ornithopter":49,"hubris:BottledRain":42},{"Ice Cream":0,"infinitespire:BottledMercury":57,"Vajra":24,"Spirit Poop":94,"Ginger":14,"Bottled Tornado":73,"hubris:MysteriousPyramids":78,"animator:RacePiece":110,"Blood Vial":22,"Lizard Tail":65,"Centennial Puzzle":105,"HornCleat":94,"Strawberry":57,"hubris:DeckOfHolding":72,"MealTicket":72,"Philosopher\u0027s Stone":81,"Prayer Wheel":100,"Girya":94,"hubris:Teleporter":57,"hubris:DuctTape":69,"Happy Flower":110,"Dead Branch":61,"Blue Candle":100,"Letter Opener":73,"War Paint":104,"Question Card":72,"Shuriken":65,"Black Star":39,"hubris:ToyBattleship":105,"animator:HeavyHalberd":95,"CatCart":76,"Meat on the Bone":17,"Pocketwatch":61,"hubris:Metronome":78,"animator:ShionDessert":86,"Lantern":93,"Torii":85,"animator:TheMissingPiece":0,"Mango":65,"hubris:SlimyHat":111,"Ancient Tea Set":66,"hubris:BlackHole":65,"Dream Catcher":9,"Nunchaku":104,"Matryoshka":95,"animator:PurgingStone":0,"infinitespire:Bottled Soul":87,"Pantograph":106,"hubris:ScarierMask":68,"hubris:CuriousFeather":86,"animator:HallowedScabbard":94,"infinitespire:Eraser":88,"animator:VividPicture":97,"Potion Belt":86,"animator:Buoy":100,"hubris:64BitClover":95,"PreservedInsect":17,"Omamori":66,"infinitespire:CheckeredPen":85,"infinitespire:Lucky Rock":110,"Cauldron":87,"Strange Spoon":92,"animator:CursedBlade":91,"infinitespire:WardingShard":105,"infinitespire:Satchel":100,"animator:EngravedStaff":87,"animator:LivingPicture":0,"Turnip":96,"Art of War":88,"Champion Belt":93,"Toy Ornithopter":106,"hubris:BottledRain":96}],"Toy Ornithopter":0,"Meat on the Bone":108,"Pocketwatch":[6]},"card_choices":[{"not_picked":["animator:Tet","animator:DolaSchwi"],"picked":"animator:Shinoa","floor":1},{"not_picked":["animator:Priestess","animator:Aisha"],"picked":"animator:IzunaHatsuse","floor":2},{"not_picked":["animator:Tyuule","animator:Rider"],"picked":"animator:Entoma","floor":3},{"not_picked":["animator:Kazuma","animator:Vanir"],"picked":"animator:YunYun","floor":6},{"not_picked":["animator:Envy","animator:Sora"],"picked":"animator:KrulTepes","floor":8},{"not_picked":["animator:Hans","animator:Saber"],"picked":"animator:Eve","floor":10},{"not_picked":["animator:IrohaTamaki","animator:Archer"],"picked":"animator:Mitsurugi","floor":11},{"not_picked":["animator:IrohaTamaki","animator:KyokoSakura"],"picked":"animator:SuzuneAmano","floor":12},{"not_picked":["animator:Evileye","animator:Togame"],"picked":"animator:Megumin","floor":14},{"not_picked":["animator:Saber","animator:Hans"],"picked":"animator:Envy","floor":16},{"not_picked":["animator:Ain","animator:ElricAlphonse"],"picked":"animator:Yuuichirou","floor":18},{"not_picked":[],"picked":"animator:Shizu","floor":19},{"not_picked":["animator:Azekura","animator:Viivi","animator:Tet"],"picked":"SKIP","floor":21},{"not_picked":["animator:Witch","animator:DwarfShaman"],"picked":"animator:CowGirl","floor":22},{"not_picked":["animator:Envy","animator:Shizu"],"picked":"animator:Ainz","floor":24},{"not_picked":["animator:RoryMercury","animator:DolaCouronne"],"picked":"animator:FielNirvalen","floor":25},{"not_picked":["animator:Albedo","animator:AcuraShin"],"picked":"animator:HomuraAkemi","floor":27},{"not_picked":["animator:Saitama","animator:Shiro"],"picked":"animator:Shinoa","floor":28},{"not_picked":["animator:Rider","animator:Souei"],"picked":"animator:Chung","floor":31},{"not_picked":["animator:Shiro","animator:Saitama"],"picked":"animator:FeridBathory","floor":33},{"not_picked":["animator:DolaRiku+1","animator:Benimaru"],"picked":"animator:Millim","floor":35},{"not_picked":["animator:Vanir","animator:Tatsumaki","animator:PandorasActor"],"picked":"SKIP","floor":38},{"not_picked":["animator:SuzuneAmano","animator:OrikoMikuni"],"picked":"animator:Kyubey","floor":41},{"not_picked":["infinitespire:SevenWalls","infinitespire:FutureSight"],"picked":"infinitespire:TheBestDefense","floor":44},{"not_picked":["animator:MadokaKaname","animator:ChaikaTrabant","animator:Wiz"],"picked":"animator:Boros","floor":44},{"not_picked":["animator:Mikaela+1","animator:KyokoSakura","animator:Aqua"],"picked":"animator:Verdia","floor":45},{"not_picked":["animator:Mitsuba","animator:Tet","animator:TsurugaMeisai+1"],"picked":"animator:CrowleyEusford","floor":46},{"not_picked":["animator:Mikaela","animator:Yuuichirou","animator:Shigure"],"picked":"animator:CrowleyEusford","floor":48},{"not_picked":["animator:Hans","animator:Envy","animator:Wiz"],"picked":"animator:Guren","floor":50},{"not_picked":["animator:Shizu","animator:ChaikaTrabant","animator:Gilgamesh"],"picked":"animator:Guren","floor":51},{"not_picked":["animator:Evileye","animator:Chung","animator:Azekura"],"picked":"animator:Mitsuba","floor":53},{"not_picked":["animator:Verdia","animator:Shion","animator:Chung"],"picked":"animator:Jibril","floor":54},{"not_picked":["animator:SakuraMatou","animator:Sonic","animator:Shigure"],"picked":"animator:Eve","floor":56},{"not_picked":["animator:Greed","animator:Boros","animator:MadokaKaname"],"picked":"animator:SwordMaiden","floor":60},{"not_picked":["animator:Envy","animator:ChaikaTrabant","animator:Kyubey"],"picked":"animator:GoblinSlayer","floor":62},{"not_picked":["animator:Boros","animator:PinaCoLada","animator:Kyubey"],"picked":"animator:Guren","floor":65},{"not_picked":["animator:Viivi","animator:Alexander","animator:Shalltear"],"picked":"animator:Gluttony+1","floor":70},{"not_picked":["animator:Eris","animator:Saber","animator:HomuraAkemi"],"picked":"animator:FeridBathory","floor":75},{"not_picked":["infinitespire:UltimateForm","infinitespire:Gouge"],"picked":"hubris:InfiniteBlow+1","floor":77},{"not_picked":["animator:Envy","animator:MadokaKaname","animator:Eris"],"picked":"animator:Entoma","floor":77},{"not_picked":["animator:Hans","animator:Rimuru","animator:Saitama"],"picked":"animator:Ainz","floor":83},{"not_picked":["animator:Wiz","animator:Ainz","animator:HomuraAkemi"],"picked":"animator:Gilgamesh","floor":85},{"not_picked":["animator:Rider","animator:Genos","animator:Viivi"],"picked":"animator:NagisaMomoe","floor":87},{"not_picked":["animator:Shion","animator:RinTohsaka+1","animator:Alexander"],"picked":"animator:OrikoMikuni","floor":90},{"not_picked":["animator:Shinoa","animator:Yoichi","animator:CrowleyEusford"],"picked":"animator:FeridBathory","floor":93},{"not_picked":["animator:ChaikaTrabant","animator:Sora","animator:Gilgamesh"],"picked":"animator:GoblinSlayer","floor":96},{"not_picked":["animator:Wiz","animator:Saber","animator:Gilgamesh"],"picked":"animator:Shizu","floor":98},{"not_picked":["animator:Benimaru","animator:PinaCoLada","animator:Rimuru"],"picked":"animator:Gilgamesh","floor":100},{"not_picked":["animator:Sora","animator:Saber","animator:Biyorigo"],"picked":"animator:Ainz","floor":102},{"not_picked":["animator:Hans","animator:MadokaKaname","animator:Sora"],"picked":"animator:Ainz","floor":103},{"not_picked":["animator:SwordMaiden","animator:Wiz","animator:Saber"],"picked":"animator:Shizu","floor":108}],"player_experience":975996,"relics_obtained":[{"floor":5,"key":"Dream Catcher"},{"floor":6,"key":"Ginger"},{"floor":8,"key":"Meat on the Bone"},{"floor":9,"key":"PreservedInsect"},{"floor":10,"key":"Blood Vial"},{"floor":24,"key":"infinitespire:BottledMercury"},{"floor":24,"key":"hubris:Teleporter"},{"floor":26,"key":"Strawberry"},{"floor":27,"key":"Dead Branch"},{"floor":27,"key":"Pocketwatch"},{"floor":28,"key":"Shuriken"},{"floor":28,"key":"Lizard Tail"},{"floor":30,"key":"Omamori"},{"floor":30,"key":"Ancient Tea Set"},{"floor":41,"key":"hubris:DeckOfHolding"},{"floor":41,"key":"MealTicket"},{"floor":43,"key":"Question Card"},{"floor":44,"key":"Bottled Tornado"},{"floor":44,"key":"Letter Opener"},{"floor":46,"key":"CatCart"},{"floor":48,"key":"hubris:Metronome"},{"floor":48,"key":"hubris:MysteriousPyramids"},{"floor":58,"key":"Torii"},{"floor":58,"key":"infinitespire:CheckeredPen"},{"floor":60,"key":"hubris:CuriousFeather"},{"floor":60,"key":"Potion Belt"},{"floor":61,"key":"animator:ShionDessert"},{"floor":62,"key":"animator:EngravedStaff"},{"floor":62,"key":"infinitespire:Bottled Soul"},{"floor":65,"key":"infinitespire:Eraser"},{"floor":65,"key":"Art of War"},{"floor":75,"key":"Champion Belt"},{"floor":75,"key":"Lantern"},{"floor":77,"key":"animator:HallowedScabbard"},{"floor":77,"key":"HornCleat"},{"floor":78,"key":"Girya"},{"floor":81,"key":"animator:HeavyHalberd"},{"floor":81,"key":"hubris:64BitClover"},{"floor":82,"key":"Matryoshka"},{"floor":83,"key":"Blood Vial"},{"floor":83,"key":"hubris:BottledRain"},{"floor":83,"key":"Turnip"},{"floor":93,"key":"animator:Buoy"},{"floor":93,"key":"infinitespire:Satchel"},{"floor":95,"key":"Blue Candle"},{"floor":95,"key":"Prayer Wheel"},{"floor":96,"key":"Nunchaku"},{"floor":96,"key":"War Paint"},{"floor":98,"key":"hubris:ToyBattleship"},{"floor":98,"key":"infinitespire:WardingShard"},{"floor":100,"key":"Toy Ornithopter"},{"floor":100,"key":"Pantograph"},{"floor":103,"key":"Blood Vial"},{"floor":107,"key":"Centennial Puzzle"},{"floor":107,"key":"hubris:SlimyHat"}],"event_choices":[{"damage_healed":0,"gold_gain":30,"player_choice":"Searched \u00273\u0027 times","damage_taken":0,"relics_obtained":["Vajra"],"max_hp_gain":0,"max_hp_loss":0,"event_name":"Dead Adventurer","floor":12,"gold_loss":0},{"damage_healed":0,"gold_gain":0,"player_choice":"Copied","damage_taken":0,"max_hp_gain":0,"max_hp_loss":0,"event_name":"Duplicator","floor":20,"gold_loss":0,"cards_obtained":["animator:Eve"]},{"damage_healed":0,"gold_gain":0,"player_choice":"Fight","damage_taken":0,"max_hp_gain":0,"max_hp_loss":0,"event_name":"OrinTheCat","floor":46,"gold_loss":0},{"damage_healed":0,"gold_gain":0,"cards_transformed":["animator:LeleiLaLalena"],"player_choice":"Transformed","damage_taken":0,"max_hp_gain":0,"max_hp_loss":0,"event_name":"Transmorgrifier","floor":57,"gold_loss":0,"cards_obtained":["animator:Ciel"]},{"damage_healed":0,"gold_gain":0,"cards_transformed":["animator:Raven"],"player_choice":"Transformed","damage_taken":0,"max_hp_gain":0,"max_hp_loss":0,"event_name":"Transmorgrifier","floor":72,"gold_loss":0,"cards_obtained":["animator:DolaRiku"]},{"cards_removed":["animator:NagisaMomoe"],"damage_healed":0,"gold_gain":0,"player_choice":"Removed Skill","damage_taken":0,"max_hp_gain":0,"max_hp_loss":0,"event_name":"Falling","floor":88,"gold_loss":0}],"is_beta":false,"boss_relics":[{"not_picked":["hubris:VirtuousBlindfold","Astrolabe"],"picked":"Black Star"},{"not_picked":["Cursed Key","SacredBark"],"picked":"hubris:ScarierMask"},{"not_picked":["Mark of Pain","hubris:CrackedHourglass"],"picked":"Philosopher\u0027s Stone"},{"not_picked":["SlaversCollar","Runic Pyramid"],"picked":"animator:CursedBlade"},{"not_picked":["hubris:Stopwatch","hubris:RunicObelisk"],"picked":"animator:VividPicture"},{"not_picked":["Runic Dome","hubris:HollowSoul"],"picked":"animator:RacePiece"}],"items_purged_floors":[29,36,37,63,73,99,106],"is_endless":true,"potions_floor_spawned":[2,3,12,14,16,22,27,30,31,33,44,46,48,50,53,58,62,65,66,70,81,87,90,96,100,108],"ascension_level":20}}