{"host":"v54ek091sdz7ha6h","time":1612067951,"event":{"mods":["BaseMod","Better Vampires","Colored Map","Colored Powertips","Custom Start","DeckTracker","Highlight Path","KOR Keyword Fix","Minty Spire (QoL Compilation)","Rare Cards Sparkle","Relic Stats","StSLib","SuperFastMode","everything is the same but u backflip on backflip"],"gold_per_floor":[17,17,17,17,17,17,37,60,60,60,60,84,105,118,118,213,213,233,248,248,283,310,322,347,384,421,451,513,541,553,161,161,161,161],"floor_reached":33,"language":"KOR","playtime":856,"items_purged":["Strike_B"],"score":564,"play_id":"ec12b2eb-694d-4846-a59e-5ad9542d3c2e","local_time":"20210131133911","is_ascension_mode":true,"campfire_choices":[{"data":"Fusion","floor":6.0,"key":"SMITH"},{"data":"Dualcast","floor":15.0,"key":"SMITH"},{"data":"Defragment","floor":23.0,"key":"SMITH"},{"data":"Master of Strategy","floor":30.0,"key":"SMITH"},{"data":"Hologram","floor":32.0,"key":"SMITH"}],"circlet_count":0,"master_deck":["AscendersBane","Strike_B","Defend_B","Zap","Dualcast+1","Master of Strategy+1","Fusion+1","Doom and Gloom","Hologram+1","BootSequence","Defragment+1","Coolheaded+1","Reboot+1","Redo+1","Electrodynamics+1","Hyperbeam+1","Genetic Algorithm+1","Turbo+1","BootSequence+1","Glacier+1","Multi-Cast+1"],"relics":["Cracked Core","Bloody Idol","Toxic Egg 2","Astrolabe","Red Mask","MawBank","Gambling Chip","Tiny Chest","OrangePellets"],"acts_visited":["Exordium","TheCity"],"potions_floor_usage":[],"damage_taken":[{"damage":6.0,"enemies":"Cultist","floor":1.0,"turns":4.0},{"damage":1.0,"enemies":"Small Slimes","floor":7.0,"turns":3.0},{"damage":0.0,"enemies":"2 Louse","floor":8.0,"turns":3.0},{"damage":4.0,"enemies":"Red Slaver","floor":12.0,"turns":3.0},{"damage":0.0,"enemies":"3 Louse","floor":13.0,"turns":2.0},{"damage":3.0,"enemies":"Blue Slaver","floor":14.0,"turns":4.0},{"damage":32.0,"enemies":"Slime Boss","floor":16.0,"turns":9.0},{"damage":24.0,"enemies":"Shell Parasite","floor":18.0,"turns":4.0},{"damage":22.0,"enemies":"2 Thieves","floor":19.0,"turns":3.0},{"damage":0.0,"enemies":"Masked Bandits","floor":21.0,"turns":1.0},{"damage":8.0,"enemies":"Centurion and Healer","floor":24.0,"turns":4.0},{"damage":0.0,"enemies":"Slavers","floor":25.0,"turns":2.0},{"damage":0.0,"enemies":"3 Cultists","floor":27.0,"turns":3.0},{"damage":7.0,"enemies":"Chosen and Byrds","floor":29.0,"turns":5.0},{"damage":88,"enemies":"Champ","floor":33,"turns":15}],"seed_played":"-1430667538905987549","potions_obtained":[{"floor":7.0,"key":"BlessingOfTheForge"},{"floor":8.0,"key":"Explosive Potion"},{"floor":16.0,"key":"PotionOfCapacity"},{"floor":21.0,"key":"Block Potion"},{"floor":29.0,"key":"Explosive Potion"}],"is_trial":false,"path_per_floor":["M","$","?","?","?","R","M","M","T","?","T","M","M","M","R","B",null,"M","M","?","?","T","R","M","E","T","M","?","M","R","$","R","B"],"character_chosen":"DEFECT","items_purchased":["OrangePellets","Multi-Cast+1"],"campfire_rested":0,"item_purchase_floors":[31,31],"current_hp_per_floor":[58,58,58,58,58,58,57,57,57,50,50,46,46,43,43,11,51,27,5,5,10,15,20,22,32,42,52,62,62,64,64,64,0,0],"gold":161,"neow_bonus":"RANDOM_COLORLESS_2","is_daily":false,"chose_seed":false,"campfire_upgraded":5,"win_rate":0.0,"timestamp":1612067951,"path_taken":["M","?","?","?","?","R","M","M","T","?","?","M","?","M","R","BOSS","M","M","?","?","?","R","M","E","T","M","?","M","R","$","R","BOSS"],"items_purchased_type":["Relic","Card"],"build_version":"2020-12-22","purchased_purges":1,"victory":false,"max_hp_per_floor":[71,71,71,64,64,64,64,64,64,64,64,64,64,64,64,64,64,64,64,64,64,64,64,64,64,64,64,64,64,64,64,64,64,64],"relic_stats":{"OrangePellets":[0],"counters":[15,65],"Bloody Idol":74,"Astrolabe":["Redo","Electrodynamics","Hyperbeam"],"Gambling Chip":[7],"Tiny Chest":0,"MawBank":108,"obtain_stats":[{"OrangePellets":31,"Golden Idol":4,"Astrolabe":17,"Bloody Idol":20,"Gambling Chip":25,"Tiny Chest":26,"Red Mask":21,"Toxic Egg 2":11,"Cracked Core":0,"MawBank":22},{"OrangePellets":14,"Golden Idol":1,"Astrolabe":7,"Bloody Idol":9,"Gambling Chip":12,"Tiny Chest":12,"Red Mask":10,"Toxic Egg 2":3,"Cracked Core":0,"MawBank":10},{"OrangePellets":50,"Golden Idol":4,"Astrolabe":28,"Bloody Idol":35,"Gambling Chip":42,"Tiny Chest":42,"Red Mask":36,"Toxic Egg 2":10,"Cracked Core":0,"MawBank":36}]},"card_choices":[{"not_picked":["Violence","Mayhem"],"picked":"Master of Strategy","floor":0.0},{"not_picked":["Redo","Scrape"],"picked":"Fusion","floor":1.0},{"not_picked":["Streamline","Ball Lightning"],"picked":"Hologram","floor":7.0},{"not_picked":["Loop","Leap"],"picked":"BootSequence","floor":8.0},{"not_picked":["FTL","Force Field+1","Static Discharge"],"picked":"SKIP","floor":12.0},{"not_picked":["Scrape","Chaos+1"],"picked":"Defragment","floor":13.0},{"not_picked":["Machine Learning","Chaos+1"],"picked":"Coolheaded+1","floor":14.0},{"not_picked":["Hyperbeam","Machine Learning"],"picked":"Reboot+1","floor":16.0},{"not_picked":["Beam Cell","FTL+1"],"picked":"Genetic Algorithm+1","floor":18.0},{"not_picked":["Go for the Eyes","Melter"],"picked":"Turbo+1","floor":19.0},{"not_picked":["Conserve Battery+1","Cold Snap"],"picked":"BootSequence+1","floor":21.0},{"not_picked":["Streamline","Hologram+1","Ball Lightning"],"picked":"SKIP","floor":24.0},{"not_picked":["Compile Driver","Genetic Algorithm+1"],"picked":"Glacier+1","floor":25.0},{"not_picked":["Rebound","Turbo+1","Scrape"],"picked":"SKIP","floor":27.0},{"not_picked":["Stack+1","Gash","Steam+1"],"picked":"SKIP","floor":29.0}],"player_experience":1463575,"relics_obtained":[{"floor":11.0,"key":"Toxic Egg 2"},{"floor":21.0,"key":"Red Mask"},{"floor":22.0,"key":"MawBank"},{"floor":25.0,"key":"Gambling Chip"},{"floor":26.0,"key":"Tiny Chest"}],"event_choices":[{"damage_healed":0.0,"max_hp_gain":0.0,"max_hp_loss":0.0,"gold_gain":0.0,"event_name":"Liars Game","player_choice":"Ignored","floor":3.0,"gold_loss":0.0,"damage_taken":0.0},{"damage_healed":0.0,"max_hp_gain":0.0,"max_hp_loss":7.0,"gold_gain":0.0,"event_name":"Golden Idol","player_choice":"Lose Max HP","floor":4.0,"gold_loss":0.0,"damage_taken":0.0,"relics_obtained":["Golden Idol"]},{"damage_healed":0.0,"max_hp_gain":0.0,"max_hp_loss":0.0,"gold_gain":0.0,"cards_transformed":["Strike_B"],"event_name":"Living Wall","player_choice":"Change","floor":5.0,"gold_loss":0.0,"damage_taken":0.0,"cards_obtained":["Doom and Gloom"]},{"cards_removed":["Defend_B"],"damage_healed":0.0,"max_hp_gain":0.0,"max_hp_loss":0.0,"gold_gain":0.0,"event_name":"Golden Wing","player_choice":"Card Removal","floor":10.0,"gold_loss":0.0,"damage_taken":7.0},{"damage_healed":0.0,"max_hp_gain":0.0,"max_hp_loss":0.0,"gold_gain":0.0,"event_name":"Forgotten Altar","player_choice":"Gave Idol","floor":20.0,"relics_lost":["Golden Idol"],"gold_loss":0.0,"damage_taken":0.0,"relics_obtained":["Bloody Idol"]},{"damage_healed":0.0,"max_hp_gain":0.0,"max_hp_loss":0.0,"gold_gain":0.0,"event_name":"Masked Bandits","player_choice":"Fought Bandits","floor":21.0,"gold_loss":0.0,"damage_taken":0.0},{"damage_healed":0.0,"max_hp_gain":0.0,"max_hp_loss":0.0,"gold_gain":50.0,"event_name":"Nest","player_choice":"Stole From Cult","floor":28.0,"gold_loss":0.0,"damage_taken":0.0}],"is_beta":false,"boss_relics":[{"not_picked":["Coffee Dripper","Snecko Eye"],"picked":"Astrolabe"}],"items_purged_floors":[31],"is_endless":false,"potions_floor_spawned":[7,8,16,21,29],"killed_by":"Champ","ascension_level":20}}