{"host":"a3oe3gstxz77c7qu","time":1612128124,"event":{"mods":["2.2 Compatiblity","Act Like it!","Astrologer","BaseMod","Bestiary","Better Altar","Better Match","Better Note","Better Skull","Better Third Choice","Block Reminder","Curses Come First","Custom Start","Dark Map","Downfall","Friendly Minions","GifTheSpireLib","Hallownest","Hermit","Jorbs\u0027s Wanderer Trilogy","Lobotomy","LobotomyExtend","Marisa????????","Minty Spire (QoL Compilation)","Permanent Neow","Quick Restart","Relic Filter Mod","Relic Stats","Reliquary","Smile Girya","Spire Arcade","StSLib","The Bug Knight","The Cursed","The Disciple","The Jungle","Uncapped","Unknown Chances","Wandering Minibosses"],"gold_per_floor":[117,117,3,3,178,178,196,196,196,196,196],"floor_reached":10,"language":"ENG","playtime":554,"items_purged":["astrologer:Defend"],"score":62,"play_id":"dc5ff55b-7ea2-422c-81bf-e1109d56b556","local_time":"20210131212204","is_ascension_mode":true,"campfire_choices":[{"data":"astrologer:Prestidigitation","floor":6,"key":"SMITH"}],"circlet_count":0,"master_deck":[],"relics":["astrologer:SkyMirror","CogitoBucket","RabbitCall","LetterFromLob","Blue Candle","Heaven_r","Akabeko","Vajra","Vajra"],"acts_visited":["Exordium"],"potions_floor_usage":[8],"damage_taken":[{"damage":0,"enemies":"Jaw Worm","floor":1,"turns":5},{"damage":0,"enemies":"Cultist","floor":7,"turns":3},{"damage":32,"enemies":"Lagavulin","floor":8,"turns":5},{"damage":52,"enemies":"Lagavulin","floor":10,"turns":3}],"seed_played":"8597705102580537315","potions_obtained":[{"floor":2,"key":"SkillPotion"},{"floor":2,"key":"GamblersBrew"},{"floor":2,"key":"Dexterity Potion"}],"is_trial":false,"path_per_floor":["M","?","$","?","?","R","M","E","T","E"],"character_chosen":"ASTROLOGER","items_purchased":["astrologer:Prestidigitation"],"campfire_rested":0,"item_purchase_floors":[3],"current_hp_per_floor":[70,70,70,65,65,65,65,48,48,0,0],"gold":196,"neow_bonus":"","is_daily":false,"chose_seed":false,"campfire_upgraded":1,"win_rate":0.0,"timestamp":1612128124,"path_taken":["M","?","?","?","?","R","M","E","T","E"],"items_purchased_type":["Card"],"build_version":"2020-12-22","purchased_purges":1,"victory":false,"max_hp_per_floor":[70,70,70,70,70,70,70,50,50,50,50],"relic_stats":{"counters":[4,16],"Blue Candle":[1],"obtain_stats":[{"Heaven_r":8,"RabbitCall":0,"CogitoBucket":0,"Blue Candle":4,"Vajra":9,"Circlet":9,"astrologer:SkyMirror":0,"LetterFromLob":1,"InspiredRelic":8,"Akabeko":9},{"Heaven_r":3,"RabbitCall":0,"CogitoBucket":0,"Blue Candle":1,"Vajra":3,"Circlet":3,"astrologer:SkyMirror":0,"LetterFromLob":1,"InspiredRelic":2,"Akabeko":3},{"Heaven_r":13,"RabbitCall":0,"CogitoBucket":0,"Blue Candle":5,"Vajra":13,"Circlet":13,"astrologer:SkyMirror":0,"LetterFromLob":5,"InspiredRelic":8,"Akabeko":13}]},"card_choices":[{"not_picked":["astrologer:Radiance","astrologer:Observe"],"picked":"astrologer:Opposition","floor":1},{"not_picked":["Bloodbath","Laetitia"],"picked":"CrumblingArmor","floor":1},{"not_picked":["astrologer:TheHighPriestess","astrologer:Moonlight"],"picked":"astrologer:MeteorShower","floor":7},{"not_picked":["FieryBird","WallGazer","PunishingBird"],"picked":"Singing Bowl","floor":7},{"not_picked":["Bloodbath","MHz"],"picked":"ShyLook","floor":7}],"player_experience":1128184,"relics_obtained":[{"floor":1,"key":"LetterFromLob"},{"floor":9,"key":"Akabeko"}],"event_choices":[{"damage_healed":0,"gold_gain":0,"player_choice":"Got Potions","damage_taken":0,"max_hp_gain":0,"max_hp_loss":0,"event_name":"Lab","floor":2,"gold_loss":0},{"damage_healed":0,"gold_gain":175,"player_choice":"AGREE","damage_taken":0,"max_hp_gain":0,"max_hp_loss":0,"event_name":"Liars Game","floor":5,"gold_loss":0,"cards_obtained":["Doubt"]}],"is_beta":false,"boss_relics":[],"items_purged_floors":[3],"is_endless":false,"potions_floor_spawned":[8],"killed_by":"Lagavulin","ascension_level":3}}