{"host":"kn32u0f2pym5bozc","time":1612077810,"event":{"mods":["2.2 Compatiblity","BaseMod","Better Third Choice","Minty Spire (QoL Compilation)","Permanent Neow","Relic Stats","StSLib","The Animator"],"gold_per_floor":[116,147,177,194,159,159,190,190,216,64,96,125,125,157,157,234,284,303,323,323,31,50,50,50,50,50,50,0,11,50,60,60,60,60],"floor_reached":33,"language":"ENG","playtime":2361,"items_purged":["animator:Strike"],"score":551,"play_id":"f3e864b5-af51-410d-a716-7b36714910d0","local_time":"20210131022330","is_ascension_mode":true,"campfire_choices":[{"data":"animator:AcuraAkari","floor":6.0,"key":"SMITH"},{"data":"animator:Aqua","floor":8.0,"key":"SMITH"},{"floor":13.0,"key":"REST"},{"data":"animator:Guy","floor":15.0,"key":"SMITH"},{"floor":23.0,"key":"REST"},{"data":"animator:Demiurge","floor":25.0,"key":"SMITH"},{"floor":27.0,"key":"REST"},{"floor":32.0,"key":"REST"}],"circlet_count":0,"master_deck":["AscendersBane","animator:Strike_HitsugiNoChaika","animator:Defend_HitsugiNoChaika","animator:Strike","animator:Strike","animator:Defend","animator:Defend","animator:Defend","animator:AcuraAkari+1","animator:Gillette","animator:Mitsuba+1","animator:Vanir","animator:RinTohsaka","animator:Aqua+1","animator:Shizu","animator:Sebas","animator:Kazuma","animator:PandorasActor","animator:IzunaHatsuse","animator:ChaikaBohdan","animator:Guy+1","animator:Shalltear","animator:ChaikaTrabant","animator:WinryRockbell","animator:Eve","animator:Demiurge+1","animator:Shigure","animator:DolaCouronne","animator:Verdia+1","animator:AcuraShin","animator:GuildGirl","animator:LizardPriest","animator:WinryRockbell+1","animator:Emonzaemon","animator:Mitsurugi","animator:Elsword+1","animator:Gillette","animator:Saber","animator:Togame+1","animator:Shichika"],"relics":["animator:LivingPicture","animator:TheMissingPiece","animator:PurgingStone","Prayer Wheel","animator:MantleOfTheStrategist","animator:Buoy","Red Skull","Tiny House","Bottled Lightning","Centennial Puzzle"],"acts_visited":["Exordium","TheCity"],"potions_floor_usage":[33,33],"damage_taken":[{"damage":1.0,"enemies":"Cultist","floor":1.0,"turns":3.0},{"damage":0.0,"enemies":"2 Louse","floor":2.0,"turns":2.0},{"damage":0.0,"enemies":"Small Slimes","floor":3.0,"turns":2.0},{"damage":24.0,"enemies":"Exordium Thugs","floor":4.0,"turns":6.0},{"damage":17.0,"enemies":"Lagavulin","floor":7.0,"turns":5.0},{"damage":0.0,"enemies":"Exordium Wildlife","floor":11.0,"turns":3.0},{"damage":11.0,"enemies":"Gremlin Nob","floor":12.0,"turns":3.0},{"damage":0.0,"enemies":"Looter","floor":14.0,"turns":2.0},{"damage":10.0,"enemies":"The Guardian","floor":16.0,"turns":9.0},{"damage":11.0,"enemies":"Chosen","floor":18.0,"turns":5.0},{"damage":42.0,"enemies":"2 Thieves","floor":19.0,"turns":4.0},{"damage":13.0,"enemies":"Shelled Parasite and Fungi","floor":22.0,"turns":8.0},{"damage":36.0,"enemies":"Centurion and Healer","floor":29.0,"turns":8.0},{"damage":14.0,"enemies":"Book of Stabbing","floor":30.0,"turns":6.0},{"damage":14.0,"enemies":"Sentry and Sphere","floor":31.0,"turns":4.0},{"damage":54,"enemies":"Collector","floor":33,"turns":6}],"seed_played":"4792185524147454506","potions_obtained":[{"floor":4.0,"key":"BlessingOfTheForge"},{"floor":7.0,"key":"Dexterity Potion"},{"floor":11.0,"key":"Fire Potion"},{"floor":14.0,"key":"SpeedPotion"},{"floor":17.0,"key":"SteroidPotion"},{"floor":29.0,"key":"DistilledChaos"},{"floor":30.0,"key":"Regen Potion"}],"is_trial":false,"path_per_floor":["M","M","M","M","?","R","E","R","T","$","M","E","R","M","R","B",null,"M","M","?","$","M","R","$","R","T","R","$","M","E","M","R","B"],"character_chosen":"THE_ANIMATOR","items_purchased":["animator:IzunaHatsuse","animator:AcuraShin","animator:GuildGirl","animator:LizardPriest","animator:Mitsurugi"],"campfire_rested":4,"item_purchase_floors":[10,21,21,21,28],"current_hp_per_floor":[38,38,40,18,33,33,18,18,18,18,22,14,32,32,32,25,58,50,15,15,15,9,29,29,29,29,49,49,16,14,3,23,0,0],"gold":60,"neow_bonus":"ONE_RARE_RELIC","is_daily":false,"chose_seed":false,"campfire_upgraded":4,"win_rate":0.0,"timestamp":1612077810,"path_taken":["M","?","M","M","?","R","E","R","T","$","M","E","R","M","R","BOSS","M","M","?","$","M","R","$","R","T","R","?","M","E","M","R","BOSS"],"items_purchased_type":["Card","Card","Card","Card","Card"],"build_version":"2020-12-22","purchased_purges":1,"victory":false,"max_hp_per_floor":[60,60,60,60,60,60,60,60,60,60,61,61,61,61,61,61,67,67,67,67,67,67,67,67,67,67,67,67,67,68,68,68,68,68],"relic_stats":{"Centennial Puzzle":[6],"counters":[16,74],"Prayer Wheel":11,"obtain_stats":[{"animator:Buoy":9,"Centennial Puzzle":30,"Tiny House":17,"animator:PurgingStone":0,"animator:TheMissingPiece":0,"Prayer Wheel":0,"animator:LivingPicture":0,"Bottled Lightning":26,"animator:MantleOfTheStrategist":7,"Red Skull":12},{"animator:Buoy":5,"Centennial Puzzle":14,"Tiny House":9,"animator:PurgingStone":0,"animator:TheMissingPiece":0,"Prayer Wheel":0,"animator:LivingPicture":0,"Bottled Lightning":12,"animator:MantleOfTheStrategist":5,"Red Skull":7},{"animator:Buoy":18,"Centennial Puzzle":64,"Tiny House":35,"animator:PurgingStone":0,"animator:TheMissingPiece":0,"Prayer Wheel":0,"animator:LivingPicture":0,"Bottled Lightning":51,"animator:MantleOfTheStrategist":18,"Red Skull":24}]},"card_choices":[{"not_picked":["animator:Evileye","animator:Togame"],"picked":"animator:Mitsuba","floor":1.0},{"not_picked":["animator:TsurugaMeisai","animator:Hakurou"],"picked":"animator:Vanir","floor":1.0},{"not_picked":["animator:DolaCouronne","animator:Shinoa"],"picked":"animator:RinTohsaka","floor":2.0},{"not_picked":["animator:Vanir","animator:GazelDwargon"],"picked":"animator:Aqua","floor":2.0},{"not_picked":["animator:SilverFang","animator:NarberalGamma"],"picked":"animator:Shizu","floor":3.0},{"not_picked":["animator:MaesHughes","animator:DolaSchwi","animator:TsurugaMeisai"],"picked":"SKIP","floor":3.0},{"not_picked":["animator:Shalltear","animator:Demiurge"],"picked":"animator:Sebas","floor":4.0},{"not_picked":["animator:MumenRider","animator:ZankiKiguchi"],"picked":"animator:Kazuma","floor":4.0},{"not_picked":["animator:RinTohsaka","animator:Kuribayashi"],"picked":"animator:PandorasActor","floor":7.0},{"not_picked":["animator:GazelDwargon","animator:Guy"],"picked":"animator:ChaikaBohdan","floor":11.0},{"not_picked":["animator:Sebas","animator:Shalltear"],"picked":"animator:Guy","floor":11.0},{"not_picked":["animator:NarberalGamma","animator:Rider"],"picked":"animator:Shalltear","floor":12.0},{"not_picked":["animator:Gillette","animator:NivaLada"],"picked":"animator:ChaikaTrabant","floor":14.0},{"not_picked":["animator:ZankiKiguchi","animator:Mitsuba"],"picked":"animator:WinryRockbell","floor":14.0},{"not_picked":["animator:Envy","animator:Biyorigo"],"picked":"animator:Eve","floor":16.0},{"not_picked":["animator:Ciel","animator:ElricEdward"],"picked":"animator:GazelDwargon","floor":17.0},{"not_picked":["animator:Elsword","animator:Gillette"],"picked":"animator:Demiurge","floor":18.0},{"not_picked":["animator:Assassin+1","animator:HigakiRinne"],"picked":"animator:Shigure","floor":18.0},{"not_picked":["animator:Alexander","animator:Tyuule"],"picked":"animator:DolaCouronne","floor":19.0},{"not_picked":["animator:HiiragiShinya","animator:GazelDwargon"],"picked":"animator:Verdia+1","floor":19.0},{"not_picked":["animator:EmiyaShirou","animator:Berserker"],"picked":"animator:WinryRockbell+1","floor":22.0},{"not_picked":["animator:FielNirvalen","animator:ShinjiMatou+1"],"picked":"animator:Emonzaemon","floor":22.0},{"not_picked":["animator:SakuraMatou","animator:Sloth"],"picked":"animator:Elsword+1","floor":29.0},{"not_picked":["animator:ChaikaBohdan","animator:Layla"],"picked":"animator:Gillette","floor":29.0},{"not_picked":["animator:Vesta","animator:Emonzaemon"],"picked":"animator:Saber","floor":30.0},{"not_picked":["animator:PandorasActor","animator:Guy"],"picked":"animator:Togame+1","floor":31.0},{"not_picked":["animator:Ara","animator:Darkness"],"picked":"animator:Shichika","floor":31.0}],"player_experience":882516,"relics_obtained":[{"floor":7.0,"key":"animator:MantleOfTheStrategist"},{"floor":9.0,"key":"animator:Buoy"},{"floor":12.0,"key":"Red Skull"},{"floor":26.0,"key":"Bottled Lightning"},{"floor":30.0,"key":"Centennial Puzzle"}],"event_choices":[{"damage_healed":15.0,"max_hp_gain":0.0,"max_hp_loss":0.0,"gold_gain":0.0,"event_name":"The Cleric","player_choice":"Healed","floor":5.0,"gold_loss":35.0,"damage_taken":0.0},{"cards_removed":["animator:GazelDwargon"],"damage_healed":0.0,"max_hp_gain":0.0,"max_hp_loss":0.0,"gold_gain":0.0,"event_name":"Purifier","player_choice":"Purged","floor":20.0,"gold_loss":0.0,"damage_taken":0.0}],"is_beta":false,"boss_relics":[{"not_picked":["Astrolabe","Pandora\u0027s Box"],"picked":"Tiny House"}],"items_purged_floors":[10],"is_endless":false,"potions_floor_spawned":[4,7,11,14,16,29,30],"killed_by":"Collector","ascension_level":18}}