{"host":"b5jaqh8y266k2cz4","time":1612053871,"event":{"mods":["AchievementEnabler","Aspiration","BaseMod","Colored Powertips","Conspire","Downfall","Googly Eyes","Hermit","Highlight Path","Hubris","Infinite Spire","MarisaÅiñ∂âJÅ@ñÇóùçπÅj","Mimic Mod","Minty Spire (QoL Compilation)","Quick Restart","Replay The Spire","SOSÅiézîb?îVéqÅj","Spikes Relics","StSLib","Synergy Search","The Animator","The Cursed","The Jungle","The Necromancer","The Servant 0.9.4","The Wild Card","slay the spire mod where everything is the same but ironclad has a cowboy hat","Åyå˜î\ModÅz?ñæìIç≈?Boss"],"gold_per_floor":[115,127,214,214,73,73,92,92,92,92,126,141,165,165,165,265,265,279,298,298,418,420,420],"floor_reached":22,"language":"ENG","playtime":986,"items_purged":[],"score":209,"play_id":"a603b8dd-f521-4a31-b954-865952a1bfed","local_time":"20210130194431","is_ascension_mode":true,"campfire_choices":[{"data":"theWildCard:Arsene","floor":6,"key":"SMITH"},{"data":"theWildCard:Attunement","floor":8,"key":"SMITH"},{"data":"theWildCard:PowerOfTheArcana","floor":10,"key":"SMITH"},{"floor":15,"key":"REST"}],"circlet_count":0,"master_deck":["theWildCard:BasicStrike","theWildCard:BasicStrike","theWildCard:BasicStrike","theWildCard:BasicStrike","theWildCard:BasicDefend","theWildCard:BasicDefend","theWildCard:BasicDefend","theWildCard:BasicDefend","theWildCard:CallToAdventure","theWildCard:Arsene+1","theWildCard:Attunement+1","theWildCard:CryOfAgony","theWildCard:Abstinence+1","theWildCard:MagicalMight","theWildCard:SacrificialStroke","theWildCard:PowerOfTheArcana+1","theWildCard:Desolation","theWildCard:MagicMettle","theWildCard:TheArcanaUnleashed","theWildCard:Patience"],"relics":["theWildCard:VelvetContract","MealTicket","Ornamental Fan","ReplayTheSpireMod:Ninjato","RoseTintedShades","Happy Flower","hubris:Backtick","Lantern","Shovel"],"acts_visited":["Exordium","theJungle:Jungle"],"potions_floor_usage":[11,16,22],"damage_taken":[{"damage":0,"enemies":"2 Louse","floor":1,"turns":2},{"damage":0,"enemies":"Small Slimes","floor":2,"turns":2},{"damage":9,"enemies":"Jaw Worm","floor":7,"turns":3},{"damage":12,"enemies":"Lagavulin","floor":11,"turns":6},{"damage":12,"enemies":"Exordium Thugs","floor":12,"turns":4},{"damage":1,"enemies":"Fading Forest","floor":16,"turns":11},{"damage":6,"enemies":"theJungle:MUSHROOMGANG","floor":18,"turns":4},{"damage":7,"enemies":"Shell Parasite","floor":19,"turns":7},{"damage":23,"enemies":"conspire:MimicChest","floor":22,"turns":5}],"seed_played":"-7908137602030598863","potions_obtained":[{"floor":7,"key":"SpeedPotion"},{"floor":11,"key":"PowerPotion"},{"floor":16,"key":"hexamod:SoulburnPotion"},{"floor":18,"key":"DuplicationPotion"},{"floor":19,"key":"Dexterity Potion"}],"is_trial":false,"path_per_floor":["M","M","?","$","?","R","M","R","T","R","E","M","T","?","R","B",null,"M","M","?","?","?"],"character_chosen":"THE_WILD_CARD","items_purchased":[],"campfire_rested":1,"item_purchase_floors":[],"current_hp_per_floor":[60,60,36,51,51,51,42,42,42,42,30,18,18,18,36,43,60,54,47,31,22,0,0],"gold":420,"neow_bonus":"RANDOM_EVENT","is_daily":false,"chose_seed":false,"campfire_upgraded":3,"win_rate":0.0,"timestamp":1612053871,"path_taken":["M","M","?","$","?","R","?","R","T","R","E","M","?","?","R","BOSS","M","M","?","?","?"],"items_purchased_type":[],"build_version":"2020-12-22","purchased_purges":0,"victory":false,"max_hp_per_floor":[60,60,60,60,60,60,60,60,60,60,60,60,60,60,60,60,60,60,60,60,60,60,60],"card_choices":[{"not_picked":["theWildCard:PaleRider","theWildCard:StingingStrike"],"picked":"theWildCard:CryOfAgony","floor":1},{"not_picked":["theWildCard:Unburden","theWildCard:Safeguard"],"picked":"theWildCard:Abstinence","floor":2},{"not_picked":["theWildCard:BladeOfGenerations","theWildCard:Michael"],"picked":"theWildCard:MagicalMight","floor":3},{"not_picked":["theWildCard:StingingStrike","theWildCard:MagicMettle"],"picked":"theWildCard:SacrificialStroke","floor":3},{"not_picked":["theWildCard:SeveringSlash","theWildCard:Impatience"],"picked":"theWildCard:PowerOfTheArcana","floor":7},{"not_picked":["theWildCard:Impatience","theWildCard:Michael"],"picked":"theWildCard:Desolation","floor":11},{"not_picked":["theWildCard:UnendingRitual","theWildCard:StingingStrike"],"picked":"theWildCard:MagicMettle","floor":12},{"not_picked":["theWildCard:Amaterasu","theWildCard:Lucifer"],"picked":"theWildCard:TheArcanaUnleashed","floor":16},{"not_picked":["theWildCard:Loki","theWildCard:Michael","theWildCard:EnergyTheft"],"picked":"SKIP","floor":18},{"not_picked":["theWildCard:MaskChange","theWildCard:SeveringSlash"],"picked":"theWildCard:Patience","floor":19}],"player_experience":336703,"relics_obtained":[{"floor":3,"key":"MealTicket"},{"floor":9,"key":"ReplayTheSpireMod:Ninjato"},{"floor":11,"key":"RoseTintedShades"},{"floor":13,"key":"Happy Flower"}],"event_choices":[{"damage_healed":0,"gold_gain":0,"player_choice":"Paid Gold","damage_taken":0,"relics_obtained":["Ornamental Fan"],"max_hp_gain":0,"max_hp_loss":0,"event_name":"WeMeetAgain","floor":5,"gold_loss":141},{"damage_healed":0,"gold_gain":0,"player_choice":"Forge","damage_taken":0,"max_hp_gain":0,"max_hp_loss":0,"event_name":"Accursed Blacksmith","floor":14,"gold_loss":0,"cards_upgraded":["theWildCard:Abstinence"]}],"is_beta":false,"boss_relics":[{"not_picked":["Busted Crown","hubris:HollowSoul"],"picked":"hubris:Backtick"}],"items_purged_floors":[],"is_endless":false,"potions_floor_spawned":[7,11,16,18,19],"killed_by":"conspire:MimicChest","ascension_level":3}}