{"host":"ecuvtzmejf7hhjpv","time":1612108498,"event":{"mods":["AchievementEnabler","Act Like it!","Aspiration","BaseMod","Better Altar","Better Match","Better Note","Better Sensory Stone","Better Skull","Better Third Choice","BetterRewards","Conspire","Custom Start","Downfall","Gensokyo","GifTheSpireLib","Hallownest","Hermit","Hubris","Kratos Character Expansion","Luminous","Marisa????????","Minty Spire (QoL Compilation)","Prisma Mod","Remilia??????","Replay The Spire","Robot Space Explorer","Spicy Shops","StSLib","The Animator","The Blackbeard","The Bug Knight","The Construct","The Cursed","The Disciple","The Dragon Tamer","The Forsaken","The Hierophant","The Jungle","The Marked","The Necromancer","The Poker Player","The Wild Card","TheSwordswoman"],"gold_per_floor":[99,112,112,122,134,134,134],"floor_reached":6,"language":"ENG","playtime":249,"items_purged":[],"score":38,"play_id":"5abc5aa7-2d73-4c14-84b5-ff47465944f1","local_time":"20210131095458","is_ascension_mode":true,"campfire_choices":[{"data":"champ:Taunt","floor":1,"key":"SMITH"}],"circlet_count":0,"master_deck":["champ:Strike","champ:Strike","champ:Strike","champ:Defend","champ:Defend","champ:Defend","champ:Defend","champ:Execute","champ:Taunt+1","champ:StanceDance","champ:ShieldSigil","Metallicize"],"relics":["hubris:Backtick","hubris:DisguiseKit"],"acts_visited":["Exordium"],"potions_floor_usage":[6],"damage_taken":[{"damage":21,"enemies":"Jaw Worm","floor":2,"turns":5},{"damage":41,"enemies":"Cultist","floor":4,"turns":3},{"damage":25,"enemies":"conspire:RoseBush","floor":5,"turns":4},{"damage":103,"enemies":"Gremlin Nob","floor":6,"turns":6}],"seed_played":"-3687915093210806225","potions_obtained":[{"floor":2,"key":"SpeedPotion"},{"floor":5,"key":"FearPotion"}],"is_trial":false,"path_per_floor":["R","M","?","M","M","E"],"character_chosen":"THE_CHAMP","items_purchased":[],"campfire_rested":0,"item_purchase_floors":[],"current_hp_per_floor":[90,89,89,83,83,0,0],"gold":134,"neow_bonus":"BOSS_RELIC","is_daily":false,"chose_seed":false,"campfire_upgraded":1,"win_rate":0.0,"timestamp":1612108498,"path_taken":["R","M","?","?","?","E"],"items_purchased_type":[],"build_version":"2020-12-22","purchased_purges":0,"victory":false,"max_hp_per_floor":[90,90,90,90,90,90,90],"card_choices":[{"not_picked":["champ:SwordSigil","champ:Backstep","Evolve"],"picked":"champ:StanceDance","floor":2},{"not_picked":["champ:Backstep","champ:Haymaker","champ:TornadoPunch"],"picked":"Metallicize","floor":4},{"not_picked":["champ:ShieldSlam","champ:CrownThrow","champ:PreciseThrust","Clash"],"picked":"SKIP","floor":5}],"player_experience":1176279,"relics_obtained":[],"event_choices":[],"is_beta":false,"boss_relics":[],"items_purged_floors":[],"is_endless":false,"potions_floor_spawned":[2,5],"killed_by":"Gremlin Nob","ascension_level":1}}