{"host":"3ghcx3e93lhog3cp","time":1612104545,"event":{"mods":["AchievementEnabler","BaseMod","Downfall","Minty Spire (QoL Compilation)","Replay The Spire","StSLib"],"gold_per_floor":[111,125,125,14,30,59,72,85,85,85,85,103,129,143,143,241,241,252,126,126,141,241,241,259,291,315,325,325,344,60,75,75,176,176,191,209,0,50,66,66,66,66,91,106,106,119,154,164,164,164],"floor_reached":51,"language":"ENG","playtime":3451,"items_purged":["Strike_R","Defend_R"],"score":1002,"play_id":"f34f327e-364b-4758-ae63-c8832b3ad318","local_time":"20210131064905","is_ascension_mode":true,"campfire_choices":[{"data":"Heavy Blade","floor":11,"key":"SMITH"},{"data":"ReplayTheSpireMod:LeadingStrike","floor":15,"key":"SMITH"},{"data":"Bash","floor":23,"key":"SMITH"},{"data":"Replay:Many Hands","floor":28,"key":"SMITH"},{"floor":32,"key":"DIG"},{"data":"1","floor":40,"key":"LIFT"},{"data":"2","floor":49,"key":"LIFT"}],"circlet_count":0,"master_deck":["Strike_R","Strike_R","Defend_R","Defend_R","Defend_R","Bash+1","Headbutt","Heavy Blade+1","Inflame+1","Shrug It Off","Twin Strike","Perfected Strike","Cleave","Flex","Flame Barrier","ReplayTheSpireMod:LeadingStrike+1","Replay:Many Hands+1","Clothesline+1","Pommel Strike","Clothesline+1","Flame Barrier","Twin Strike+1","Iron Wave","Inflame+1","Metallicize","Impervious","CurseOfTheBell","Shrug It Off","Flex+1","Dual Wield+1","Madness"],"relics":["Runic Cube","Snack Pack","Mummified Hand","Mercury Hourglass","Ooze Armor","MutagenicStrength","InkBottle","Boot","DollysMirror","Shuriken","Calling Bell","Replay:Mystery Machine","ReplayTheSpireMod:Shallot","Bird Faced Urn","Red Mask","Girya","Chameleon Ring","Meat on the Bone"],"acts_visited":["Exordium","TheCity","TheBeyond"],"potions_floor_usage":[6,13,21,25,25,29,38,38,46,50],"damage_taken":[{"damage":4,"enemies":"2 Louse","floor":1,"turns":3},{"damage":1,"enemies":"Cultist","floor":2,"turns":3},{"damage":3,"enemies":"Small Slimes","floor":5,"turns":3},{"damage":13,"enemies":"3 Sentries","floor":6,"turns":6},{"damage":5,"enemies":"Red Slaver","floor":7,"turns":3},{"damage":4,"enemies":"3 Louse","floor":8,"turns":3},{"damage":1,"enemies":"2 Fungi Beasts","floor":12,"turns":2},{"damage":14,"enemies":"Gremlin Nob","floor":13,"turns":3},{"damage":0,"enemies":"Lots of Slimes","floor":14,"turns":1},{"damage":23,"enemies":"Slime Boss","floor":16,"turns":7},{"damage":2,"enemies":"Chosen","floor":18,"turns":2},{"damage":29,"enemies":"2 Thieves","floor":21,"turns":3},{"damage":16,"enemies":"Centurion and Healer","floor":24,"turns":4},{"damage":16,"enemies":"Slavers","floor":25,"turns":5},{"damage":0,"enemies":"Snecko","floor":27,"turns":3},{"damage":0,"enemies":"Snake Plant","floor":29,"turns":3},{"damage":23,"enemies":"Centurion and Healer","floor":31,"turns":3},{"damage":6,"enemies":"Pondfish","floor":33,"turns":9},{"damage":6,"enemies":"3 Shapes","floor":35,"turns":3},{"damage":10,"enemies":"Orb Walker","floor":36,"turns":3},{"damage":0,"enemies":"Mind Bloom Boss Battle","floor":38,"turns":4},{"damage":8,"enemies":"Writhing Mass","floor":39,"turns":5},{"damage":0,"enemies":"Sphere and 2 Shapes","floor":44,"turns":2},{"damage":14,"enemies":"Maw","floor":46,"turns":7},{"damage":17,"enemies":"R_Hoarder","floor":47,"turns":7},{"damage":9,"enemies":"Jaw Worm Horde","floor":48,"turns":4},{"damage":51,"enemies":"Time Eater","floor":50,"turns":7}],"seed_played":"-9017076499708528654","potions_obtained":[{"floor":2,"key":"SteroidPotion"},{"floor":5,"key":"SpeedPotion"},{"floor":8,"key":"Reflective Coating"},{"floor":13,"key":"sneckomod:MuddlingPotion"},{"floor":21,"key":"HeartOfIron"},{"floor":24,"key":"Fire Potion"},{"floor":27,"key":"LifebloodPotion"},{"floor":33,"key":"Toxic Potion"},{"floor":35,"key":"Strength Potion"},{"floor":39,"key":"SkillPotion"},{"floor":48,"key":"AttackPotion"}],"is_trial":false,"path_per_floor":["M","M","?","$","M","E","M","M","T","?","R","M","E","M","R","B",null,"M","$","?","M","?","R","M","E","T","M","R","M","$","M","R","B",null,"M","M","?","?","M","R","?","$","T","M","T","M","E","M","R","B",null],"character_chosen":"IRONCLAD","items_purchased":["Inflame+1","Shrug It Off","Pommel Strike","DollysMirror","Metallicize"],"campfire_rested":0,"item_purchase_floors":[4,4,19,30,30],"current_hp_per_floor":[76,75,75,75,72,59,54,50,50,50,50,49,39,41,41,22,80,80,80,80,53,53,53,41,27,27,29,29,29,29,8,8,14,80,76,70,70,76,76,76,76,76,76,80,80,66,63,62,62,39],"gold":164,"neow_bonus":"BOSS_RELIC","is_daily":false,"chose_seed":false,"campfire_upgraded":4,"win_rate":0.0,"timestamp":1612104545,"path_taken":["M","M","?","$","M","E","?","M","T","?","R","?","E","M","R","BOSS","M","$","?","M","?","R","M","E","T","?","R","M","$","M","R","BOSS","M","M","?","?","M","R","?","?","T","?","?","M","E","M","R","BOSS"],"items_purchased_type":["Card","Card","Card","Relic","Card"],"build_version":"2020-12-22","purchased_purges":2,"victory":true,"max_hp_per_floor":[80,80,80,80,80,80,80,80,80,80,80,80,80,80,80,80,80,80,80,80,80,80,80,80,80,80,80,80,80,80,80,80,80,80,80,80,80,80,80,80,80,80,80,80,80,80,80,80,80,80],"card_choices":[{"not_picked":["Body Slam","Perfected Strike"],"picked":"Headbutt","floor":1},{"not_picked":["Twin Strike","Havoc"],"picked":"Heavy Blade","floor":2},{"not_picked":["Perfected Strike","ReplayReversal"],"picked":"Twin Strike","floor":5},{"not_picked":["Armaments","Anger","Offering"],"picked":"SKIP","floor":6},{"not_picked":["Combust","Rupture"],"picked":"Perfected Strike","floor":7},{"not_picked":["Anger","Replay:Undeath\u0027s Touch"],"picked":"Cleave","floor":8},{"not_picked":["Sentinel","Headbutt"],"picked":"Flex","floor":12},{"not_picked":["Thunderclap","Exhume"],"picked":"Flame Barrier","floor":13},{"not_picked":["Cleave","Run Through"],"picked":"ReplayTheSpireMod:LeadingStrike","floor":14},{"not_picked":["Brutality","Juggernaut"],"picked":"Replay:Many Hands","floor":16},{"not_picked":["Armaments+1","Sever Soul"],"picked":"Clothesline+1","floor":18},{"not_picked":["Abandon","ReplayTheSpireMod:Limb From Limb"],"picked":"Clothesline+1","floor":21},{"not_picked":["Anger","Rampage+1"],"picked":"Flame Barrier","floor":24},{"not_picked":["Body Slam","Dual Wield"],"picked":"Twin Strike+1","floor":25},{"not_picked":["Brutality","Clash","True Grit+1"],"picked":"SKIP","floor":27},{"not_picked":["Feel No Pain+1","Armaments"],"picked":"Iron Wave","floor":29},{"not_picked":["Sword Boomerang","Havoc","Armaments"],"picked":"SKIP","floor":31},{"not_picked":["Immolate","Juggernaut"],"picked":"Impervious","floor":33},{"not_picked":["Replay:Undeath\u0027s Touch","Cleave"],"picked":"Shrug It Off","floor":35},{"not_picked":["Blood for Blood","Armaments+1","Exhume"],"picked":"SKIP","floor":36},{"not_picked":["Intimidate+1","Anger"],"picked":"Flex+1","floor":38},{"not_picked":["Headbutt","Havoc"],"picked":"Dual Wield+1","floor":39},{"not_picked":["Bandage Up","Replay:Sssssssssshield"],"picked":"Madness","floor":41},{"not_picked":["Pummel","Twin Strike+1","Pommel Strike+1"],"picked":"SKIP","floor":44},{"not_picked":["Abandon+1","Armaments","Clothesline"],"picked":"SKIP","floor":46},{"not_picked":["Havoc+1","Clash","Corruption"],"picked":"SKIP","floor":47},{"not_picked":["Wild Strike","Cleave+1","Massacre"],"picked":"SKIP","floor":48}],"player_experience":242929,"relics_obtained":[{"floor":6,"key":"Snack Pack"},{"floor":9,"key":"Mummified Hand"},{"floor":13,"key":"Mercury Hourglass"},{"floor":25,"key":"InkBottle"},{"floor":26,"key":"Boot"},{"floor":32,"key":"Shuriken"},{"floor":34,"key":"Replay:Mystery Machine"},{"floor":34,"key":"ReplayTheSpireMod:Shallot"},{"floor":34,"key":"Bird Faced Urn"},{"floor":38,"key":"Girya"},{"floor":45,"key":"Chameleon Ring"},{"floor":47,"key":"Meat on the Bone"}],"event_choices":[{"cards_removed":["Strike_R"],"damage_healed":0,"gold_gain":0,"player_choice":"Offered Basic","damage_taken":0,"max_hp_gain":0,"max_hp_loss":0,"event_name":"Bonfire Elementals","floor":3,"gold_loss":0},{"cards_removed":["Strike_R"],"damage_healed":0,"gold_gain":0,"player_choice":"Purged","damage_taken":0,"max_hp_gain":0,"max_hp_loss":0,"event_name":"Purifier","floor":10,"gold_loss":0},{"damage_healed":0,"gold_gain":0,"player_choice":"Inject Mutagens","damage_taken":0,"relics_obtained":["MutagenicStrength"],"max_hp_gain":0,"max_hp_loss":0,"event_name":"Drug Dealer","floor":20,"gold_loss":0},{"damage_healed":0,"gold_gain":100,"player_choice":"Pray","damage_taken":0,"max_hp_gain":0,"max_hp_loss":0,"event_name":"Golden Shrine","floor":22,"gold_loss":0},{"damage_healed":0,"gold_gain":0,"player_choice":"Paid","damage_taken":0,"relics_obtained":["Red Mask"],"max_hp_gain":0,"max_hp_loss":0,"event_name":"Tomb of Lord Red Mask","floor":37,"gold_loss":209},{"damage_healed":0,"gold_gain":0,"player_choice":"Fight","damage_taken":0,"max_hp_gain":0,"max_hp_loss":0,"event_name":"MindBloom","floor":38,"gold_loss":0},{"damage_healed":0,"gold_gain":0,"player_choice":"Memory 1","damage_taken":0,"max_hp_gain":0,"max_hp_loss":0,"event_name":"SensoryStone","floor":41,"gold_loss":0}],"is_beta":false,"boss_relics":[{"not_picked":["Ring of Chaos","Velvet Choker"],"picked":"Ooze Armor"},{"not_picked":["Runic Pyramid","Astrolabe"],"picked":"Calling Bell"}],"items_purged_floors":[19,30],"is_endless":false,"potions_floor_spawned":[2,5,8,13,21,24,27,33,35,36,39,48],"ascension_level":2}}