{"host":"6xsbn6ynqlzwllfm","time":1612053687,"event":{"mods":["2.2 Compatiblity","BaseMod","Bestiary","Colored Map","Colored Powertips","Curses Come First","Highlight Path","Keyboard Shortcuts","Minty Spire (QoL Compilation)","Relic Stats","Slay the Relics Exporter","StSLib","SuperFastMode"],"gold_per_floor":[110,110,35,35,53,53,81,81,104,119,119,153,153,173,173,266,266,279,279,302,302,302,302,322,337,408,439,439,491,491,511,511,511,511],"floor_reached":33,"language":"ENG","playtime":654,"items_purged":[],"score":646,"play_id":"1ee75972-0482-47f9-b2db-3e1a27891c3a","local_time":"20210130194127","is_ascension_mode":true,"campfire_choices":[{"data":"1","floor":6.0,"key":"LIFT"},{"data":"2","floor":8.0,"key":"LIFT"},{"data":"3","floor":13.0,"key":"LIFT"},{"data":"Consecrate","floor":15.0,"key":"SMITH"},{"data":"EmptyFist","floor":23.0,"key":"SMITH"},{"data":"FlurryOfBlows","floor":28,"key":"SMITH"},{"data":"FlyingSleeves","floor":30,"key":"SMITH"},{"data":"FearNoEvil","floor":32,"key":"SMITH"}],"circlet_count":0,"master_deck":["AscendersBane","Strike_P+1","Strike_P+1","Strike_P+1","Defend_P+1","Defend_P+1","Defend_P+1","Eruption","Vigilance","CrushJoints+1","FlyingSleeves+1","EmptyFist+1","FearNoEvil+1","FlurryOfBlows+1","Consecrate+1","DeusExMachina","CurseOfTheBell","FlurryOfBlows+1","Protect+1"],"relics":["PureWater","Girya","TeardropLocket","Blood Vial","Golden Idol","Ancient Tea Set","Calling Bell","Letter Opener","Oddly Smooth Stone","FossilizedHelix","Toxic Egg 2","Thread and Needle","Strawberry"],"acts_visited":["Exordium","TheCity"],"potions_floor_usage":[27,27],"damage_taken":[{"damage":2.0,"enemies":"Jaw Worm","floor":1.0,"turns":6.0},{"damage":3.0,"enemies":"Small Slimes","floor":5.0,"turns":3.0},{"damage":7.0,"enemies":"Lagavulin","floor":7.0,"turns":5.0},{"damage":0.0,"enemies":"2 Louse","floor":10.0,"turns":1.0},{"damage":0.0,"enemies":"Gremlin Nob","floor":12.0,"turns":2.0},{"damage":0.0,"enemies":"Large Slime","floor":14.0,"turns":2.0},{"damage":29.0,"enemies":"The Guardian","floor":16.0,"turns":6.0},{"damage":0.0,"enemies":"Shell Parasite","floor":18.0,"turns":1.0},{"damage":0.0,"enemies":"Spheric Guardian","floor":20.0,"turns":2.0},{"damage":0.0,"enemies":"Snake Plant","floor":24.0,"turns":2.0},{"damage":0.0,"enemies":"Centurion and Healer","floor":25.0,"turns":2.0},{"damage":0,"enemies":"Slavers","floor":27,"turns":2},{"damage":0,"enemies":"Cultist and Chosen","floor":31,"turns":4},{"damage":73,"enemies":"Automaton","floor":33,"turns":8}],"seed_played":"-8385068404457442770","potions_obtained":[{"floor":1.0,"key":"Block Potion"},{"floor":7.0,"key":"LiquidBronze"},{"floor":14.0,"key":"AttackPotion"},{"floor":16.0,"key":"SteroidPotion"},{"floor":18.0,"key":"Fruit Juice"},{"floor":24.0,"key":"DuplicationPotion"},{"floor":31,"key":"DuplicationPotion"}],"is_trial":false,"path_per_floor":["M","?","?","?","M","R","E","R","T","M","?","E","R","M","R","B",null,"M","?","M","?","?","R","M","M","T","E","R","T","R","M","R","B"],"character_chosen":"WATCHER","items_purchased":[],"campfire_rested":0,"item_purchase_floors":[],"current_hp_per_floor":[59,64,64,64,61,61,54,54,54,56,56,58,58,60,60,32,54,56,56,58,58,58,58,65,66,66,66,66,73,73,73,73,0,0],"gold":511,"neow_bonus":"ONE_RARE_RELIC","is_daily":false,"chose_seed":false,"campfire_upgraded":5,"win_rate":0.0,"timestamp":1612053687,"path_taken":["M","?","?","?","M","R","E","R","T","M","?","E","R","M","R","BOSS","M","?","?","?","?","R","?","M","T","E","R","?","R","?","R","BOSS"],"items_purchased_type":[],"build_version":"2020-12-22","purchased_purges":0,"victory":false,"max_hp_per_floor":[62,67,67,67,67,67,67,67,67,67,61,61,61,61,61,61,61,61,61,61,61,61,61,66,66,66,66,66,73,73,73,73,73,73],"relic_stats":{"Blood Vial":14,"counters":[14,46],"Golden Idol":55,"Letter Opener":[20],"obtain_stats":[{"Girya":0,"Golden Idol":11,"Oddly Smooth Stone":17,"Thread and Needle":27,"TeardropLocket":7,"Letter Opener":17,"Ancient Tea Set":12,"Blood Vial":9,"Calling Bell":17,"Strawberry":29,"PureWater":0,"Toxic Egg 2":26,"FossilizedHelix":17},{"Girya":0,"Golden Idol":4,"Oddly Smooth Stone":7,"Thread and Needle":12,"TeardropLocket":3,"Letter Opener":7,"Ancient Tea Set":5,"Blood Vial":3,"Calling Bell":7,"Strawberry":12,"PureWater":0,"Toxic Egg 2":11,"FossilizedHelix":7},{"Girya":0,"Golden Idol":15,"Oddly Smooth Stone":25,"Thread and Needle":34,"TeardropLocket":14,"Letter Opener":25,"Ancient Tea Set":17,"Blood Vial":14,"Calling Bell":25,"Strawberry":34,"PureWater":0,"Toxic Egg 2":32,"FossilizedHelix":25}]},"card_choices":[{"not_picked":["EmptyBody","SignatureMove"],"picked":"CrushJoints","floor":1.0},{"not_picked":["Prostrate","Halt"],"picked":"FlyingSleeves","floor":5.0},{"not_picked":["Collect","Devotion"],"picked":"EmptyFist","floor":7.0},{"not_picked":["Prostrate","EmptyBody"],"picked":"FearNoEvil","floor":10.0},{"not_picked":["JustLucky","Conclude"],"picked":"FlurryOfBlows","floor":12.0},{"not_picked":["Sanctity","FlurryOfBlows"],"picked":"Consecrate","floor":14.0},{"not_picked":["Establishment","Devotion"],"picked":"DeusExMachina","floor":16.0},{"not_picked":["Study","FollowUp"],"picked":"FlurryOfBlows+1","floor":18.0},{"not_picked":["BowlingBash","DevaForm"],"picked":"Protect+1","floor":27}],"player_experience":1310690,"relics_obtained":[{"floor":7.0,"key":"TeardropLocket"},{"floor":9.0,"key":"Blood Vial"},{"floor":12.0,"key":"Ancient Tea Set"},{"floor":17.0,"key":"Letter Opener"},{"floor":17.0,"key":"Oddly Smooth Stone"},{"floor":17.0,"key":"FossilizedHelix"},{"floor":26.0,"key":"Toxic Egg 2"},{"floor":27,"key":"Thread and Needle"},{"floor":29,"key":"Strawberry"}],"event_choices":[{"damage_healed":0.0,"max_hp_gain":5.0,"max_hp_loss":0.0,"gold_gain":0.0,"event_name":"Big Fish","player_choice":"Donut","floor":2.0,"gold_loss":0.0,"damage_taken":0.0},{"cards_removed":["Defend_P"],"damage_healed":0.0,"max_hp_gain":0.0,"max_hp_loss":0.0,"gold_gain":0.0,"event_name":"The Cleric","player_choice":"Card Removal","floor":3.0,"gold_loss":75.0,"damage_taken":0.0},{"damage_healed":0.0,"max_hp_gain":0.0,"max_hp_loss":0.0,"gold_gain":0.0,"event_name":"Living Wall","player_choice":"Grow","floor":4.0,"gold_loss":0.0,"damage_taken":0.0,"cards_upgraded":["CrushJoints"]},{"damage_healed":0.0,"max_hp_gain":0.0,"max_hp_loss":6.0,"gold_gain":0.0,"event_name":"Golden Idol","player_choice":"Lose Max HP","floor":11.0,"gold_loss":0.0,"damage_taken":0.0,"relics_obtained":["Golden Idol"]},{"cards_removed":["Strike_P"],"damage_healed":0.0,"max_hp_gain":0.0,"max_hp_loss":0.0,"gold_gain":0.0,"event_name":"Purifier","player_choice":"Purged","floor":19.0,"gold_loss":0.0,"damage_taken":0.0},{"damage_healed":0.0,"max_hp_gain":0.0,"max_hp_loss":0.0,"gold_gain":0.0,"event_name":"Back to Basics","player_choice":"Simplicity","floor":21.0,"gold_loss":0.0,"damage_taken":0.0,"cards_upgraded":["Strike_P","Strike_P","Strike_P","Defend_P","Defend_P","Defend_P"]},{"damage_healed":0.0,"max_hp_gain":0.0,"max_hp_loss":0.0,"gold_gain":0.0,"event_name":"Match and Keep!","player_choice":"0 cards matched","floor":22.0,"gold_loss":0.0,"damage_taken":0.0,"cards_obtained":[]}],"is_beta":false,"boss_relics":[{"not_picked":["SacredBark","Tiny House"],"picked":"Calling Bell"}],"items_purged_floors":[],"is_endless":false,"potions_floor_spawned":[1,7,14,16,18,24,31],"killed_by":"Automaton","ascension_level":20}}