{"host":"k7udt7atmcuzf6l0","time":1612095080,"event":{"mods":["AchievementEnabler","BaseMod","BetterRewards","Colored Map","Colored Powertips","Highlight Path","Minty Spire (QoL Compilation)","Quick Restart","Rare Cards Sparkle","Relic Stats","StSLib","UnlockEverythingMod"],"gold_per_floor":[110,62,10,25,25,25,51,51,77,77,90,15,50,63,63,158,158,170,170,146,159,74,74,105,118,192,192,192,203,213,241,241,241,241],"floor_reached":33,"language":"ZHS","playtime":766,"items_purged":["Defend_R"],"score":318,"play_id":"77e4cf7a-7c28-4d86-a18f-ddb597c3031b","local_time":"20210131201120","is_ascension_mode":false,"campfire_choices":[{"data":"Flex","floor":6.0,"key":"SMITH"},{"data":"Shockwave","floor":8.0,"key":"SMITH"},{"data":"Headbutt","floor":10.0,"key":"SMITH"},{"data":"Sword Boomerang","floor":15.0,"key":"SMITH"},{"data":"Armaments","floor":23.0,"key":"SMITH"},{"data":"Immolate","floor":27.0,"key":"SMITH"},{"data":"Sword Boomerang","floor":32,"key":"SMITH"}],"circlet_count":0,"master_deck":["Strike_R","Strike_R","Strike_R","Strike_R","Strike_R","Defend_R","Defend_R+1","Defend_R+1","Bash","Headbutt+1","Flex+1","Flex+1","Shockwave+1","Sword Boomerang+1","Bloodletting","Immolate+1","Bloodletting+1","Armaments+1","Sword Boomerang+1","Reaper","Flex+1","Body Slam+1"],"relics":["Burning Blood","NeowsBlessing","Regal Pillow","War Paint","Centennial Puzzle","Sozu","Pen Nib","Happy Flower","Ornamental Fan","Orichalcum"],"acts_visited":["Exordium","TheCity"],"potions_floor_usage":[],"damage_taken":[{"damage":0.0,"enemies":"Cultist","floor":1.0,"turns":1.0},{"damage":0.0,"enemies":"Jaw Worm","floor":4.0,"turns":1.0},{"damage":0.0,"enemies":"Gremlin Nob","floor":7.0,"turns":2.0},{"damage":3.0,"enemies":"Small Slimes","floor":11.0,"turns":2.0},{"damage":13.0,"enemies":"Lagavulin","floor":13.0,"turns":3.0},{"damage":10.0,"enemies":"Gremlin Gang","floor":14.0,"turns":3.0},{"damage":33.0,"enemies":"The Guardian","floor":16.0,"turns":6.0},{"damage":5.0,"enemies":"3 Byrds","floor":18.0,"turns":3.0},{"damage":0.0,"enemies":"Spheric Guardian","floor":21.0,"turns":2.0},{"damage":21.0,"enemies":"Gremlin Leader","floor":24.0,"turns":4.0},{"damage":19.0,"enemies":"Centurion and Healer","floor":25.0,"turns":3.0},{"damage":12,"enemies":"Snecko","floor":29,"turns":3},{"damage":3,"enemies":"3 Cultists","floor":30,"turns":3},{"damage":31,"enemies":"Book of Stabbing","floor":31,"turns":4},{"damage":87,"enemies":"Automaton","floor":33,"turns":8}],"seed_played":"-5154394880900436638","potions_obtained":[{"floor":7.0,"key":"BlessingOfTheForge"},{"floor":11.0,"key":"SkillPotion"},{"floor":14.0,"key":"Block Potion"},{"floor":16.0,"key":"Explosive Potion"}],"is_trial":false,"path_per_floor":["M","$","$","M","?","R","E","R","T","R","M","$","E","M","R","B",null,"M","?","$","M","?","R","E","M","T","R","?","M","M","E","R","B"],"character_chosen":"IRONCLAD","items_purchased":["Flex","Flex","Armaments"],"campfire_rested":0,"item_purchase_floors":[2,3,20],"current_hp_per_floor":[80,80,80,80,80,80,80,80,80,80,80,80,73,69,69,42,80,80,80,80,80,80,80,65,76,76,76,76,70,80,80,80,0,0],"gold":241,"neow_bonus":"THREE_ENEMY_KILL","is_daily":false,"chose_seed":false,"campfire_upgraded":7,"win_rate":0.0,"timestamp":1612095080,"path_taken":["M","?","$","?","?","R","E","R","T","R","M","$","E","M","R","BOSS","M","?","$","?","?","R","E","M","T","R","?","?","M","E","R","BOSS"],"items_purchased_type":["Card","Card","Card"],"build_version":"2020-12-22","purchased_purges":1,"victory":false,"max_hp_per_floor":[80,80,80,80,80,80,80,80,80,80,80,80,80,80,80,80,80,80,80,80,80,80,80,80,80,80,80,80,80,80,80,80,80,80],"relic_stats":{"Sozu":2,"Regal Pillow":0,"Centennial Puzzle":[27],"Happy Flower":[7],"counters":[15,48],"Ornamental Fan":[24],"Pen Nib":[6],"War Paint":["Defend_R","Defend_R"],"Orichalcum":[12],"obtain_stats":[{"Sozu":17,"Regal Pillow":7,"Centennial Puzzle":13,"NeowsBlessing":0,"Happy Flower":24,"Ornamental Fan":26,"Pen Nib":22,"War Paint":9,"Orichalcum":31,"Burning Blood":0},{"Sozu":7,"Regal Pillow":3,"Centennial Puzzle":5,"NeowsBlessing":0,"Happy Flower":10,"Ornamental Fan":11,"Pen Nib":9,"War Paint":3,"Orichalcum":14,"Burning Blood":0},{"Sozu":18,"Regal Pillow":4,"Centennial Puzzle":9,"NeowsBlessing":0,"Happy Flower":27,"Ornamental Fan":30,"Pen Nib":23,"War Paint":4,"Orichalcum":40,"Burning Blood":0}],"Burning Blood":44},"card_choices":[{"not_picked":["True Grit","Thunderclap"],"picked":"Headbutt","floor":1.0},{"not_picked":["Blood for Blood","Entrench"],"picked":"Shockwave","floor":4.0},{"not_picked":["Second Wind","Disarm","Flex"],"picked":"SKIP","floor":7.0},{"not_picked":["Rage","Body Slam"],"picked":"Sword Boomerang","floor":11.0},{"not_picked":["Entrench","Flex"],"picked":"Bloodletting","floor":13.0},{"not_picked":["Sentinel","Headbutt","Flex"],"picked":"SKIP","floor":14.0},{"not_picked":["Bludgeon","Corruption"],"picked":"Immolate","floor":16.0},{"not_picked":["Sword Boomerang","True Grit"],"picked":"Bloodletting+1","floor":18.0},{"not_picked":["Twin Strike","Clothesline"],"picked":"Sword Boomerang","floor":21.0},{"not_picked":["Barricade","Dropkick"],"picked":"Reaper","floor":24.0},{"not_picked":["Anger","Perfected Strike","Warcry"],"picked":"SKIP","floor":25.0},{"not_picked":["Twin Strike","Wild Strike","Perfected Strike"],"picked":"SKIP","floor":29},{"not_picked":["Flex","True Grit+1","Barricade"],"picked":"SKIP","floor":30},{"not_picked":["Blood for Blood","Shockwave"],"picked":"Body Slam+1","floor":31}],"player_experience":18761,"relics_obtained":[{"floor":7.0,"key":"Regal Pillow"},{"floor":9.0,"key":"War Paint"},{"floor":13.0,"key":"Centennial Puzzle"},{"floor":24.0,"key":"Happy Flower"},{"floor":26.0,"key":"Ornamental Fan"},{"floor":31,"key":"Orichalcum"}],"event_choices":[{"damage_healed":0.0,"max_hp_gain":0.0,"max_hp_loss":0.0,"gold_gain":0.0,"event_name":"Living Wall","player_choice":"Grow","floor":5.0,"gold_loss":0.0,"damage_taken":0.0,"cards_upgraded":["Flex"]},{"damage_healed":0.0,"max_hp_gain":0.0,"max_hp_loss":0.0,"gold_gain":0.0,"event_name":"Wheel of Change","player_choice":"Full Heal","floor":19.0,"gold_loss":0.0,"damage_taken":0.0},{"damage_healed":0.0,"max_hp_gain":0.0,"max_hp_loss":0.0,"gold_gain":0.0,"event_name":"Addict","player_choice":"Obtained Relic","floor":22.0,"gold_loss":85.0,"damage_taken":0.0,"relics_obtained":["Pen Nib"]},{"damage_healed":0,"gold_gain":0,"player_choice":"Copied","damage_taken":0,"max_hp_gain":0,"max_hp_loss":0,"event_name":"Duplicator","floor":28,"gold_loss":0,"cards_obtained":["Flex"]}],"is_beta":false,"boss_relics":[{"not_picked":["Snecko Eye","Runic Cube"],"picked":"Sozu"}],"items_purged_floors":[12],"is_endless":false,"potions_floor_spawned":[7,11,14,16,18,21],"killed_by":"Automaton","ascension_level":0}}