{"host":"640uue19m79c7wbt","time":1612111993,"event":{"mods":["BaseMod","Colored Map","Googly Eyes","Highlight Path","Minty Spire (QoL Compilation)","Quick Restart","StSLib"],"gold_per_floor":[115,131,27,27,43,69,69,69,69,69,87,119,119,134,134,134,134],"floor_reached":16,"language":"ENG","playtime":704,"items_purged":["Strike_G"],"score":209,"play_id":"9fcf3c06-fdaa-4da4-8530-b463b986e2cd","local_time":"20210131115313","is_ascension_mode":true,"campfire_choices":[{"data":"Escape Plan","floor":7,"key":"SMITH"},{"data":"Eviscerate","floor":10,"key":"SMITH"},{"floor":15,"key":"REST"}],"circlet_count":0,"master_deck":["AscendersBane","Strike_G","Strike_G","Strike_G","Strike_G","Defend_G","Defend_G","Defend_G","Defend_G","Defend_G","Survivor","Neutralize","Eviscerate","Underhanded Strike","Eviscerate+1","Escape Plan+1","Concentrate","Endless Agony"],"relics":["Ring of the Snake","NeowsBlessing","WarpedTongs","Blue Candle","Ornamental Fan","Nunchaku","Vajra"],"acts_visited":["Exordium"],"potions_floor_usage":[6,6,12],"damage_taken":[{"damage":0,"enemies":"2 Louse","floor":1,"turns":1},{"damage":0,"enemies":"Cultist","floor":2,"turns":1},{"damage":0,"enemies":"Jaw Worm","floor":5,"turns":1},{"damage":16,"enemies":"3 Sentries","floor":6,"turns":8},{"damage":25,"enemies":"Lots of Slimes","floor":11,"turns":4},{"damage":9,"enemies":"Gremlin Nob","floor":12,"turns":3},{"damage":5,"enemies":"Exordium Thugs","floor":14,"turns":5},{"damage":10,"enemies":"Slime Boss","floor":16,"turns":6}],"seed_played":"5487833178421326840","potions_obtained":[{"floor":1,"key":"CunningPotion"},{"floor":2,"key":"BlessingOfTheForge"},{"floor":11,"key":"SteroidPotion"}],"is_trial":false,"path_per_floor":["M","M","$","?","M","E","R","?","T","R","M","E","?","M","R","B"],"character_chosen":"THE_SILENT","items_purchased":["Underhanded Strike"],"campfire_rested":1,"item_purchase_floors":[3],"current_hp_per_floor":[59,59,59,59,59,43,43,43,43,43,18,9,9,4,23,13,13],"gold":134,"neow_bonus":"THREE_ENEMY_KILL","is_daily":false,"chose_seed":false,"campfire_upgraded":2,"win_rate":0.0,"timestamp":1612111993,"path_taken":["M","M","$","?","?","E","R","?","T","R","?","E","?","M","R","BOSS"],"items_purchased_type":["Card"],"build_version":"2020-12-22","purchased_purges":1,"victory":false,"max_hp_per_floor":[66,66,66,66,66,66,66,66,66,66,66,66,66,66,66,66,66],"card_choices":[{"not_picked":["Accuracy","Prepared"],"picked":"Eviscerate","floor":1},{"not_picked":["Sucker Punch","Bane"],"picked":"Backflip","floor":2},{"not_picked":["Backflip","Flying Knee"],"picked":"Eviscerate","floor":5},{"not_picked":["Die Die Die","Sucker Punch"],"picked":"Escape Plan","floor":6},{"not_picked":["Deadly Poison","Deflect","Slice"],"picked":"SKIP","floor":11},{"not_picked":["Flying Knee","Sucker Punch"],"picked":"Concentrate","floor":12},{"not_picked":["Quick Slash","All Out Attack"],"picked":"Endless Agony","floor":14}],"player_experience":648735,"relics_obtained":[{"floor":6,"key":"Blue Candle"},{"floor":9,"key":"Nunchaku"},{"floor":12,"key":"Vajra"}],"event_choices":[{"damage_healed":0,"gold_gain":0,"player_choice":"Rummage","damage_taken":0,"relics_obtained":["WarpedTongs"],"max_hp_gain":0,"max_hp_loss":0,"event_name":"Accursed Blacksmith","floor":4,"gold_loss":0,"cards_obtained":["Pain"]},{"cards_removed":["Backflip"],"damage_healed":0,"gold_gain":0,"player_choice":"Gave Card","damage_taken":0,"relics_obtained":["Ornamental Fan"],"max_hp_gain":0,"max_hp_loss":0,"event_name":"WeMeetAgain","floor":8,"gold_loss":0},{"cards_removed":["Pain"],"damage_healed":0,"gold_gain":0,"player_choice":"Removed Curses","damage_taken":0,"max_hp_gain":0,"max_hp_loss":0,"event_name":"Fountain of Cleansing","floor":13,"gold_loss":0}],"is_beta":false,"boss_relics":[],"items_purged_floors":[3],"is_endless":false,"potions_floor_spawned":[1,2,11],"killed_by":"Slime Boss","ascension_level":18}}