{"host":"2tgyrzvaa7l04o2e","time":1612103202,"event":{"mods":["BaseMod","Highlight Path","Minty Spire (QoL Compilation)","Permanent Neow","Relic Stats"],"gold_per_floor":[111,111,122,138,155,155,187,199,226,260,270,314,314,361,361,490,490,517,537,569,616,639,687,702,746,821,855,855,893,516,529,529,658,685,705,705,739,138,168,216,242,254,266,15,40,90,103,136,136,136,136,136,21,56,56],"floor_reached":56,"language":"ENG","playtime":3653,"items_purged":["Strike_P","Defend_P","FlurryOfBlows"],"score":1882,"play_id":"83f53d55-7bc6-40be-b01c-a7adf33ec923","local_time":"20210131152642","is_ascension_mode":true,"campfire_choices":[{"data":"Tantrum","floor":6,"key":"SMITH"},{"data":"FlurryOfBlows","floor":15,"key":"SMITH"},{"data":"Vault","floor":28,"key":"SMITH"},{"data":"LikeWater","floor":32,"key":"SMITH"},{"floor":42,"key":"RECALL"},{"data":"Fasting2","floor":49,"key":"SMITH"},{"data":"TalkToTheHand","floor":52,"key":"SMITH"}],"circlet_count":0,"master_deck":["Strike_P+1","Defend_P+1","Defend_P+1","Eruption","Vigilance+1","FearNoEvil","Tantrum+1","Wireheading","FlurryOfBlows+1","Meditate+1","LikeWater+1","ThirdEye+1","Vault+1","DeceiveReality+1","Study+1","EmptyFist+1","CutThroughFate+1","Protect","MentalFortress+1","Blasphemy","DevaForm+1","ReachHeaven+1","Scrawl+1","CutThroughFate+1","Halt","Dark Shackles","TalkToTheHand+1","FlurryOfBlows+1","Vault+1","Prostrate+1","Fasting2+1","Halt"],"relics":["Coffee Dripper","Akabeko","Bronze Scales","Bag of Marbles","CeramicFish","Golden Idol","Dream Catcher","Runic Pyramid","Red Mask","Happy Flower","Orichalcum","Bottled Lightning","Strange Spoon","Whetstone","Astrolabe","Ornamental Fan","Toy Ornithopter","MawBank","Potion Belt","DollysMirror","Pear","Anchor","War Paint"],"acts_visited":["Exordium","TheCity","TheBeyond","TheEnding"],"potions_floor_usage":[14,16,16,21,29,33,33,50,55,55,55,55],"damage_taken":[{"damage":0,"enemies":"Small Slimes","floor":1,"turns":3},{"damage":0,"enemies":"2 Louse","floor":3,"turns":1},{"damage":0,"enemies":"Cultist","floor":4,"turns":3},{"damage":0,"enemies":"Exordium Wildlife","floor":5,"turns":2},{"damage":19,"enemies":"Gremlin Nob","floor":7,"turns":4},{"damage":0,"enemies":"Looter","floor":8,"turns":2},{"damage":8,"enemies":"Lagavulin","floor":10,"turns":5},{"damage":0,"enemies":"Lots of Slimes","floor":11,"turns":2},{"damage":0,"enemies":"Gremlin Nob","floor":12,"turns":2},{"damage":10,"enemies":"Lagavulin","floor":14,"turns":3},{"damage":12,"enemies":"Hexaghost","floor":16,"turns":5},{"damage":0,"enemies":"Spheric Guardian","floor":18,"turns":1},{"damage":0,"enemies":"Shell Parasite","floor":19,"turns":3},{"damage":3,"enemies":"Chosen and Byrds","floor":20,"turns":4},{"damage":6,"enemies":"Masked Bandits","floor":21,"turns":5},{"damage":1,"enemies":"Snake Plant","floor":22,"turns":4},{"damage":10,"enemies":"Gremlin Leader","floor":23,"turns":5},{"damage":0,"enemies":"Cultist and Chosen","floor":24,"turns":4},{"damage":5,"enemies":"Book of Stabbing","floor":25,"turns":4},{"damage":0,"enemies":"Chosen and Byrds","floor":27,"turns":4},{"damage":4,"enemies":"Slavers","floor":29,"turns":3},{"damage":0,"enemies":"Sentry and Sphere","floor":31,"turns":4},{"damage":12,"enemies":"Collector","floor":33,"turns":8},{"damage":0,"enemies":"3 Shapes","floor":35,"turns":4},{"damage":0,"enemies":"3 Darklings","floor":37,"turns":5},{"damage":2,"enemies":"Transient","floor":39,"turns":6},{"damage":0,"enemies":"Nemesis","floor":40,"turns":4},{"damage":11,"enemies":"4 Shapes","floor":41,"turns":8},{"damage":0,"enemies":"Spire Growth","floor":45,"turns":3},{"damage":2,"enemies":"Giant Head","floor":46,"turns":7},{"damage":0,"enemies":"Maw","floor":47,"turns":7},{"damage":0,"enemies":"Reptomancer","floor":48,"turns":6},{"damage":6,"enemies":"Donu and Deca","floor":50,"turns":7},{"damage":0,"enemies":"Shield and Spear","floor":54,"turns":7},{"damage":45,"enemies":"The Heart","floor":55,"turns":11}],"seed_played":"5668845697764966858","potions_obtained":[{"floor":1,"key":"SpeedPotion"},{"floor":3,"key":"Ambrosia"},{"floor":4,"key":"Weak Potion"},{"floor":11,"key":"AttackPotion"},{"floor":20,"key":"Explosive Potion"},{"floor":21,"key":"GamblersBrew"},{"floor":24,"key":"DuplicationPotion"},{"floor":25,"key":"FearPotion"},{"floor":27,"key":"ColorlessPotion"},{"floor":35,"key":"Ancient Potion"},{"floor":37,"key":"SkillPotion"},{"floor":45,"key":"Block Potion"},{"floor":46,"key":"DuplicationPotion"}],"is_trial":false,"path_per_floor":["M","?","M","M","M","R","E","M","T","E","M","E","?","E","R","B",null,"M","M","M","?","M","E","M","E","T","M","R","E","$","M","R","B",null,"M","?","M","$","M","E","M","R","T","$","M","E","M","E","R","B",null,"R","$","E","B",null],"character_chosen":"WATCHER","items_purchased":["Strange Spoon","Whetstone","Ornamental Fan","Toy Ornithopter","Halt","Dark Shackles","DollysMirror","Halt","Energy Potion","Energy Potion"],"campfire_rested":0,"item_purchase_floors":[30,30,38,38,38,38,44,53,53,53],"current_hp_per_floor":[65,51,51,51,51,51,32,32,32,24,24,24,24,14,14,2,51,51,51,48,42,41,31,31,26,26,26,26,22,22,22,22,10,53,53,53,53,53,51,51,40,40,40,40,40,48,48,48,48,47,70,70,70,70,33],"gold":56,"neow_bonus":"BOSS_RELIC","is_daily":false,"chose_seed":false,"campfire_upgraded":6,"win_rate":0.0,"timestamp":1612103202,"path_taken":["M","?","M","M","M","R","E","M","T","E","M","E","?","E","R","BOSS","M","M","M","?","M","E","M","E","T","M","R","E","$","M","R","BOSS","M","?","?","$","M","E","M","R","T","$","M","E","M","E","R","BOSS","R","$","E","BOSS"],"items_purchased_type":["Relic","Relic","Relic","Relic","Card","Card","Relic","Card","Potion","Potion"],"build_version":"2020-12-22","purchased_purges":3,"victory":true,"max_hp_per_floor":[72,72,72,72,72,72,72,72,72,72,72,72,67,67,67,67,67,67,67,67,67,67,67,67,67,67,67,67,67,67,67,67,67,67,67,67,67,67,67,67,67,67,67,67,67,77,77,77,77,77,77,77,77,77,77],"relic_stats":{"Happy Flower":[34],"counters":[35,156],"Golden Idol":219,"CeramicFish":198,"Astrolabe":["DevaForm","ReachHeaven","Scrawl"],"Whetstone":["CutThroughFate","Strike_P"],"Orichalcum":[78],"War Paint":["Vigilance","ThirdEye"],"MawBank":48,"Strange Spoon":[53],"Dream Catcher":0,"Ornamental Fan":[200],"Bronze Scales":[307],"obtain_stats":[{"Potion Belt":43,"Pear":46,"Happy Flower":23,"Golden Idol":13,"CeramicFish":12,"Astrolabe":34,"Whetstone":30,"Orichalcum":25,"War Paint":54,"MawBank":40,"Akabeko":7,"Strange Spoon":30,"Dream Catcher":14,"Anchor":48,"Ornamental Fan":38,"DollysMirror":44,"Bronze Scales":9,"Coffee Dripper":0,"Bag of Marbles":10,"Red Mask":21,"Bottled Lightning":29,"PureWater":0,"Toy Ornithopter":38,"Runic Pyramid":17},{"Potion Belt":28,"Pear":30,"Happy Flower":17,"Golden Idol":9,"CeramicFish":9,"Astrolabe":23,"Whetstone":21,"Orichalcum":19,"War Paint":34,"MawBank":27,"Akabeko":5,"Strange Spoon":21,"Dream Catcher":10,"Anchor":32,"Ornamental Fan":25,"DollysMirror":28,"Bronze Scales":6,"Coffee Dripper":0,"Bag of Marbles":7,"Red Mask":15,"Bottled Lightning":21,"PureWater":0,"Toy Ornithopter":25,"Runic Pyramid":11},{"Potion Belt":108,"Pear":118,"Happy Flower":54,"Golden Idol":24,"CeramicFish":24,"Astrolabe":81,"Whetstone":69,"Orichalcum":62,"War Paint":145,"MawBank":100,"Akabeko":13,"Strange Spoon":69,"Dream Catcher":27,"Anchor":131,"Ornamental Fan":90,"DollysMirror":108,"Bronze Scales":15,"Coffee Dripper":0,"Bag of Marbles":20,"Red Mask":45,"Bottled Lightning":69,"PureWater":0,"Toy Ornithopter":90,"Runic Pyramid":32}],"Toy Ornithopter":13},"card_choices":[{"not_picked":["Consecrate","FlyingSleeves"],"picked":"FearNoEvil","floor":1},{"not_picked":["SandsOfTime","EmptyMind"],"picked":"Tantrum","floor":3},{"not_picked":["Perseverance","WaveOfTheHand"],"picked":"Wireheading","floor":4},{"not_picked":["FollowUp","WreathOfFlame"],"picked":"FlurryOfBlows","floor":5},{"not_picked":["SashWhip","BowlingBash","Swivel"],"picked":"SKIP","floor":7},{"not_picked":["BowlingBash","ReachHeaven"],"picked":"FlurryOfBlows","floor":8},{"not_picked":["CrushJoints","Brilliance"],"picked":"Meditate","floor":10},{"not_picked":["JustLucky","WindmillStrike","FearNoEvil"],"picked":"SKIP","floor":11},{"not_picked":["SignatureMove","CrushJoints"],"picked":"LikeWater","floor":12},{"not_picked":["FollowUp","DeusExMachina"],"picked":"ThirdEye","floor":14},{"not_picked":["Wish","Ragnarok"],"picked":"Vault","floor":16},{"not_picked":["WaveOfTheHand","FlurryOfBlows+1"],"picked":"DeceiveReality+1","floor":18},{"not_picked":["Crescendo","Swivel","EmptyBody"],"picked":"SKIP","floor":19},{"not_picked":["Weave","SignatureMove"],"picked":"Study+1","floor":20},{"not_picked":["FlyingSleeves","Devotion"],"picked":"EmptyFist+1","floor":21},{"not_picked":["JustLucky","SignatureMove+1","InnerPeace"],"picked":"SKIP","floor":22},{"not_picked":["ThirdEye","Prostrate"],"picked":"CutThroughFate","floor":23},{"not_picked":["FollowUp","Consecrate","CrushJoints"],"picked":"SKIP","floor":24},{"not_picked":["DevaForm","BowlingBash"],"picked":"Protect","floor":25},{"not_picked":["PathToVictory+1","Protect+1"],"picked":"MentalFortress+1","floor":27},{"not_picked":["ThirdEye","Crescendo","Sanctity"],"picked":"SKIP","floor":29},{"not_picked":["ClearTheMind","Prostrate+1","Evaluate"],"picked":"SKIP","floor":31},{"not_picked":["LessonLearned","DeusExMachina"],"picked":"Blasphemy","floor":33},{"not_picked":["WindmillStrike","FollowUp+1","JustLucky+1"],"picked":"SKIP","floor":35},{"not_picked":["Study","Vengeance+1"],"picked":"CutThroughFate+1","floor":37},{"not_picked":["Consecrate+1","Prostrate"],"picked":"TalkToTheHand","floor":39},{"not_picked":["FlyingSleeves+1","Study+1"],"picked":"FlurryOfBlows+1","floor":40},{"not_picked":["CrushJoints+1","EmptyBody","Swivel"],"picked":"SKIP","floor":41},{"not_picked":["ConjureBlade","Evaluate+1"],"picked":"Prostrate+1","floor":45},{"not_picked":["ForeignInfluence+1","ClearTheMind+1"],"picked":"Fasting2","floor":46},{"not_picked":["Collect+1","Tantrum+1","Evaluate"],"picked":"SKIP","floor":47},{"not_picked":["JustLucky","InnerPeace+1","Meditate"],"picked":"SKIP","floor":48},{"not_picked":["Crescendo","Protect","Halt"],"picked":"SKIP","floor":54}],"player_experience":672083,"relics_obtained":[{"floor":7,"key":"Akabeko"},{"floor":9,"key":"Bronze Scales"},{"floor":10,"key":"Bag of Marbles"},{"floor":12,"key":"CeramicFish"},{"floor":14,"key":"Dream Catcher"},{"floor":21,"key":"Red Mask"},{"floor":23,"key":"Happy Flower"},{"floor":25,"key":"Orichalcum"},{"floor":29,"key":"Bottled Lightning"},{"floor":40,"key":"MawBank"},{"floor":43,"key":"Potion Belt"},{"floor":46,"key":"Pear"},{"floor":48,"key":"Anchor"},{"floor":54,"key":"War Paint"}],"event_choices":[{"damage_healed":0,"gold_gain":0,"player_choice":"Entered Light","damage_taken":14,"max_hp_gain":0,"max_hp_loss":0,"event_name":"Shining Light","floor":2,"gold_loss":0,"cards_upgraded":["Defend_P","Defend_P"]},{"damage_healed":0,"gold_gain":0,"player_choice":"Lose Max HP","damage_taken":0,"relics_obtained":["Golden Idol"],"max_hp_gain":0,"max_hp_loss":5,"event_name":"Golden Idol","floor":13,"gold_loss":0},{"damage_healed":0,"gold_gain":0,"player_choice":"Fought Bandits","damage_taken":0,"max_hp_gain":0,"max_hp_loss":0,"event_name":"Masked Bandits","floor":21,"gold_loss":0},{"damage_healed":0,"gold_gain":0,"player_choice":"Upgraded","damage_taken":0,"max_hp_gain":0,"max_hp_loss":0,"event_name":"Upgrade Shrine","floor":36,"gold_loss":0,"cards_upgraded":["Meditate"]}],"is_beta":false,"boss_relics":[{"not_picked":["Velvet Choker","SacredBark"],"picked":"Runic Pyramid"},{"not_picked":["Tiny House","Empty Cage"],"picked":"Astrolabe"}],"items_purged_floors":[30,38,44],"is_endless":false,"potions_floor_spawned":[1,3,4,8,11,12,20,21,24,25,27,35,37,45,46],"ascension_level":9}}