{"host":"qzpuxnheibnu7155","time":1612106590,"event":{"mods":["Act Like it!","BaseMod","Displayed Cursed Tome","Downfall","FoggyMod","Gensokyo","Minty Spire (QoL Compilation)","MostiFishMod","Pale of the Ancients","Remilia（蕾米莉亚）","RumiaBox-露米娅的神秘盒子","StSLib","TestMod","UnlockEverythingMod","Waifu the Spire","【功能Mod】Neow奖励","【遗物卡牌】REMEMod","没有小屋子和绿帽子啦"],"gold_per_floor":[114,7,1006,1006,1024,1024,1052,582,582,442,442,288,301,25,25,302,302,316,316,316],"floor_reached":19,"language":"ZHS","playtime":773,"items_purged":["Defend_RM","Defend_RM"],"score":466,"play_id":"ac4e53b2-33e1-4529-8ecd-e18a6285b55b","local_time":"20210131232310","is_ascension_mode":true,"campfire_choices":[{"floor":6,"key":"RECALL"},{"data":"QueenOfMidnight","floor":15,"key":"SMITH"}],"circlet_count":0,"master_deck":["AscendersBane","Strike_RM+1","Strike_RM+1","Strike_RM","Strike_RM","Defend_RM","Defend_RM","RedMoon","MastersStateliness","MastersStateliness","QueenOfMidnight+1","BlasphemousPunishment","MastersStateliness","Maim","BloodySeventeenLaser+1","MastersStateliness","Strike_RM"],"relics":["ScarletHat","DaveBox","testmod-TestBox","REME_ComplimentaryCards","GreenFoldingFan","Whetstone","SynthV:TestCard","Baka","Happy Flower","testmod-ConstraintPeriapt","testmod-IndustrialRevolution","testmod-IntensifyImprint","FossilizedHelix","SynthV:C4","testmod-Maize","testmod-Prudence"],"acts_visited":["Gensokyo:Gensokyo","Gensokyo:Gensokyoer"],"potions_floor_usage":[],"damage_taken":[{"damage":8,"enemies":"Gensokyo:Gryphon","floor":1,"turns":4},{"damage":9,"enemies":"Gensokyo:3_Fairies","floor":5,"turns":4},{"damage":10,"enemies":"Gensokyo:Cirno","floor":7,"turns":5},{"damage":0,"enemies":"Gensokyo:2_Kodama","floor":13,"turns":1},{"damage":33,"enemies":"Gensokyo:Yukari","floor":16,"turns":6},{"damage":14,"enemies":"Gensokyo:AngelMirror","floor":18,"turns":1}],"seed_played":"-6038533720681244596","potions_obtained":[{"floor":1,"key":"DistilledChaos"},{"floor":7,"key":"Fire Potion"}],"is_trial":false,"path_per_floor":["M","COS","?","?","M","R","E","$","T","?","T","$","M","$","R","B",null,"M","?"],"character_chosen":"REMILIA","items_purchased":["testmod-IntensifyImprint","BlasphemousPunishment","MastersStateliness","Molten Egg 2"],"campfire_rested":0,"item_purchase_floors":[8,8,12,14],"current_hp_per_floor":[140,140,140,140,140,140,115,115,115,115,115,115,127,127,127,121,147,143,143,143],"gold":316,"neow_bonus":"RANDOM_COMMON_RELIC","is_daily":false,"chose_seed":false,"campfire_upgraded":1,"win_rate":0.0,"timestamp":1612106590,"path_taken":["M","COS","?","?","?","R","E","?","T","?","?","$","?","?","R","BOSS","M","?"],"items_purchased_type":["Relic","Card","Card","Relic"],"build_version":"2020-12-22","purchased_purges":2,"victory":false,"max_hp_per_floor":[140,140,140,140,140,140,155,155,155,155,155,155,155,155,155,155,155,155,155,155],"card_choices":[{"not_picked":["BlasphemousPunishment","RedRainbow"],"picked":"MastersStateliness","floor":1},{"not_picked":["VampirishNight","ScarletImprint","UnderTheZenith","RedMagic"],"picked":"MastersStateliness","floor":5},{"not_picked":["ScarletDevilSign","DiffusionOfMisfortune","NightDance","Septette"],"picked":"QueenOfMidnight","floor":7},{"not_picked":["BloodAndWine","ScarletImprint","MiserableFate","AfternoonTea"],"picked":"Maim","floor":13},{"not_picked":["HeartBreak+1","HellCatastrophe+1","BloodyCatastrophe","EquivalentExchange"],"picked":"BloodySeventeenLaser+1","floor":16},{"not_picked":["StarOfDavid+1","UnderTheZenith","UnstableMagic","BloodHunter"],"picked":"MastersStateliness","floor":18}],"player_experience":619385,"relics_obtained":[{"floor":1,"key":"SynthV:TestCard"},{"floor":1,"key":"Baka"},{"floor":5,"key":"testmod-ConstraintPeriapt"},{"floor":7,"key":"testmod-IndustrialRevolution"},{"floor":11,"key":"SynthV:C4"}],"event_choices":[{"damage_healed":0,"gold_gain":999,"player_choice":"Sell","damage_taken":0,"max_hp_gain":0,"max_hp_loss":0,"event_name":"恩洛斯的盘子","floor":3,"relics_lost":["testmod-HarvestTotem"],"gold_loss":0}],"is_beta":false,"boss_relics":[{"not_picked":["RhineFirstAidKit","ExusiaiGun"],"picked":"testmod-Prudence"}],"items_purged_floors":[8,12],"is_endless":false,"potions_floor_spawned":[1,7,16],"ascension_level":20}}