{"host":"b5fatnnekk5nir4z","time":1612105114,"event":{"mods":["Act Like it!","Aspiration","BaseMod","Better Match","Better Note","Better Sensory Stone","Better Skull","Better Third Choice","Better Vampires","Colored Powertips","Conspire","Downfall","Energized Spire","GifTheSpireLib","Gremlin Skip","Halation","Hubris","Infinite Spire","Marisa（F雨　魔理沙）","Mimic Mod","Minty Spire (QoL Compilation)","Pale of the Ancients","Permanent Neow","Reliquary","Replay The Spire","RumiaBox-露米娅的神秘盒子","Shop Mod","Spikes Relics","StSLib","Stuff the Spire","Trackpad"],"gold_per_floor":[99,109,109,123,135,135,167,182,213,225,237,249,253,283,316,432,444,456,468,468,468],"floor_reached":19,"language":"ZHS","playtime":1036,"items_purged":[],"score":167,"play_id":"d5dd007c-718a-4768-9e75-0297ba4ac2b8","local_time":"20210131225834","is_ascension_mode":false,"campfire_choices":[{"floor":1.0,"key":"DIG"},{"data":"hexamod:PowerFromBeyond","floor":6.0,"key":"SMITH"},{"floor":12.0,"key":"RECALL"},{"floor":18,"key":"DIG"}],"circlet_count":0,"master_deck":["hexamod:Strike","hexamod:Strike","hexamod:Defend","hexamod:Defend","hexamod:Sear","hexamod:Float","hexamod:HauntingEcho","Intolerance","hexamod:PowerFromBeyond+1","hexamod:FourthSeal","hexamod:FirstSeal","hexamod:SecondSeal","hexamod:ThirdSeal","hexamod:InspiringFlames","hexamod:FifthSeal","CurseOfTheBell"],"relics":["hexamod:SpiritBrand","StuffTheSpire:DarkSteelAnvil","trackpad:IceCube","MawBank","halation:EternalFortune","Pet Ghost","Calling Bell","halation:PromiseList","infinitespire:BottledMercury","Ginger","WingedGreaves"],"acts_visited":["Exordium","TheCity"],"potions_floor_usage":[19],"damage_taken":[{"damage":0.0,"enemies":"Jaw Worm","floor":2.0,"turns":3.0},{"damage":0.0,"enemies":"Cultist","floor":4.0,"turns":3.0},{"damage":0.0,"enemies":"Small Slimes","floor":5.0,"turns":3.0},{"damage":4.0,"enemies":"Exordium Thugs","floor":7.0,"turns":8.0},{"damage":11.0,"enemies":"Exordium Thugs","floor":8.0,"turns":3.0},{"damage":16.0,"enemies":"Lagavulin","floor":9.0,"turns":5.0},{"damage":14.0,"enemies":"Blue Slaver","floor":14.0,"turns":5.0},{"damage":5.0,"enemies":"Red Slaver","floor":15.0,"turns":4.0},{"damage":7.0,"enemies":"DF_ARCHETYPE_STREAMLINE","floor":16.0,"turns":12.0},{"damage":50,"enemies":"3 Byrds","floor":19,"turns":5}],"seed_played":"-5500854582561408534","potions_obtained":[{"floor":4.0,"key":"BlessingOfTheForge"},{"floor":5.0,"key":"PowerPotion"},{"floor":8.0,"key":"champ:CounterPotion"},{"floor":9.0,"key":"PowerPotion"},{"floor":16.0,"key":"bronze:BurnAndBuffPotion"}],"is_trial":false,"path_per_floor":["R","M","?","M","M","R","MIM","M","E","?","?","R","?","M","M","B",null,"R","M"],"character_chosen":"THE_SPIRIT","items_purchased":[],"campfire_rested":0,"item_purchase_floors":[],"current_hp_per_floor":[70,70,70,70,70,70,66,55,39,42,30,30,23,19,21,21,76,76,26,26,26],"gold":468,"neow_bonus":"REMOVE_CARD","is_daily":false,"chose_seed":false,"campfire_upgraded":1,"win_rate":0.0,"timestamp":1612105114,"path_taken":["R","M","?","M","?","R","MIM","M","E","?","?","R","?","M","M","BOSS","R","M"],"items_purchased_type":[],"build_version":"2020-12-22","purchased_purges":0,"victory":false,"max_hp_per_floor":[70,70,70,70,70,70,70,70,70,73,73,73,73,76,76,76,76,76,76,76,76],"card_choices":[{"not_picked":["hexamod:FlamesFromBeyond","hexamod:BurningTouch"],"picked":"hexamod:HauntingEcho","floor":2.0},{"not_picked":["hexamod:GhostflameBarrier","hexamod:FastForward"],"picked":"hexamod:PowerFromBeyond","floor":4.0},{"not_picked":["hexamod:AdvancingGuard","hexamod:HeatCrush","hexamod:GhostOfSpirePresent"],"picked":"SKIP","floor":5.0},{"not_picked":["hexamod:SpectersWail","hexamod:GhostLash"],"picked":"hexamod:FastForward","floor":7.0},{"not_picked":["hexamod:BurningTouch","hexamod:HeatMetal"],"picked":"hexamod:FourthSeal","floor":8.0},{"not_picked":["hexamod:GhostOfSpirePast","hexamod:SkipABeat","hexamod:GhostShield"],"picked":"SKIP","floor":9.0},{"not_picked":["hexamod:NecessarySacrifice","hexamod:GhostOfSpirePresent","hexamod:DynamicBlow"],"picked":"SKIP","floor":14.0},{"not_picked":["hexamod:FirstSeal","hexamod:HeatCrush","hexamod:SkipABeat"],"picked":"SKIP","floor":14.0},{"not_picked":["hexamod:GhostLash","hexamod:InspiringFlames","hexamod:GhostShield"],"picked":"SKIP","floor":15.0},{"not_picked":["hexamod:GhostLash","hexamod:GhostShield"],"picked":"hexamod:InspiringFlames","floor":15.0},{"not_picked":["hexamod:ParanormalForm","hexamod:TimeOfNeed"],"picked":"hexamod:FifthSeal","floor":16.0}],"player_experience":14555,"relics_obtained":[{"floor":1.0,"key":"StuffTheSpire:DarkSteelAnvil"},{"floor":7.0,"key":"trackpad:IceCube"},{"floor":9.0,"key":"MawBank"},{"floor":14.0,"key":"halation:EternalFortune"},{"floor":17.0,"key":"halation:PromiseList"},{"floor":17.0,"key":"infinitespire:BottledMercury"},{"floor":17.0,"key":"Ginger"},{"floor":18,"key":"WingedGreaves"}],"event_choices":[{"damage_healed":0.0,"max_hp_gain":0.0,"max_hp_loss":0.0,"gold_gain":0.0,"event_name":"betterThird:BetterScrap","player_choice":"Relic ","floor":11.0,"gold_loss":0.0,"damage_taken":12.0,"cards_obtained":["FTL"]}],"is_beta":false,"boss_relics":[{"not_picked":["EasyGame_NEW","Kintsugi"],"picked":"Calling Bell"}],"items_purged_floors":[],"is_endless":false,"potions_floor_spawned":[4,5,8,14,15],"killed_by":"3 Byrds","ascension_level":0}}