{"host":"szp1d6dso4pv7ddl","time":1612119240,"event":{"mods":["AchievementEnabler","Alarm Clock","BaseMod","Bestiary","Block Reminder","Colored Map","Colored Powertips","Curses Come First","Dark Map","Displayed Cursed Tome","Highlight Path","Minty Spire (QoL Compilation)","Permanent Neow","Quick Restart","Relic Sorter","Relic Stats","StSLib","Synergy Search"],"gold_per_floor":[109,109,126,47,62,91,91,91,91,106,256,108,108,127,127,203,203,221,85,95,95,95,130,142,164,225,237,277,39,39,50,50,122,122,133,152,203,203,203],"floor_reached":38,"language":"ENG","playtime":2881,"items_purged":["Strike_B","Defend_B","Strike_B"],"score":746,"play_id":"4012bddb-46d4-4b9a-b20c-14623cae9fe7","local_time":"20210131105400","is_ascension_mode":true,"campfire_choices":[{"data":"Defragment","floor":7.0,"key":"SMITH"},{"data":"Loop","floor":13.0,"key":"SMITH"},{"data":"Reinforced Body","floor":15.0,"key":"SMITH"},{"floor":24,"key":"REST"},{"floor":27,"key":"REST"},{"data":"Defragment","floor":30,"key":"SMITH"},{"data":"Capacitor","floor":32,"key":"SMITH"}],"circlet_count":0,"master_deck":["AscendersBane","Strike_B","Strike_B","Defend_B","Defend_B","Defend_B","Zap+1","Dualcast","Defragment+1","Glacier+1","Tempest","Reinforced Body+1","Loop+1","Lockon","Rainbow+1","Compile Driver","Doom and Gloom","Capacitor+1","Defragment+1","Thunder Strike"],"relics":["Velvet Choker","Singing Bowl","Omamori","Bag of Preparation","Busted Crown","War Paint","NlothsMask","MawBank","Anchor","Membership Card","Sozu","Prayer Wheel"],"acts_visited":["Exordium","TheCity","TheBeyond"],"potions_floor_usage":[23,28,28,28],"damage_taken":[{"damage":0.0,"enemies":"2 Louse","floor":1.0,"turns":4.0},{"damage":7.0,"enemies":"Jaw Worm","floor":3.0,"turns":3.0},{"damage":0.0,"enemies":"Small Slimes","floor":5.0,"turns":3.0},{"damage":2.0,"enemies":"Lagavulin","floor":6.0,"turns":8.0},{"damage":3.0,"enemies":"Blue Slaver","floor":10.0,"turns":3.0},{"damage":0.0,"enemies":"Exordium Wildlife","floor":14.0,"turns":4.0},{"damage":12.0,"enemies":"Hexaghost","floor":16.0,"turns":15.0},{"damage":20.0,"enemies":"3 Byrds","floor":18.0,"turns":5.0},{"damage":1.0,"enemies":"Shell Parasite","floor":20.0,"turns":3.0},{"damage":20,"enemies":"Gremlin Leader","floor":23,"turns":6},{"damage":14,"enemies":"3 Cultists","floor":25,"turns":4},{"damage":14,"enemies":"Slavers","floor":28,"turns":4},{"damage":6,"enemies":"Snecko","floor":31,"turns":5},{"damage":26,"enemies":"Collector","floor":33,"turns":9},{"damage":16,"enemies":"3 Darklings","floor":35,"turns":5},{"damage":0,"enemies":"3 Shapes","floor":36,"turns":5},{"damage":55,"enemies":"2 Orb Walkers","floor":37,"turns":6},{"damage":17,"enemies":"Sphere and 2 Shapes","floor":38,"turns":3}],"seed_played":"423026883297031123","potions_obtained":[{"floor":1.0,"key":"SteroidPotion"},{"floor":6.0,"key":"EssenceOfDarkness"},{"floor":10.0,"key":"Weak Potion"},{"floor":16.0,"key":"Weak Potion"},{"floor":25,"key":"DistilledChaos"},{"floor":28,"key":"Fruit Juice"}],"is_trial":false,"path_per_floor":["M","?","M","$","M","E","R","?","T","M","?","$","R","M","R","B",null,"M","$","M","?","?","E","R","M","T","R","E","$","R","M","R","B",null,"M","M","?","M"],"character_chosen":"DEFECT","items_purchased":["Tempest","Loop","Doom and Gloom","Membership Card","Defragment"],"campfire_rested":2,"item_purchase_floors":[4,12,19,29,29],"current_hp_per_floor":[64,59,52,52,52,52,52,52,52,51,51,51,51,51,51,39,66,46,46,47,47,47,29,52,38,38,61,54,54,54,50,50,24,72,58,60,7,0,0],"gold":203,"neow_bonus":"BOSS_RELIC","is_daily":false,"chose_seed":false,"campfire_upgraded":5,"win_rate":0.0,"timestamp":1612119240,"path_taken":["M","?","M","$","M","E","R","?","T","?","?","$","R","M","R","BOSS","M","$","M","?","?","E","R","M","T","R","E","$","R","?","R","BOSS","M","M","?","M"],"items_purchased_type":["Card","Card","Card","Relic","Card"],"build_version":"2020-12-22","purchased_purges":3,"victory":false,"max_hp_per_floor":[71,71,71,71,71,73,73,73,73,75,75,75,75,75,75,75,75,75,75,77,77,77,79,79,79,79,79,86,86,86,88,88,88,88,90,92,94,94,94],"relic_stats":{"Sozu":2,"Busted Crown":22,"Singing Bowl":18,"counters":[18,94],"Prayer Wheel":0,"Bag of Preparation":[28],"War Paint":["Rainbow","Glacier"],"MawBank":72,"obtain_stats":[{"Singing Bowl":2,"Velvet Choker":0,"Omamori":6,"Bag of Preparation":9,"War Paint":21,"MawBank":23,"Sozu":34,"Anchor":28,"Busted Crown":17,"Prayer Wheel":37,"Membership Card":29,"Cracked Core":0,"NlothsMask":22},{"Singing Bowl":1,"Velvet Choker":0,"Omamori":4,"Bag of Preparation":4,"War Paint":9,"MawBank":10,"Sozu":14,"Anchor":12,"Busted Crown":7,"Prayer Wheel":17,"Membership Card":12,"Cracked Core":0,"NlothsMask":9},{"Singing Bowl":4,"Velvet Choker":0,"Omamori":18,"Bag of Preparation":18,"War Paint":48,"MawBank":54,"Sozu":76,"Anchor":62,"Busted Crown":40,"Prayer Wheel":91,"Membership Card":62,"Cracked Core":0,"NlothsMask":48}]},"card_choices":[{"not_picked":["Steam","Stack"],"picked":"Defragment","floor":1.0},{"not_picked":["Ball Lightning","Chaos"],"picked":"Glacier","floor":3.0},{"not_picked":["Skim","Stack"],"picked":"Reinforced Body","floor":5.0},{"not_picked":["Ball Lightning","Go for the Eyes","Hologram"],"picked":"Singing Bowl","floor":6.0},{"not_picked":["Consume","Stack","Sweeping Beam"],"picked":"Singing Bowl","floor":10.0},{"not_picked":["Turbo","Coolheaded"],"picked":"Lockon","floor":14.0},{"not_picked":["Biased Cognition","Echo Form"],"picked":"Rainbow","floor":16.0},{"not_picked":[],"picked":"Compile Driver","floor":18.0},{"not_picked":["Cold Snap+1"],"picked":"Singing Bowl","floor":20},{"not_picked":["Stack"],"picked":"Singing Bowl","floor":23},{"not_picked":[],"picked":"Capacitor","floor":25},{"not_picked":["Rebound"],"picked":"Singing Bowl","floor":28},{"not_picked":["Barrage"],"picked":"Singing Bowl","floor":31},{"not_picked":[],"picked":"Thunder Strike","floor":33},{"not_picked":["Stack+1"],"picked":"Singing Bowl","floor":35},{"not_picked":["Aggregate"],"picked":"Singing Bowl","floor":36},{"not_picked":["White Noise"],"picked":"Singing Bowl","floor":37}],"player_experience":1328212,"relics_obtained":[{"floor":6.0,"key":"Omamori"},{"floor":9.0,"key":"Bag of Preparation"},{"floor":23,"key":"MawBank"},{"floor":28,"key":"Anchor"},{"floor":37,"key":"Prayer Wheel"}],"event_choices":[{"damage_healed":0.0,"max_hp_gain":0.0,"max_hp_loss":0.0,"gold_gain":0.0,"event_name":"Scrap Ooze","player_choice":"Success","floor":2.0,"gold_loss":0.0,"damage_taken":5.0,"relics_obtained":["Singing Bowl"]},{"damage_healed":0.0,"max_hp_gain":0.0,"max_hp_loss":0.0,"gold_gain":0.0,"event_name":"Living Wall","player_choice":"Grow","floor":8.0,"gold_loss":0.0,"damage_taken":0.0,"cards_upgraded":["Zap"]},{"damage_healed":0.0,"max_hp_gain":0.0,"max_hp_loss":0.0,"gold_gain":150.0,"event_name":"Liars Game","player_choice":"AGREE","floor":11.0,"gold_loss":0.0,"damage_taken":0.0,"cards_obtained":["Doubt"]},{"damage_healed":0,"gold_gain":0,"player_choice":"Stole Relic","damage_taken":0,"relics_obtained":["War Paint"],"max_hp_gain":0,"max_hp_loss":0,"event_name":"Addict","floor":21,"gold_loss":0,"cards_obtained":["Shame"]},{"damage_healed":0,"gold_gain":0,"player_choice":"Trade","damage_taken":0,"relics_obtained":["NlothsMask"],"max_hp_gain":0,"max_hp_loss":0,"event_name":"FaceTrader","floor":22,"gold_loss":0},{"damage_healed":0,"gold_gain":0,"player_choice":"Fight","damage_taken":0,"max_hp_gain":0,"max_hp_loss":0,"event_name":"Mysterious Sphere","floor":37,"gold_loss":0}],"is_beta":false,"boss_relics":[{"not_picked":["SacredBark","Black Star"],"picked":"Busted Crown"},{"not_picked":["Coffee Dripper","Tiny House"],"picked":"Sozu"}],"items_purged_floors":[12,19,29],"is_endless":false,"potions_floor_spawned":[1,6,10,16,20,25,28,35,37],"killed_by":"Sphere and 2 Shapes","ascension_level":15}}