{"host":"ocll6kdfqxraqtza","time":1612072253,"event":{"mods":["2.2 Compatiblity","Act Like it!","Aspiration","BaseMod","Better Third Choice","Gensokyo","Hallownest","Hermit","Hubris","Jorbs\u0027s Wanderer Trilogy","Luminous","Marisa（霧雨　魔理沙）","Minty Spire (QoL Compilation)","Reimu（博??梦）","Replay The Spire","Shade Mod","StSLib","The Alterego","The Bug Knight","The Cursed","The Hierophant","The Marked","The Runesmith","TheBandit","Wandering Minibosses"],"gold_per_floor":[112,112,130,21,21,46,46,46,95,110,120,164,164,164,164,164,164],"floor_reached":16,"language":"ENG","playtime":398,"items_purged":["theMarked:Strike"],"score":139,"play_id":"856672a6-a0ec-4242-8257-d1be7de7b65a","local_time":"20210131135053","is_ascension_mode":true,"campfire_choices":[{"data":"Unload","floor":8,"key":"SMITH"},{"data":"theMarked:Improvise","floor":15,"key":"SMITH"}],"circlet_count":0,"master_deck":["theMarked:Strike","theMarked:Strike","theMarked:Defend","theMarked:Defend","theMarked:Defend","theMarked:SoldierOfQuellstein","theMarked:PowerFlow","theMarked:OneWithTheBlade","theMarked:BanishingStrike+1","theMarked:Memento","ReplayTheSpireMod:Speed Training","Unload+1","Predator","theMarked:BanishingStrike","theMarked:Improvise+1","theMarked:Challenge"],"relics":["theMarked:ArtifactOfAir","NeowsBlessing","Regal Pillow","Pet Ghost","CeramicFish"],"acts_visited":["Gensokyo:Gensokyo"],"potions_floor_usage":[10],"damage_taken":[{"damage":0.0,"enemies":"Gensokyo:3_Fairies","floor":1.0,"turns":1.0},{"damage":0.0,"enemies":"Gensokyo:2_Kodama","floor":3.0,"turns":1.0},{"damage":0,"enemies":"Gensokyo:Mamizou","floor":6,"turns":2},{"damage":7,"enemies":"Gensokyo:Gryphon","floor":10,"turns":3},{"damage":0,"enemies":"Gensokyo:Python_and_Kodama","floor":11,"turns":3},{"damage":8,"enemies":"Gensokyo:Aya","floor":12,"turns":5},{"damage":58,"enemies":"Gensokyo:Reimu","floor":16,"turns":7}],"seed_played":"4498019672366873537","potions_obtained":[{"floor":1.0,"key":"Energy Potion"},{"floor":3.0,"key":"Milkshake"}],"is_trial":false,"path_per_floor":["M","?","M","$","?","E","?","R","T","M","M","E","T","?","R","B"],"character_chosen":"THE_DEFAULT","items_purchased":["theMarked:BanishingStrike+1"],"campfire_rested":0,"item_purchase_floors":[4],"current_hp_per_floor":[70,70,70,70,77,77,77,77,77,70,70,62,62,55,55,0,0],"gold":164,"neow_bonus":"THREE_ENEMY_KILL","is_daily":false,"chose_seed":false,"campfire_upgraded":2,"win_rate":0.0,"timestamp":1612072253,"path_taken":["M","?","M","$","?","E","?","R","T","?","M","E","?","?","R","BOSS"],"items_purchased_type":["Card"],"build_version":"2020-12-22","purchased_purges":1,"victory":false,"max_hp_per_floor":[70,70,70,70,77,77,77,77,77,77,77,77,77,77,77,77,77],"card_choices":[{"not_picked":["theMarked:Frustration","theMarked:Reabsorb"],"picked":"theMarked:PowerFlow","floor":1.0},{"not_picked":["theMarked:BanishingStrike","theMarked:MuscleMemory"],"picked":"theMarked:OneWithTheBlade","floor":3.0},{"not_picked":["theMarked:Frustration","theMarked:Convert"],"picked":"theMarked:Memento","floor":6},{"not_picked":["theMarked:CreepingChasm","theMarked:WastefulAttack"],"picked":"theMarked:BanishingStrike","floor":10},{"not_picked":["theMarked:AttractMetal","theMarked:RepellingDischarge"],"picked":"theMarked:Improvise","floor":11},{"not_picked":["theMarked:Generate","theMarked:ResourceFulStrike"],"picked":"theMarked:Challenge","floor":12}],"player_experience":488992,"relics_obtained":[{"floor":6,"key":"Regal Pillow"},{"floor":9,"key":"Pet Ghost"},{"floor":12,"key":"CeramicFish"}],"event_choices":[],"is_beta":false,"boss_relics":[],"items_purged_floors":[4],"is_endless":false,"potions_floor_spawned":[1,3],"killed_by":"Gensokyo:Reimu","ascension_level":1}}