{"host":"d73an99q9oevilk5","time":1612113251,"event":{"mods":["2.2 Compatiblity","AchievementEnabler","Act Like it!","Aspiration","BaseMod","Beaked The Cultist","Better Third Choice","BetterRewards","Colored Map","Colored Powertips","Conspire","Downfall","GifTheSpireLib","Halation","Hubris","Infinite Spire","Mimic Mod","Minty Spire (QoL Compilation)","Quick Restart","Relic Sorter","Reliquary","Replay The Spire","Shop Mod","Spikes Relics","StSLib","Stuff the Spire","The Cursed","The Necromancer","The Saiyan","Waifu the Spire","egg","slay the spire mod where everything is the same but ironclad has a cowboy hat"],"gold_per_floor":[119,145,145,155,155,155,155,182,182,202,202,32,32,42,42,142,142,160,171,171,171,86,86,86,86,96,96,122,68,79,79,105,105,105,105],"floor_reached":33,"language":"ENG","playtime":1110,"items_purged":[],"score":286,"play_id":"34c0bb35-4374-4c5f-94a8-71a742f77835","local_time":"20210131101411","is_ascension_mode":false,"campfire_choices":[{"data":"hexamod:VolcanoVisage","floor":6.0,"key":"SMITH"},{"data":"hexamod:EmpoweredFlame","floor":11.0,"key":"SMITH"},{"data":"hexamod:BurningTouch","floor":15.0,"key":"SMITH"},{"floor":25.0,"key":"REST"},{"floor":31.0,"key":"REST"}],"circlet_count":0,"master_deck":["hexamod:Strike","hexamod:Strike","hexamod:Strike","hexamod:Strike","hexamod:Defend","hexamod:Defend","hexamod:Defend","hexamod:Defend","hexamod:Sear","hexamod:Float","hexamod:PhantomCloak","hexamod:ThermalTransfer","hexamod:VolcanoVisage+1","hexamod:FirstSeal","hexamod:Firestarter","hexamod:EmpoweredFlame+1","hexamod:BurningTouch+1","hexamod:BurningTouch+1","hexamod:HexaLevel","hexamod:PhantomFireball+1","StuffTheSpire:Vigor","hexamod:GhostShield","hexamod:GhostShield","hexamod:GhostShield","hexamod:ExtraCrispy","hexamod:ShieldOfDarkness","hexamod:GhostflameBarrier+1"],"relics":["hexamod:SpiritBrand","StuffTheSpire:DarkSteelAnvil","Replay:Baseball","ZombieTooth","Orichalcum","Darkstone Periapt","hubris:MedicalManual","Quantum Egg","Membership Card","halation:LoveArrow","infinitespire:Lucky Rock","Art of War"],"acts_visited":["Exordium","TheCity"],"potions_floor_usage":[],"damage_taken":[{"damage":0.0,"enemies":"Cultist","floor":1.0,"turns":3.0},{"damage":0.0,"enemies":"Small Slimes","floor":4.0,"turns":3.0},{"damage":21.0,"enemies":"3 Sentries","floor":8.0,"turns":9.0},{"damage":0.0,"enemies":"Jaw Worm","floor":10.0,"turns":3.0},{"damage":19.0,"enemies":"Large Slime","floor":14.0,"turns":3.0},{"damage":22.0,"enemies":"The Guardian","floor":16.0,"turns":8.0},{"damage":43.0,"enemies":"2 Thieves","floor":18.0,"turns":4.0},{"damage":17.0,"enemies":"3 Byrds","floor":19.0,"turns":6.0},{"damage":19.0,"enemies":"Shelled Parasite and Fungi","floor":26.0,"turns":3.0},{"damage":0.0,"enemies":"Snake Plant","floor":30.0,"turns":6.0},{"damage":35.0,"enemies":"Gremlin Leader","floor":32.0,"turns":7.0},{"damage":15,"enemies":"conspire:MimicChest","floor":33,"turns":5}],"seed_played":"-8297718013804624159","potions_obtained":[{"floor":14.0,"key":"AttackPotion"},{"floor":16.0,"key":"SkillPotion"},{"floor":18.0,"key":"Fire Potion"},{"floor":26.0,"key":"LiquidMemories"},{"floor":27.0,"key":"SkillPotion"},{"floor":27.0,"key":"EssenceOfSteel"}],"is_trial":false,"path_per_floor":["M","T","?","M","?","R","$","E","T","M","R","$","?","M","R","B",null,"M","M","?","?","?","PTL","PTL","R","M","?","T","$","M","R","E","?"],"character_chosen":"THE_SPIRIT","items_purchased":["hexamod:PhantomCloak","Replay:Baseball","Membership Card","hexamod:BurningTouch","hexamod:GhostShield","hexamod:ExtraCrispy"],"campfire_rested":2,"item_purchase_floors":[0,0,12,12,29,29],"current_hp_per_floor":[70,70,70,70,63,63,63,49,49,56,56,56,56,44,44,22,70,27,17,17,17,17,17,17,38,19,19,19,19,26,47,12,0,0,0],"gold":105,"neow_bonus":"","is_daily":false,"chose_seed":false,"campfire_upgraded":3,"win_rate":0.0,"timestamp":1612113251,"path_taken":["M","?","?","M","?","R","$","E","T","M","R","$","?","M","R","BOSS","M","M","?","?","?","PTL","PTL","R","M","?","T","$","?","R","E","?"],"items_purchased_type":["Card","Relic","Relic","Card","Card","Card"],"build_version":"2020-12-22","purchased_purges":0,"victory":false,"max_hp_per_floor":[70,70,70,70,70,70,70,70,70,70,70,70,70,70,70,70,70,70,70,70,70,70,70,70,70,70,70,70,70,70,70,70,70,70,70],"card_choices":[{"not_picked":["hexamod:SkipABeat","hexamod:RadiantFlame"],"picked":"hexamod:ThermalTransfer","floor":1.0},{"not_picked":["hexamod:ThermalTransfer","hexamod:SpectersWail"],"picked":"hexamod:VolcanoVisage","floor":4.0},{"not_picked":["hexamod:HauntingEcho","hexamod:GhostShield"],"picked":"hexamod:Firestarter","floor":8.0},{"not_picked":["hexamod:WildfireWeapon","hexamod:Rewind"],"picked":"hexamod:EmpoweredFlame","floor":10.0},{"not_picked":["hexamod:ShieldOfDarkness","hexamod:PhantomCloak"],"picked":"hexamod:BurningTouch","floor":14.0},{"not_picked":["hexamod:SixthSeal","hexamod:ParanormalForm"],"picked":"hexamod:HexaLevel","floor":16.0},{"not_picked":["hexamod:Again","hexamod:HeatMetal"],"picked":"hexamod:PhantomFireball+1","floor":18.0},{"not_picked":["hexamod:ThirdSeal","hexamod:SpectralAdrenaline","hexamod:InspiringFlames"],"picked":"SKIP","floor":19.0},{"not_picked":["hexamod:BacktrackSmack","hexamod:SwordOfDarkness"],"picked":"hexamod:GhostShield","floor":26.0},{"not_picked":["hexamod:Haunt","hexamod:AdvancingGuard"],"picked":"hexamod:ShieldOfDarkness","floor":30.0},{"not_picked":["hexamod:Firestarter+1","hexamod:FastForward"],"picked":"hexamod:GhostflameBarrier+1","floor":32.0}],"player_experience":1809314,"relics_obtained":[{"floor":2.0,"key":"Orichalcum"},{"floor":3.0,"key":"Darkstone Periapt"},{"floor":8.0,"key":"hubris:MedicalManual"},{"floor":9.0,"key":"Quantum Egg"},{"floor":28.0,"key":"infinitespire:Lucky Rock"},{"floor":32.0,"key":"Art of War"}],"event_choices":[{"damage_healed":0.0,"max_hp_gain":0.0,"max_hp_loss":0.0,"gold_gain":0.0,"event_name":"Lab","player_choice":"Got Potions","floor":27.0,"gold_loss":0.0,"damage_taken":0.0}],"is_beta":false,"boss_relics":[{"not_picked":["StuffTheSpire:RunicConfusion","Fusion Hammer"],"picked":"halation:LoveArrow"}],"items_purged_floors":[],"is_endless":false,"potions_floor_spawned":[14,16,18,26],"killed_by":"conspire:MimicChest","ascension_level":0}}