{"host":"9l1knhxfturzliqa","time":1612066036,"event":{"mods":["BaseMod","Colored Map","Colored Powertips","DeckTracker","Highlight Path","Keyboard Shortcuts","Minty Spire (QoL Compilation)","Random Character Button"],"gold_per_floor":[111,131,131,131,306,320,353,162,189,189,206,206,206,267,267,364,364,376,286,186,206,224,257,257,283,283,283,313,330,330,347,347,445,445,459,469,469,483,210,240,240,260,338,0,32,32,45,59,59,59,59,59,59,91,91,91],"floor_reached":55,"language":"KOR","playtime":4448,"items_purged":["Strike_R","Carnage","Dark Embrace"],"score":988,"play_id":"7c3de500-c093-4eb2-adc6-6a7893779d48","local_time":"20210131130716","is_ascension_mode":true,"campfire_choices":[{"floor":10.0,"key":"REST"},{"data":"Entrench","floor":13.0,"key":"SMITH"},{"data":"Carnage","floor":15.0,"key":"SMITH"},{"data":"Berserk","floor":24.0,"key":"SMITH"},{"data":"Demon Form","floor":27.0,"key":"SMITH"},{"data":"Double Tap","floor":30.0,"key":"SMITH"},{"data":"Inflame","floor":32.0,"key":"SMITH"},{"floor":41.0,"key":"RECALL"},{"data":"Berserk","floor":46.0,"key":"SMITH"},{"data":"Madness","floor":49.0,"key":"SMITH"},{"data":"Madness","floor":52.0,"key":"SMITH"}],"circlet_count":0,"master_deck":["Bash","Cleave","Carnage+1","Headbutt","Entrench+1","Spot Weakness","Ghostly Armor","Demon Form+1","Inflame+1","Bludgeon","Berserk+1","Reaper","Iron Wave","Warcry","Rage+1","Sword Boomerang+1","Warcry+1","Double Tap+1","Berserk+1","Madness+1","Madness+1","Conserve Battery+1","Vengeance+1"],"relics":["Burning Blood","Incense Burner","Happy Flower","Magic Flower","Bag of Marbles","Omamori","Pandora\u0027s Box","Orichalcum","Ginger","Gremlin Horn","Red Skull","Busted Crown","PrismaticShard","MealTicket","Red Mask","Anchor","White Beast Statue"],"acts_visited":["Exordium","TheCity","TheBeyond","TheEnding"],"potions_floor_usage":[55],"damage_taken":[{"damage":2.0,"enemies":"Jaw Worm","floor":1.0,"turns":3.0},{"damage":3.0,"enemies":"2 Louse","floor":2.0,"turns":2.0},{"damage":1.0,"enemies":"Small Slimes","floor":6.0,"turns":2.0},{"damage":27.0,"enemies":"3 Sentries","floor":7.0,"turns":8.0},{"damage":0.0,"enemies":"Exordium Wildlife","floor":11.0,"turns":4.0},{"damage":8.0,"enemies":"Lagavulin Event","floor":14.0,"turns":6.0},{"damage":45.0,"enemies":"Hexaghost","floor":16.0,"turns":9.0},{"damage":0.0,"enemies":"Spheric Guardian","floor":18.0,"turns":3.0},{"damage":22.0,"enemies":"Chosen","floor":21.0,"turns":5.0},{"damage":23.0,"enemies":"Shelled Parasite and Fungi","floor":22.0,"turns":4.0},{"damage":23.0,"enemies":"Gremlin Leader","floor":23.0,"turns":5.0},{"damage":30.0,"enemies":"Slavers","floor":25.0,"turns":6.0},{"damage":26.0,"enemies":"Gremlin Leader","floor":28.0,"turns":6.0},{"damage":14.0,"enemies":"Snake Plant","floor":29.0,"turns":4.0},{"damage":0.0,"enemies":"Snecko","floor":31.0,"turns":3.0},{"damage":31.0,"enemies":"Collector","floor":33.0,"turns":6.0},{"damage":21.0,"enemies":"3 Shapes","floor":35.0,"turns":5.0},{"damage":29.0,"enemies":"3 Darklings","floor":36.0,"turns":5.0},{"damage":21.0,"enemies":"Sphere and 2 Shapes","floor":38.0,"turns":4.0},{"damage":26.0,"enemies":"Nemesis","floor":40.0,"turns":5.0},{"damage":0.0,"enemies":"Writhing Mass","floor":42.0,"turns":2.0},{"damage":13.0,"enemies":"Giant Head","floor":45.0,"turns":6.0},{"damage":9.0,"enemies":"Maw","floor":47.0,"turns":6.0},{"damage":6.0,"enemies":"Jaw Worm Horde","floor":48.0,"turns":5.0},{"damage":99.0,"enemies":"Awakened One","floor":50.0,"turns":9.0},{"damage":67.0,"enemies":"Shield and Spear","floor":54.0,"turns":5.0},{"damage":100,"enemies":"The Heart","floor":55,"turns":3}],"seed_played":"8336540834060469979","potions_obtained":[{"floor":6.0,"key":"ElixirPotion"},{"floor":7.0,"key":"LiquidBronze"},{"floor":14.0,"key":"Dexterity Potion"},{"floor":16.0,"key":"FearPotion"},{"floor":22.0,"key":"PowerPotion"},{"floor":23.0,"key":"SmokeBomb"},{"floor":25.0,"key":"ElixirPotion"},{"floor":28.0,"key":"Explosive Potion"},{"floor":31.0,"key":"EssenceOfSteel"},{"floor":35.0,"key":"SkillPotion"},{"floor":45.0,"key":"Explosive Potion"},{"floor":47.0,"key":"ColorlessPotion"},{"floor":54.0,"key":"SteroidPotion"}],"is_trial":false,"path_per_floor":["M","M","?","?","?","M","E","$","T","R","M","?","R","?","R","B",null,"M","?","$","M","M","E","R","E","T","R","E","M","R","M","R","B",null,"M","M","?","M","$","E","R","M","T","?","E","R","M","M","R","B",null,"R","$","E","B"],"character_chosen":"IRONCLAD","items_purchased":["Dark Embrace","Spot Weakness","PrismaticShard"],"campfire_rested":1,"item_purchase_floors":[8,8,39],"current_hp_per_floor":[55,58,42,30,30,35,14,14,14,38,47,52,52,53,53,17,68,77,77,77,73,68,74,74,85,85,85,85,80,80,85,85,63,80,85,76,65,85,85,68,68,77,77,77,85,85,85,85,85,33,72,72,85,64,0,0],"gold":91,"neow_bonus":"ONE_RARE_RELIC","is_daily":false,"chose_seed":false,"campfire_upgraded":9,"win_rate":0.0,"timestamp":1612066036,"path_taken":["M","M","?","?","?","M","E","$","T","R","?","?","R","?","R","BOSS","M","?","$","?","M","E","R","E","T","R","E","M","R","M","R","BOSS","M","M","?","M","$","E","R","M","T","?","E","R","M","M","R","BOSS","R","$","E","BOSS"],"items_purchased_type":["Card","Card","Relic"],"build_version":"2020-12-22","purchased_purges":3,"victory":false,"max_hp_per_floor":[80,80,80,80,80,80,80,80,80,80,80,85,85,85,85,85,85,85,85,85,85,85,85,85,85,85,85,85,85,85,85,85,85,85,85,85,85,85,85,85,85,85,85,85,85,85,85,85,85,85,85,85,85,85,85,85],"card_choices":[{"not_picked":["Sever Soul","Metallicize"],"picked":"Cleave","floor":1.0},{"not_picked":["Sword Boomerang","Warcry"],"picked":"Carnage","floor":2.0},{"not_picked":["Hemokinesis","Twin Strike"],"picked":"Headbutt","floor":6.0},{"not_picked":["Rupture","Armaments"],"picked":"Entrench","floor":7.0},{"not_picked":["Sentinel","Battle Trance"],"picked":"Ghostly Armor","floor":11.0},{"not_picked":["Exhume","Bludgeon"],"picked":"Demon Form","floor":16.0},{"not_picked":["Twin Strike","Cleave","Iron Wave"],"picked":"SKIP","floor":18.0},{"not_picked":["Sever Soul","Twin Strike"],"picked":"Sword Boomerang+1","floor":21.0},{"not_picked":["Anger","Hemokinesis"],"picked":"Warcry+1","floor":22.0},{"not_picked":["Disarm","Anger","Carnage"],"picked":"SKIP","floor":23.0},{"not_picked":["Disarm","Anger","Carnage"],"picked":"SKIP","floor":23.0},{"not_picked":["Flame Barrier+1","Havoc"],"picked":"Double Tap","floor":25.0},{"not_picked":["Shrug It Off","Pommel Strike","Havoc"],"picked":"SKIP","floor":28.0},{"not_picked":["Disarm","Spot Weakness","Headbutt"],"picked":"SKIP","floor":29.0},{"not_picked":["Disarm","Spot Weakness","Headbutt"],"picked":"SKIP","floor":29.0},{"not_picked":["Clothesline","Warcry","Uppercut"],"picked":"SKIP","floor":31.0},{"not_picked":["Clothesline","Warcry","Uppercut"],"picked":"SKIP","floor":31.0},{"not_picked":["Immolate","Impervious"],"picked":"Berserk","floor":33.0},{"not_picked":["Flame Barrier+1"],"picked":"SKIP","floor":35.0},{"not_picked":["Armaments"],"picked":"SKIP","floor":36.0},{"not_picked":["Infernal Blade"],"picked":"SKIP","floor":38.0},{"not_picked":["SignatureMove+1"],"picked":"SKIP","floor":40.0},{"not_picked":["SignatureMove+1"],"picked":"SKIP","floor":40.0},{"not_picked":["Meditate"],"picked":"SKIP","floor":42.0},{"not_picked":[],"picked":"Conserve Battery+1","floor":45.0},{"not_picked":[],"picked":"Vengeance+1","floor":47.0},{"not_picked":["Clash+1"],"picked":"SKIP","floor":48.0},{"not_picked":["Flex"],"picked":"SKIP","floor":54.0}],"player_experience":559984,"relics_obtained":[{"floor":7.0,"key":"Magic Flower"},{"floor":9.0,"key":"Bag of Marbles"},{"floor":14.0,"key":"Omamori"},{"floor":23.0,"key":"Orichalcum"},{"floor":25.0,"key":"Ginger"},{"floor":26.0,"key":"Gremlin Horn"},{"floor":28.0,"key":"Red Skull"},{"floor":40.0,"key":"MealTicket"},{"floor":45.0,"key":"Anchor"},{"floor":54.0,"key":"White Beast Statue"}],"event_choices":[{"damage_healed":0.0,"max_hp_gain":0.0,"max_hp_loss":0.0,"gold_gain":0.0,"event_name":"Shining Light","player_choice":"Entered Light","floor":3.0,"gold_loss":0.0,"damage_taken":16.0,"cards_upgraded":["Defend_R","Defend_R"]},{"damage_healed":0.0,"max_hp_gain":0.0,"max_hp_loss":0.0,"gold_gain":0.0,"event_name":"Scrap Ooze","player_choice":"Success","floor":4.0,"gold_loss":0.0,"damage_taken":12.0,"relics_obtained":["Happy Flower"]},{"damage_healed":0.0,"max_hp_gain":0.0,"max_hp_loss":0.0,"gold_gain":175.0,"event_name":"Liars Game","player_choice":"AGREE","floor":5.0,"gold_loss":0.0,"damage_taken":0.0,"cards_obtained":["Doubt"]},{"damage_healed":0.0,"max_hp_gain":5.0,"max_hp_loss":0.0,"gold_gain":0.0,"event_name":"Big Fish","player_choice":"Donut","floor":12.0,"gold_loss":0.0,"damage_taken":0.0},{"damage_healed":0.0,"max_hp_gain":0.0,"max_hp_loss":0.0,"gold_gain":30.0,"event_name":"Dead Adventurer","player_choice":"Searched \u00272\u0027 times","floor":14.0,"gold_loss":0.0,"damage_taken":0.0},{"cards_removed":["Doubt"],"damage_healed":0.0,"max_hp_gain":0.0,"max_hp_loss":0.0,"gold_gain":0.0,"event_name":"Designer","player_choice":"Upgrade and Remove","floor":19.0,"gold_loss":90.0,"damage_taken":0.0,"cards_upgraded":["Rage"]},{"damage_healed":0.0,"max_hp_gain":0.0,"max_hp_loss":0.0,"gold_gain":0.0,"event_name":"Winding Halls","player_choice":"Embrace Madness","floor":37.0,"gold_loss":0.0,"damage_taken":11.0,"cards_obtained":["Madness","Madness"]},{"damage_healed":0.0,"max_hp_gain":0.0,"max_hp_loss":0.0,"gold_gain":0.0,"event_name":"Tomb of Lord Red Mask","player_choice":"Paid","floor":44.0,"gold_loss":338.0,"damage_taken":0.0,"relics_obtained":["Red Mask"]}],"is_beta":false,"boss_relics":[{"not_picked":["Black Blood","Mark of Pain"],"picked":"Pandora\u0027s Box"},{"not_picked":["Calling Bell","Snecko Eye"],"picked":"Busted Crown"}],"items_purged_floors":[8,20,39],"is_endless":false,"potions_floor_spawned":[6,7,14,16,22,23,25,28,31,35,45,47,54],"killed_by":"The Heart","ascension_level":6}}