{"host":"KYO","time":1612057745,"event":{"mods":["ATMod(°¢èªMod)","BaseMod","Minty Spire (QoL Compilation)","Permanent Neow","Remove Card Discount Mod","Replay The Spire","Shop Mod","StSLib","SuperFastMode","TestMod","[IsaacMod]ÒÔÈö¼âËþ","¡¾ÒÅÎï¿¨ÅÆ¡¿REMEMod"],"gold_per_floor":[370,395,64,64,84,84,138,138,161,182,214,250,250,294,294,374,374,384,390,399,413,424,476,495,535,535,563,563,506,506,525,525,600,600,609,619,627,641,660,684,697,735,735,703,777,809,809,844,844,845,845,845,845,422,448,449],"floor_reached":57,"language":"ZHS","playtime":2958,"items_purged":["Strike_B","Defend_B","Defend_B","Strike_B","Strike_B","Defend_B","Strike_B","Dualcast","Defend_B","Amnesia","AT_Dispersion+1","Blizzard"],"score":3350,"play_id":"3f2add9d-02db-449e-99e0-20a0d7de4b26","local_time":"20210131094905","is_ascension_mode":true,"campfire_choices":[{"data":"AT_Dispersion","floor":6,"key":"SMITH"},{"data":"Coolheaded","floor":8,"key":"SMITH"},{"data":"Zap","floor":15,"key":"SMITH"},{"data":"Seek","floor":28,"key":"SMITH"},{"data":"ElectricPowerLearning","floor":30,"key":"SMITH"},{"floor":32,"key":"RECALL"},{"data":"ReplayTheSpireMod:System Scan","floor":47,"key":"SMITH"},{"data":"Skim","floor":49,"key":"SMITH"},{"data":"Undo","floor":53,"key":"SMITH"}],"circlet_count":0,"master_deck":["AscendersBane","Zap+1","Seek+1","Coolheaded+1","Skim+1","ElectricPowerLearning+1","ReplayTheSpireMod:System Scan+1","Undo+1"],"relics":["Cracked Core","HushsDoor","AT_ATBox","REME_ComplimentaryCards","testmod-TestBox","SalivaCoin","testmod-Charity","MerchantsRug","TheAbacus","Odd Mushroom","Replay:Ringing Soul","Garlic","testmod-DeterminationOfClimber","GuppysTail","CeramicFish","Du-Vu Doll","testmod-CasingShield","Lantern","testmod-StringDisintegrator","GuppysHairball","DeathBook","Ring of Peace","AT_GuinsooRageblade","PillsDrop","Replay:Towering Pillar of Hats","SteamSale","Pondfish Scales","AT_ArchangelStaff","testmod-Muramasa"],"acts_visited":["Exordium","TheCity","TheBeyond","TheEnding"],"potions_floor_usage":[11,16,56,56],"damage_taken":[{"damage":3.0,"enemies":"Cultist","floor":1.0,"turns":4.0},{"damage":3.0,"enemies":"Small Slimes","floor":2.0,"turns":5.0},{"damage":8,"enemies":"Jaw Worm","floor":5,"turns":3},{"damage":19,"enemies":"3 Sentries","floor":7,"turns":7},{"damage":1,"enemies":"2 Fungi Beasts","floor":10,"turns":4},{"damage":4,"enemies":"The Mushroom Lair","floor":11,"turns":3},{"damage":1,"enemies":"Lagavulin","floor":12,"turns":7},{"damage":10,"enemies":"Gremlin Nob","floor":14,"turns":4},{"damage":3,"enemies":"Slime Boss","floor":16,"turns":8},{"damage":0,"enemies":"Spheric Guardian","floor":18,"turns":1},{"damage":0,"enemies":"Chosen","floor":20,"turns":1},{"damage":0,"enemies":"Shelled Parasite and Fungi","floor":21,"turns":1},{"damage":0,"enemies":"Centurion and Healer","floor":22,"turns":2},{"damage":0,"enemies":"Slavers","floor":23,"turns":4},{"damage":0,"enemies":"3 Cultists","floor":24,"turns":2},{"damage":4,"enemies":"Gremlin Leader","floor":25,"turns":2},{"damage":0,"enemies":"Replay:Snechameleon","floor":27,"turns":1},{"damage":0,"enemies":"Cultist and Chosen","floor":31,"turns":1},{"damage":0,"enemies":"Pondfish","floor":33,"turns":2},{"damage":0,"enemies":"3 Shapes","floor":35,"turns":1},{"damage":0,"enemies":"Orb Walker","floor":36,"turns":1},{"damage":0,"enemies":"4 Shapes","floor":38,"turns":1},{"damage":0,"enemies":"3 Darklings","floor":39,"turns":1},{"damage":0,"enemies":"Nemesis","floor":40,"turns":1},{"damage":0,"enemies":"Writhing Mass","floor":41,"turns":1},{"damage":0,"enemies":"R_Hoarder","floor":42,"turns":7},{"damage":0,"enemies":"Reptomancer","floor":46,"turns":1},{"damage":0,"enemies":"Nemesis","floor":48,"turns":1},{"damage":0,"enemies":"Awakened One","floor":50,"turns":2},{"damage":0,"enemies":"Replay:Hell Engine","floor":51,"turns":2},{"damage":0,"enemies":"Shield and Spear","floor":55,"turns":1},{"damage":0,"enemies":"The Heart","floor":56,"turns":5}],"seed_played":"5077202049813378371","potions_obtained":[{"floor":5,"key":"DuplicationPotion"},{"floor":7,"key":"ColorlessPotion"},{"floor":12,"key":"Block Potion"},{"floor":14,"key":"FocusPotion"},{"floor":18,"key":"FocusPotion"},{"floor":39,"key":"FocusPotion"}],"is_trial":false,"path_per_floor":["M","M","$","?","M","R","E","R","T","M","?","E","T","E","R","B",null,"M","?","M","M","M","E","M","E","T","E","R","$","R","M","R","B",null,"M","M","?","M","M","E","M","E","T","$","?","E","R","E","R","B","B",null,"R","$","E","B",null],"character_chosen":"DEFECT","items_purchased":["MerchantsRug","TheAbacus","GuppysTail","Lantern","GuppysHairball","DeathBook","Flashbang","SteamSale","Pondfish Scales","AT_ArchangelStaff"],"campfire_rested":0,"item_purchase_floors":[3,3,17,29,34,34,44,54,54,54],"current_hp_per_floor":[47,47,47,88,82,82,68,68,69,70,68,69,69,62,62,64,91,106,74,104,129,152,165,174,202,202,218,218,221,221,237,237,271,251,259,268,272,280,289,303,316,228,228,231,218,245,245,274,274,351,494,494,494,494,512,547],"gold":449,"neow_bonus":"TWO_FIFTY_GOLD","is_daily":false,"chose_seed":false,"campfire_upgraded":8,"win_rate":0.0,"timestamp":1612057745,"path_taken":["M","?","$","?","M","R","E","R","T","M","?","E","?","E","R","BOSS","M","?","M","M","M","E","M","E","T","E","R","?","R","M","R","BOSS","M","?","?","M","M","E","M","E","T","$","?","E","R","E","R","BOSS","BOSS","R","$","E","BOSS"],"items_purchased_type":["Relic","Relic","Relic","Relic","Relic","Relic","Potion","Relic","Relic","Relic"],"build_version":"2020-12-18","purchased_purges":12,"victory":true,"max_hp_per_floor":[75,78,78,88,90,90,95,95,96,98,100,102,102,105,105,110,100,108,114,131,144,156,165,174,202,202,218,218,221,221,237,237,271,251,259,268,272,280,289,303,316,342,342,345,347,361,361,378,378,416,494,494,494,494,512,547],"card_choices":[{"not_picked":[],"picked":"SuicideKing","floor":0.0},{"not_picked":["Steam","ReplayGash","Steam Power"],"picked":"SKIP","floor":1.0},{"not_picked":["Compile Driver","Sweeping Beam"],"picked":"Coolheaded","floor":2.0},{"not_picked":["Sweeping Beam","AT_DarkMatter","Compile Driver"],"picked":"SKIP","floor":5},{"not_picked":["ReplaySort","Panic Button"],"picked":"Skim","floor":7},{"not_picked":["Panic Button","Streamline","Ball Lightning"],"picked":"SKIP","floor":10},{"not_picked":["Scrape","Steam","BasicCrystalCard"],"picked":"SKIP","floor":12},{"not_picked":["ReplaySort","REME_DataAnalysis","Sweeping Beam"],"picked":"SKIP","floor":14},{"not_picked":["Biased Cognition","Echo Form"],"picked":"ElectricPowerLearning","floor":16},{"not_picked":["Streamline","Steam","Sunder"],"picked":"SKIP","floor":18},{"not_picked":["Rebound+1","Steam"],"picked":"Blizzard","floor":20},{"not_picked":["Sweeping Beam+1","Gash","Lockon"],"picked":"SKIP","floor":21},{"not_picked":["Hello World+1","Heatsinks","Compile Driver"],"picked":"SKIP","floor":22},{"not_picked":["Auto Shields","Sweeping Beam","Streamline"],"picked":"SKIP","floor":23},{"not_picked":["Sweeping Beam","Go for the Eyes","Sunder"],"picked":"SKIP","floor":24},{"not_picked":["AT_HeatAcrobatics","Turbo","REME_SelfUpgrade"],"picked":"SKIP","floor":25},{"not_picked":["Ball Lightning","Hello World","White Noise+1"],"picked":"SKIP","floor":27},{"not_picked":["ReplayTheSpireMod:GoodbyeWorld","Aggregate+1"],"picked":"ReplayTheSpireMod:System Scan","floor":31},{"not_picked":["Sweeping Beam","REME_Whirling","Compile Driver"],"picked":"SKIP","floor":35},{"not_picked":["Chill","Recycle+1","Cold Snap+1"],"picked":"SKIP","floor":36},{"not_picked":["Steam","Cold Snap+1","Turbo"],"picked":"SKIP","floor":38},{"not_picked":["Panic Button","Gash","Steam"],"picked":"SKIP","floor":39},{"not_picked":["Double Energy","Loop+1","BasicCrystalCard"],"picked":"SKIP","floor":40},{"not_picked":["Distribution","REME_ForAll","Fan"],"picked":"SKIP","floor":41},{"not_picked":["Ball Lightning","Compile Driver+1","White Noise"],"picked":"SKIP","floor":42},{"not_picked":["Sweeping Beam","BasicCrystalCard","Conserve Battery"],"picked":"SKIP","floor":46},{"not_picked":["Undo","ReplayTheSpireMod:Repulse+1","Rebound+1"],"picked":"SKIP","floor":48},{"not_picked":["ReplayTheSpireMod:Repulse+1","Rebound+1"],"picked":"Undo","floor":48},{"not_picked":["ReplayRNGCard","Cold Snap","Rebound"],"picked":"SKIP","floor":55}],"player_experience":712576,"relics_obtained":[{"floor":7,"key":"Akabeko"},{"floor":11,"key":"Odd Mushroom"},{"floor":12,"key":"Ancient Tea Set"},{"floor":13,"key":"Replay:Ringing Soul"},{"floor":14,"key":"Garlic"},{"floor":23,"key":"CeramicFish"},{"floor":25,"key":"Strawberry"},{"floor":26,"key":"Du-Vu Doll"},{"floor":27,"key":"testmod-CasingShield"},{"floor":37,"key":"Ring of Peace"},{"floor":40,"key":"Happy Flower"},{"floor":42,"key":"REME_PuzzleBoxRelic"},{"floor":43,"key":"AT_GuinsooRageblade"},{"floor":46,"key":"PillsDrop"},{"floor":48,"key":"Replay:Towering Pillar of Hats"},{"floor":55,"key":"testmod-Muramasa"}],"event_choices":[{"cards_removed":["SuicideKing"],"damage_healed":31,"gold_gain":0,"player_choice":"Offered Rare","damage_taken":0,"max_hp_gain":10,"max_hp_loss":0,"event_name":"Bonfire Elementals","floor":4,"gold_loss":0},{"damage_healed":0,"gold_gain":0,"player_choice":"Fought Mushrooms","damage_taken":0,"max_hp_gain":0,"max_hp_loss":0,"event_name":"Mushrooms","floor":11,"gold_loss":0},{"damage_healed":0,"gold_gain":0,"player_choice":"Shed Blood","damage_taken":38,"max_hp_gain":5,"max_hp_loss":0,"event_name":"Forgotten Altar","floor":19,"gold_loss":0}],"is_beta":true,"boss_relics":[{"not_picked":["FrozenCore","REME_ChargedStone"],"picked":"testmod-DeterminationOfClimber"},{"not_picked":[]},{"not_picked":["testmod-CardMagician","Coffee Dripper"],"picked":"testmod-StringDisintegrator"},{"not_picked":[]}],"items_purged_floors":[3,3,3,3,3,3,29,29,29,44,44,44],"is_endless":false,"potions_floor_spawned":[5,7,12,14,18,21,23,38,39,48],"ascension_level":20}}