{"host":"nsc6ozq3atyrdr3m","time":1612094589,"event":{"mods":["BaseMod","Colored Map","Minty Spire (QoL Compilation)"],"gold_per_floor":[115,132,132,132,142,142,172,172,172,206,69,69,69,83,83,156,156,172,5,5,5,22,22,54,54,54,67,67,67],"floor_reached":28,"language":"FRA","playtime":468,"items_purged":[],"score":488,"play_id":"85f09c24-a167-4b60-9595-715b66829bbe","local_time":"20210131130309","is_ascension_mode":true,"campfire_choices":[{"data":"Sword Boomerang","floor":6,"key":"SMITH"},{"floor":8,"key":"REST"},{"floor":13,"key":"REST"},{"data":"Immolate","floor":15,"key":"SMITH"},{"floor":23,"key":"REST"}],"circlet_count":0,"master_deck":["AscendersBane","Strike_R+1","Strike_R+1","Strike_R+1","Strike_R+1","Strike_R+1","Defend_R+1","Defend_R+1","Defend_R+1","Defend_R+1","Bash","Cleave","Sword Boomerang+1","Pommel Strike","Heavy Blade","Spot Weakness","Thunderclap","Immolate+1","Immolate","Flex+1","Demon Form","Pommel Strike+1"],"relics":["Runic Dome","Question Card","Mummified Hand","Tiny Chest","Strawberry","Velvet Choker","Red Skull","Bottled Flame","StrikeDummy"],"acts_visited":["Exordium","TheCity"],"potions_floor_usage":[7,10,24,28],"damage_taken":[{"damage":0,"enemies":"2 Louse","floor":1,"turns":3},{"damage":5,"enemies":"Small Slimes","floor":2,"turns":3},{"damage":7,"enemies":"Jaw Worm","floor":5,"turns":2},{"damage":35,"enemies":"Lagavulin","floor":7,"turns":7},{"damage":15,"enemies":"3 Sentries","floor":10,"turns":6},{"damage":0,"enemies":"3 Louse","floor":14,"turns":2},{"damage":60,"enemies":"The Guardian","floor":16,"turns":7},{"damage":22,"enemies":"Spheric Guardian","floor":18,"turns":4},{"damage":13,"enemies":"3 Byrds","floor":22,"turns":2},{"damage":24,"enemies":"Gremlin Leader","floor":24,"turns":3},{"damage":15,"enemies":"Centurion and Healer","floor":27,"turns":2},{"damage":21,"enemies":"Book of Stabbing","floor":28,"turns":2}],"seed_played":"-7204835045934617384","potions_obtained":[{"floor":1,"key":"Energy Potion"},{"floor":2,"key":"DistilledChaos"},{"floor":10,"key":"SkillPotion"},{"floor":14,"key":"EssenceOfSteel"},{"floor":18,"key":"SteroidPotion"}],"is_trial":false,"path_per_floor":["M","M","?","$","M","R","E","R","T","E","$","?","R","M","R","B",null,"M","$","?","$","M","R","E","?","T","M","E"],"character_chosen":"IRONCLAD","items_purchased":["Spot Weakness","Thunderclap","Red Skull"],"campfire_rested":3,"item_purchase_floors":[11,11,19],"current_hp_per_floor":[68,63,52,52,45,45,10,32,32,24,24,51,75,75,75,15,65,43,43,43,43,30,54,30,30,30,15,0,0],"gold":67,"neow_bonus":"BOSS_RELIC","is_daily":false,"chose_seed":false,"campfire_upgraded":2,"win_rate":0.0,"timestamp":1612094589,"path_taken":["M","M","?","$","M","R","E","R","T","E","$","?","R","M","R","BOSS","M","$","?","$","M","R","E","?","T","M","E"],"items_purchased_type":["Card","Card","Relic"],"build_version":"2020-12-22","purchased_purges":0,"victory":false,"max_hp_per_floor":[75,75,75,75,75,75,75,75,75,82,82,82,82,82,82,82,82,82,82,82,82,82,82,82,82,82,82,82,82],"card_choices":[{"not_picked":["Power Through","Seeing Red"],"picked":"Cleave","floor":1},{"not_picked":["Wild Strike","Blood for Blood","Iron Wave"],"picked":"SKIP","floor":2},{"not_picked":["Burning Pact","Body Slam","Warcry"],"picked":"Sword Boomerang","floor":5},{"not_picked":["Flex","Clothesline","Rampage"],"picked":"Pommel Strike","floor":7},{"not_picked":["Cleave","Perfected Strike","Sentinel"],"picked":"Heavy Blade","floor":10},{"not_picked":["Flex","Warcry","Second Wind"],"picked":"Immolate","floor":14},{"not_picked":["Bludgeon","Barricade","Fiend Fire"],"picked":"Immolate","floor":16},{"not_picked":["Shrug It Off+1","Cleave","Twin Strike"],"picked":"Flex+1","floor":18},{"not_picked":["Power Through","Metallicize","Hemokinesis","Infernal Blade"],"picked":"SKIP","floor":22},{"not_picked":["Iron Wave+1","Flame Barrier+1","Warcry"],"picked":"Demon Form","floor":24},{"not_picked":["Anger","Body Slam","Iron Wave"],"picked":"Pommel Strike+1","floor":27}],"player_experience":365702,"relics_obtained":[{"floor":7,"key":"Mummified Hand"},{"floor":9,"key":"Tiny Chest"},{"floor":10,"key":"Strawberry"},{"floor":24,"key":"Bottled Flame"},{"floor":26,"key":"StrikeDummy"}],"event_choices":[{"damage_healed":0,"gold_gain":0,"player_choice":"Success","damage_taken":11,"relics_obtained":["Question Card"],"max_hp_gain":0,"max_hp_loss":0,"event_name":"Scrap Ooze","floor":3,"gold_loss":0},{"damage_healed":27,"gold_gain":0,"player_choice":"Banana","damage_taken":0,"max_hp_gain":0,"max_hp_loss":0,"event_name":"Big Fish","floor":12,"gold_loss":0},{"damage_healed":0,"gold_gain":0,"player_choice":"Ignored","damage_taken":0,"max_hp_gain":0,"max_hp_loss":0,"event_name":"Vampires","floor":20,"gold_loss":0},{"damage_healed":0,"gold_gain":0,"player_choice":"Simplicity","damage_taken":0,"max_hp_gain":0,"max_hp_loss":0,"event_name":"Back to Basics","floor":25,"gold_loss":0,"cards_upgraded":["Strike_R","Strike_R","Strike_R","Strike_R","Strike_R","Defend_R","Defend_R","Defend_R","Defend_R"]}],"is_beta":false,"boss_relics":[{"not_picked":["Runic Cube","Sozu"],"picked":"Velvet Choker"}],"items_purged_floors":[],"is_endless":false,"potions_floor_spawned":[1,2,10,14,18],"killed_by":"Book of Stabbing","ascension_level":20}}