{"host":"xb8s6f94jxtwitgf","time":1612102321,"event":{"mods":["Act Like it!","BaseMod","Better Third Choice","BetterRewards","GifTheSpireLib","Hubris","Minty Spire (QoL Compilation)","Reliquary","Remove Card Discount Mod","Spicy Shops","Spikes Relics","StSLib","TheSurvivalist"],"gold_per_floor":[112,129,141,155,230,230,259,259,338,364,389,420,432,476,488,595,607,635,675,687,402,418,418,433,451,451,451,486,486,446,459,459,559,559,575,575,38,260,279,279,279,279,302,61,91,109,135,135,135,135],"floor_reached":51,"language":"ENG","playtime":3340,"items_purged":["survmod:Strike","survmod:Defend","survmod:Strike","survmod:PenetratingShot","survmod:VersatileOffense","survmod:BendAndBow","survmod:Strike","survmod:AcidTrap","survmod:ExplosiveTrap+1","survmod:Defend"],"score":1091,"play_id":"bbc3783e-eada-471d-9a9d-72b777f22748","local_time":"20210131141201","is_ascension_mode":true,"campfire_choices":[{"data":"survmod:AcidTrap","floor":6.0,"key":"SMITH"},{"floor":8.0,"key":"REST"},{"data":"survmod:GoForFace","floor":13.0,"key":"SMITH"},{"data":"survmod:FlashbangTrap","floor":15.0,"key":"SMITH"},{"floor":23.0,"key":"REST"},{"data":"survmod:FenceTrap","floor":27.0,"key":"SMITH"},{"data":"survmod:MarkedFromAfar","floor":29.0,"key":"SMITH"},{"data":"survmod:Sprint","floor":32.0,"key":"SMITH"},{"data":"survmod:EscapeMechanism","floor":40.0,"key":"SMITH"},{"data":"survmod:MarkTrap","floor":42.0,"key":"SMITH"},{"data":"Madness","floor":49.0,"key":"SMITH"}],"circlet_count":0,"master_deck":["survmod:Strike+1","survmod:Defend","survmod:Defend+1","survmod:Sprint+1","survmod:AcidTrap+1","survmod:ShrapnelTraps","survmod:FlashbangTrap+1","survmod:MarkTrap+1","survmod:QuickDash","survmod:GoForFace+1","survmod:PoisonTrap","survmod:Detonation","survmod:GoForFace","survmod:FenceTrap+1","survmod:BatteringStrike","survmod:MarkedFromAfar+1","survmod:EscapeMechanism+1","survmod:NockAnArrow+1","survmod:NockAnArrow","survmod:Marksmanship","Finesse","Madness","Madness+1"],"relics":["survmod:AdvancedEvolution","Bronze Scales","reliquary:IridiumChain","BrokenLever","MawBank","RollingBoulder","Red Mask","Mummified Hand","Rawhide","Pocketwatch","hubris:Towel","Lee\u0027s Waffle","Omamori","hubris:Icosahedron","reliquary:Knoch","hubris:CrystalStatue","RoseTintedShades","Potion Belt"],"acts_visited":["Exordium","TheCity","TheBeyond"],"potions_floor_usage":[],"damage_taken":[{"damage":0.0,"enemies":"Jaw Worm","floor":1.0,"turns":3.0},{"damage":4.0,"enemies":"Cultist","floor":2.0,"turns":4.0},{"damage":0.0,"enemies":"2 Louse","floor":3.0,"turns":3.0},{"damage":3.0,"enemies":"Exordium Thugs","floor":4.0,"turns":4.0},{"damage":9.0,"enemies":"3 Sentries","floor":7.0,"turns":6.0},{"damage":4.0,"enemies":"Gremlin Nob","floor":10.0,"turns":4.0},{"damage":2.0,"enemies":"Looter","floor":11.0,"turns":3.0},{"damage":6.0,"enemies":"3 Louse","floor":12.0,"turns":3.0},{"damage":13.0,"enemies":"3 Sentries","floor":14.0,"turns":6.0},{"damage":1.0,"enemies":"The Guardian","floor":16.0,"turns":10.0},{"damage":11.0,"enemies":"2 Thieves","floor":18.0,"turns":5.0},{"damage":38.0,"enemies":"Masked Bandits","floor":19.0,"turns":5.0},{"damage":2.0,"enemies":"3 Byrds","floor":22.0,"turns":3.0},{"damage":1.0,"enemies":"Centurion and Healer","floor":24.0,"turns":4.0},{"damage":8.0,"enemies":"Shelled Parasite and Fungi","floor":25.0,"turns":5.0},{"damage":6.0,"enemies":"Book of Stabbing","floor":28.0,"turns":5.0},{"damage":0.0,"enemies":"3 Cultists","floor":31.0,"turns":2.0},{"damage":1.0,"enemies":"Champ","floor":33.0,"turns":10.0},{"damage":27.0,"enemies":"3 Shapes","floor":35.0,"turns":5.0},{"damage":0.0,"enemies":"Orb Walker","floor":39.0,"turns":3.0},{"damage":4.0,"enemies":"Reptomancer","floor":45.0,"turns":3.0},{"damage":0.0,"enemies":"Jaw Worm Horde","floor":46.0,"turns":4.0},{"damage":0.0,"enemies":"Giant Head","floor":47.0,"turns":4.0},{"damage":3,"enemies":"Time Eater","floor":50,"turns":5}],"seed_played":"-6168622300715699424","potions_obtained":[{"floor":2.0,"key":"SmokeBomb"},{"floor":7.0,"key":"CultistPotion"},{"floor":11.0,"key":"FearPotion"},{"floor":14.0,"key":"Block Potion"},{"floor":18.0,"key":"SteroidPotion"},{"floor":19.0,"key":"Fire Potion"},{"floor":24.0,"key":"Regen Potion"},{"floor":31.0,"key":"SneckoOil"},{"floor":39.0,"key":"Swift Potion"},{"floor":46.0,"key":"Fruit Juice"}],"is_trial":false,"path_per_floor":["M","M","M","M","?","R","E","R","T","E","M","M","R","E","R","B",null,"M","?","?","$","M","R","M","M","T","R","E","R","?","M","R","B",null,"M","?","$","?","M","R","?","R","T","$","E","M","E","?","R","B",null],"character_chosen":"THE_SURVIVOR","items_purchased":["Bronze Scales","survmod:AcidTrap","survmod:ShrapnelTraps","Fruit Juice","Fruit Juice","Mummified Hand","survmod:FenceTrap","Lee\u0027s Waffle","survmod:NockAnArrow","survmod:Marksmanship","Omamori","Finesse","hubris:CrystalStatue"],"campfire_rested":2,"item_purchase_floors":[0,0,0,0,0,21,21,37,37,37,37,37,44],"current_hp_per_floor":[45,41,41,38,32,32,23,41,41,37,35,29,29,16,16,15,62,51,13,13,13,11,29,28,34,34,34,28,28,28,28,28,27,62,35,35,69,69,69,69,69,69,69,69,65,65,70,61,61,58],"gold":135,"neow_bonus":"","is_daily":false,"chose_seed":false,"campfire_upgraded":9,"win_rate":0.0,"timestamp":1612102321,"path_taken":["M","M","M","M","?","R","E","R","T","E","M","M","R","E","R","BOSS","M","?","?","$","M","R","M","M","T","R","E","R","?","M","R","BOSS","M","?","$","?","M","R","?","R","T","$","E","M","E","?","R","BOSS"],"items_purchased_type":["Relic","Card","Card","Potion","Potion","Relic","Card","Relic","Card","Card","Relic","Card","Relic"],"build_version":"2020-12-22","purchased_purges":10,"victory":true,"max_hp_per_floor":[62,62,62,62,62,62,62,62,62,62,62,62,62,62,62,62,62,62,62,62,62,62,62,62,62,62,62,62,62,62,62,62,62,62,62,62,69,69,69,69,69,69,69,69,69,69,74,74,74,74],"card_choices":[{"not_picked":["survmod:OverexertingShot","survmod:Hawkeye"],"picked":"survmod:BendAndBow","floor":1.0},{"not_picked":["survmod:SimpleMutation","survmod:DuckAndFlare"],"picked":"survmod:FlashbangTrap","floor":2.0},{"not_picked":["survmod:HailOfArrows","survmod:DuckAndFlare","survmod:PenetratingShot"],"picked":"SKIP","floor":3.0},{"not_picked":["survmod:SwiftKick","survmod:FlareBarrage"],"picked":"survmod:MarkTrap","floor":4.0},{"not_picked":["survmod:OverexertingShot","survmod:BendAndBow"],"picked":"survmod:PenetratingShot","floor":7.0},{"not_picked":["survmod:CloseCall","survmod:FindCover"],"picked":"survmod:QuickDash","floor":10.0},{"not_picked":["survmod:SimpleMutation","survmod:VersatileDefense"],"picked":"survmod:GoForFace","floor":11.0},{"not_picked":["survmod:DuckAndFlare","survmod:VersatileDefense","survmod:QuickDash"],"picked":"SKIP","floor":12.0},{"not_picked":["survmod:AimForTheLiver","survmod:PinningSnipe"],"picked":"survmod:PoisonTrap","floor":14.0},{"not_picked":["survmod:ConcussiveShot","survmod:CloseCall"],"picked":"survmod:Detonation","floor":16.0},{"not_picked":["survmod:QuickDash+1","survmod:FlashbangTrap"],"picked":"survmod:GoForFace","floor":18.0},{"not_picked":["survmod:FlareBarrage","survmod:SkillfulManeuver"],"picked":"survmod:ExplosiveTrap+1","floor":22.0},{"not_picked":["survmod:FlareBarrage","survmod:KnowThyEnemy"],"picked":"survmod:AcidTrap","floor":24.0},{"not_picked":["survmod:RejectWeakness","survmod:FindCover"],"picked":"survmod:BatteringStrike","floor":25.0},{"not_picked":["survmod:FocusedFire","survmod:FlashbangTrap"],"picked":"survmod:MarkedFromAfar","floor":28.0},{"not_picked":["survmod:UnfortunateEscape+1","survmod:MarkTrap","survmod:TwinShot"],"picked":"SKIP","floor":31.0},{"not_picked":["survmod:MercifulShot","survmod:EmptyQuiver"],"picked":"survmod:EscapeMechanism","floor":33.0},{"not_picked":["survmod:TwinShot","survmod:WalledOffTraps"],"picked":"survmod:NockAnArrow+1","floor":35.0},{"not_picked":["survmod:SwiftKick+1","survmod:HailOfArrows+1","survmod:GoForFace"],"picked":"SKIP","floor":39.0},{"not_picked":["survmod:PersonalMark","survmod:BearTrap","survmod:QuickDash+1"],"picked":"SKIP","floor":45.0},{"not_picked":["survmod:DuckAndFlare+1","survmod:FocusedFire","survmod:SwiftKick"],"picked":"SKIP","floor":46.0},{"not_picked":["survmod:SkillfulManeuver","survmod:TwinShot","survmod:KnowThyEnemy"],"picked":"SKIP","floor":47.0}],"player_experience":986275,"relics_obtained":[{"floor":7.0,"key":"reliquary:IridiumChain"},{"floor":9.0,"key":"BrokenLever"},{"floor":10.0,"key":"MawBank"},{"floor":14.0,"key":"RollingBoulder"},{"floor":19.0,"key":"Red Mask"},{"floor":26.0,"key":"Rawhide"},{"floor":28.0,"key":"Pocketwatch"},{"floor":43.0,"key":"reliquary:Knoch"},{"floor":45.0,"key":"RoseTintedShades"},{"floor":47.0,"key":"Potion Belt"}],"event_choices":[{"damage_healed":0.0,"max_hp_gain":0.0,"max_hp_loss":0.0,"gold_gain":75.0,"event_name":"FaceTrader","player_choice":"Touch","floor":5.0,"gold_loss":0.0,"damage_taken":6.0},{"damage_healed":0.0,"max_hp_gain":0.0,"max_hp_loss":0.0,"gold_gain":0.0,"event_name":"Masked Bandits","player_choice":"Fought Bandits","floor":19.0,"gold_loss":0.0,"damage_taken":0.0},{"damage_healed":0.0,"max_hp_gain":0.0,"max_hp_loss":0.0,"gold_gain":0.0,"event_name":"Ghosts","player_choice":"Ignored","floor":20.0,"gold_loss":0.0,"damage_taken":0.0},{"damage_healed":0.0,"max_hp_gain":0.0,"max_hp_loss":0.0,"gold_gain":0.0,"event_name":"Designer","player_choice":"Upgraded Two","floor":30.0,"gold_loss":40.0,"damage_taken":0.0,"cards_upgraded":["survmod:Defend","survmod:Strike"]},{"damage_healed":0.0,"max_hp_gain":0.0,"max_hp_loss":0.0,"gold_gain":222.0,"event_name":"Tomb of Lord Red Mask","player_choice":"Wore Mask","floor":38.0,"gold_loss":0.0,"damage_taken":0.0},{"damage_healed":0.0,"max_hp_gain":0.0,"max_hp_loss":0.0,"gold_gain":0.0,"event_name":"Winding Halls","player_choice":"Embrace Madness","floor":48.0,"gold_loss":0.0,"damage_taken":9.0,"cards_obtained":["Madness","Madness"]}],"is_beta":false,"boss_relics":[{"not_picked":["Philosopher\u0027s Stone","reliquary:RedCape"],"picked":"survmod:AdvancedEvolution"},{"not_picked":["hubris:VirtuousBlindfold","Runic Pyramid","hubris:GrandSneckoEye"]}],"items_purged_floors":[0,0,37,37,37,37,37,37,37,37],"is_endless":false,"potions_floor_spawned":[2,7,11,14,18,19,24,31,39,46],"ascension_level":1}}