{"host":"tdq5vwehmzjlkkx3","time":1612066642,"event":{"mods":["2.2 Compatiblity","Act Like it!","Aspiration","Astrologer","BaseMod","Beaked The Cultist","Better Altar","Better Match","Better Note","Better Third Choice","BetterRewards","Clockwork Mod","Colored Map","Colorless Booster Pack","Conjunction","Conspire","Defuse TimeMaze Blight","Energized Spire","FetchMod","Friendly Minions","FruityMod","GifTheSpireLib","Glutton Mod","Gremlin Mod","Halation","Hallownest","Highlight Path","Hubris","Infinite Spire","Key Reminder","Lotus Mark","Mimic Mod","Minty Spire (QoL Compilation)","Pale of the Ancients","Random Character Button","Relic Stats","Replay The Spire","Reworked Bosses","SCP261 Mod","Small Relic Pack","StSLib","Stuff the Spire","The Bladedancer","The Clintock","The Construct","The Disciple","The Jungle","The Marked","The Mystic","The Servant","TheFirefly","Trackpad","Unceasing Turn Reminder","Wandering Minibosses"],"gold_per_floor":[115,115,115,115,115,147,147,159,159,172,172,26,44,44,44,142,142,158,0,0,0,33,33,68,115,138,169,169,169,203,259,259,303,303],"floor_reached":33,"language":"ENG","playtime":2182,"items_purged":["theMarked:Strike"],"score":338,"play_id":"b3fb99f4-f0d3-4011-b6f2-873a2a13f445","local_time":"20210130201722","is_ascension_mode":false,"campfire_choices":[{"data":"theMarked:SoldierOfQuellstein","floor":7,"key":"SMITH"},{"data":"theMarked:ElectricStrings","floor":11,"key":"SMITH"},{"data":"theMarked:BindingBlade","floor":15,"key":"SMITH"},{"data":"theMarked:AttractMetal","floor":23,"key":"SMITH"},{"data":"theMarked:Generate","floor":29,"key":"SMITH"},{"floor":32,"key":"REST"}],"circlet_count":0,"master_deck":["theMarked:Strike","theMarked:Strike","theMarked:Strike","theMarked:Defend","theMarked:Defend","theMarked:Defend","theMarked:Defend","theMarked:SoldierOfQuellstein+1","theMarked:ElectricStrings+1","theMarked:Defy","theMarked:BindingBlade+1","theMarked:HeightenedSenses","theMarked:Overcharge","theMarked:RogueSparks","theMarked:TakeOffHeels","theMarked:AttractMetal+1","infinitespire:Starlight","theMarked:GodGivenPower","theMarked:Generate+1","theMarked:Panic"],"relics":["theMarked:ArtifactOfAir","NeowsBlessing","halation:PinkSoulGem","aspiration:DSix","keyreminder:keyreminder","Akabeko","conspire:TreasureMap","Replay:Grab Bag","energizedSpire:MagnifyingGlass","energizedSpire:DeadBattery","aspiration:RitualDagger","infinitespire:Midas Blood","ReplayFunnel","Regal Pillow","StuffTheSpire:CocoNut"],"acts_visited":["Hallownest:Greenpath","TheCity"],"potions_floor_usage":[16,16,16,25,27,30,33],"damage_taken":[{"damage":0,"enemies":"Hallownest:2_Baldur","floor":1,"turns":1},{"damage":0,"enemies":"Hallownest:eliteVengeflyKing","floor":6,"turns":1},{"damage":0,"enemies":"Hallownest:monsterHuskGuard","floor":8,"turns":1},{"damage":0,"enemies":"2_ Uuma","floor":10,"turns":3},{"damage":0,"enemies":"Hallownest:Wandering_and_Horned","floor":13,"turns":3},{"damage":40,"enemies":"Hallownest:BossHornet","floor":16,"turns":11},{"damage":67,"enemies":"Chosen","floor":18,"turns":5},{"damage":22,"enemies":"conspire:FuzzyDice","floor":22,"turns":7},{"damage":40,"enemies":"Centurion and Healer","floor":24,"turns":8},{"damage":24,"enemies":"conspire:Head Lice","floor":25,"turns":8},{"damage":38,"enemies":"Snake Plant","floor":27,"turns":5},{"damage":44,"enemies":"Cultist and Chosen","floor":30,"turns":7},{"damage":34,"enemies":"Sentry and Sphere","floor":31,"turns":9},{"damage":144,"enemies":"bossMod:newChamp","floor":33,"turns":14}],"seed_played":"-3918269189852875885","potions_obtained":[{"floor":10,"key":"Explosive Potion"},{"floor":13,"key":"Doom Potion"},{"floor":22,"key":"conspire:TimeTravelPotion"},{"floor":24,"key":"AttackPotion"},{"floor":27,"key":"Weak Potion"},{"floor":30,"key":"Strength Potion"}],"is_trial":false,"path_per_floor":["M","?","?","?","?","E","R","M","T","M","R","$","M","?","R","B",null,"M","?","?","AVR","M","R","M","E","T","M","?","R","M","MIM","R_BF","B"],"character_chosen":"THE_DEFAULT","items_purchased":["conspire:TreasureMap"],"campfire_rested":1,"item_purchase_floors":[12],"current_hp_per_floor":[70,70,61,61,61,61,61,61,61,61,61,61,61,61,61,36,70,3,3,3,3,67,67,60,68,68,62,62,62,44,39,77,0,0],"gold":303,"neow_bonus":"THREE_ENEMY_KILL","is_daily":false,"chose_seed":false,"campfire_upgraded":5,"win_rate":0.0,"timestamp":1612066642,"path_taken":["M","?","?","?","?","E","R","?","T","M","R","$","M","?","R","BOSS","M","?","?","AVR","M","R","M","E","T","M","?","R","M","?","R_BF","BOSS"],"items_purchased_type":["Relic"],"build_version":"2020-12-22","purchased_purges":1,"victory":false,"max_hp_per_floor":[70,70,70,70,70,70,70,70,70,70,70,70,70,70,70,70,70,70,70,70,70,70,70,70,70,70,70,70,70,70,77,77,77,77],"relic_stats":{"Regal Pillow":15,"counters":[14,81],"obtain_stats":[{"ReplayFunnel":25,"conspire:TreasureMap":12,"Regal Pillow":26,"NeowsBlessing":0,"Replay:Grab Bag":17,"energizedSpire:DeadBattery":17,"Akabeko":9,"keyreminder:keyreminder":6,"theMarked:ArtifactOfAir":0,"StuffTheSpire:CocoNut":31,"energizedSpire:MagnifyingGlass":17,"aspiration:RitualDagger":17,"halation:PinkSoulGem":2,"aspiration:DSix":6,"infinitespire:Midas Blood":21},{"ReplayFunnel":10,"conspire:TreasureMap":4,"Regal Pillow":10,"NeowsBlessing":0,"Replay:Grab Bag":6,"energizedSpire:DeadBattery":6,"Akabeko":3,"keyreminder:keyreminder":2,"theMarked:ArtifactOfAir":0,"StuffTheSpire:CocoNut":13,"energizedSpire:MagnifyingGlass":6,"aspiration:RitualDagger":6,"halation:PinkSoulGem":1,"aspiration:DSix":2,"infinitespire:Midas Blood":7},{"ReplayFunnel":46,"conspire:TreasureMap":6,"Regal Pillow":46,"NeowsBlessing":0,"Replay:Grab Bag":19,"energizedSpire:DeadBattery":19,"Akabeko":3,"keyreminder:keyreminder":2,"theMarked:ArtifactOfAir":0,"StuffTheSpire:CocoNut":67,"energizedSpire:MagnifyingGlass":19,"aspiration:RitualDagger":19,"halation:PinkSoulGem":1,"aspiration:DSix":2,"infinitespire:Midas Blood":24}]},"card_choices":[{"not_picked":["theMarked:BanishingStrike","theMarked:Improvise"],"picked":"theMarked:ElectricStrings","floor":1},{"not_picked":["theMarked:TakeCover","theMarked:Parkour"],"picked":"theMarked:BindingBlade","floor":6},{"not_picked":["theMarked:ResourceFulStrike","theMarked:TakeCover"],"picked":"theMarked:HeightenedSenses","floor":8},{"not_picked":["theMarked:Frustration","theMarked:Reabsorb"],"picked":"theMarked:Overcharge","floor":10},{"not_picked":["theMarked:WastefulAttack","theMarked:Aftermath"],"picked":"theMarked:RogueSparks","floor":13},{"not_picked":["theMarked:BindingBlade","theMarked:FavorableWinds"],"picked":"theMarked:TakeOffHeels","floor":16},{"not_picked":["theMarked:Opportunist","theMarked:OneWithTheBlade+1"],"picked":"theMarked:AttractMetal","floor":18},{"not_picked":["theMarked:TakeCover","theMarked:Memento","theMarked:Parkour"],"picked":"SKIP","floor":22},{"not_picked":["theMarked:Aftermath+1","theMarked:ChainLightning"],"picked":"theMarked:GodGivenPower","floor":24},{"not_picked":["theMarked:MysticalArsenal","theMarked:Electrocute+1"],"picked":"theMarked:Generate","floor":25},{"not_picked":["theMarked:ComboAttacks","theMarked:Improvise","theMarked:AttractMetal"],"picked":"SKIP","floor":27},{"not_picked":["theMarked:TwofoldDefense+1","theMarked:Aftermath","theMarked:Snap"],"picked":"SKIP","floor":30}],"player_experience":341009,"relics_obtained":[{"floor":6,"key":"aspiration:DSix"},{"floor":9,"key":"Akabeko"},{"floor":25,"key":"ReplayFunnel"},{"floor":26,"key":"Regal Pillow"},{"floor":31,"key":"StuffTheSpire:CocoNut"}],"event_choices":[{"damage_healed":0,"gold_gain":0,"player_choice":"Paid Fearfully","damage_taken":0,"max_hp_gain":0,"max_hp_loss":0,"event_name":"Masked Bandits","floor":19,"gold_loss":158},{"damage_healed":0,"gold_gain":0,"player_choice":"Read","damage_taken":0,"max_hp_gain":0,"max_hp_loss":0,"event_name":"The Library","floor":28,"gold_loss":0,"cards_obtained":["theMarked:Panic"]}],"is_beta":false,"boss_relics":[{"not_picked":["hubris:TerracottaHorce","Tiny House"],"picked":"Replay:Grab Bag"},{"not_picked":["halation:SmartPhone","conspire:SlowCooker"],"picked":"energizedSpire:MagnifyingGlass"},{"not_picked":["energizedSpire:EnergizedDie","aspiration:RandomNobGenerator"],"picked":"energizedSpire:DeadBattery"},{"not_picked":["halation:Yufonium","aspiration:IroncladSkillbook"],"picked":"aspiration:RitualDagger"}],"items_purged_floors":[21],"is_endless":false,"potions_floor_spawned":[10,13,22,24,27,30],"killed_by":"bossMod:newChamp","ascension_level":0}}