{"host":"ueu9p0h3qc1t2vnw","time":1612078943,"event":{"mods":["BaseMod","Colored Map","Downfall","Highlight Path","Minty Spire (QoL Compilation)","StSLib"],"gold_per_floor":[99,110,110,121,271,300,300,300,311,211,230,230,260,276,290,290,290,290],"floor_reached":16,"language":"ENG","playtime":1319,"items_purged":[],"score":127,"play_id":"cb6115a8-4a1d-461c-827a-a35d4c932cfa","local_time":"20210130224223","is_ascension_mode":false,"campfire_choices":[{"floor":1,"key":"RECALL"},{"data":"Guardian:SentryBeam","floor":10,"key":"SMITH"},{"data":"Guardian:ExploitGems","floor":12,"key":"SMITH"}],"circlet_count":0,"master_deck":["Guardian:Strike_Guardian","Guardian:Strike_Guardian","Guardian:Strike_Guardian","Guardian:Strike_Guardian","Guardian:Defend_Guardian","Guardian:Defend_Guardian","Guardian:Defend_Guardian","Guardian:Defend_Guardian","Guardian:CurlUp","Guardian:TwinSlam","Finesse","Guardian:ChargeUp","Finesse","Guardian:Recover","downfall:Icky","Guardian:SentryBeam+1","Guardian:ExploitGems+1","Guardian:Gem_White","Guardian:SpikerProtocol","Guardian:Gem_Blue"],"relics":["Guardian:ModeShifter","Blood Vial","Gremlin Horn","downfall:HeartBlessingRed","Odd Mushroom"],"acts_visited":["Exordium"],"potions_floor_usage":[6,16],"damage_taken":[{"damage":0,"enemies":"2 Louse","floor":2,"turns":3},{"damage":0,"enemies":"Cultist","floor":4,"turns":3},{"damage":0,"enemies":"Lagavulin","floor":6,"turns":9},{"damage":9,"enemies":"Jaw Worm","floor":9,"turns":4},{"damage":0,"enemies":"2 Fungi Beasts","floor":11,"turns":3},{"damage":9,"enemies":"The Mushroom Lair","floor":13,"turns":5},{"damage":7,"enemies":"Blue Slaver","floor":14,"turns":3},{"damage":0,"enemies":"Large Slime","floor":15,"turns":6},{"damage":75,"enemies":"SI_SHIV_ARCHETYPE","floor":16,"turns":10}],"seed_played":"-6954016893500355373","potions_obtained":[{"floor":2,"key":"ColorlessPotion"},{"floor":4,"key":"DuplicationPotion"},{"floor":11,"key":"Fire Potion"}],"is_trial":false,"path_per_floor":["R","M","?","M","?","E","T","?","M","R","M","R","?","M","M","B"],"character_chosen":"GUARDIAN","items_purchased":[],"campfire_rested":0,"item_purchase_floors":[],"current_hp_per_floor":[80,80,80,80,80,80,80,85,76,76,78,78,71,66,68,0,0,0],"gold":290,"neow_bonus":"RANDOM_COLORLESS","is_daily":false,"chose_seed":false,"campfire_upgraded":2,"win_rate":0.0,"timestamp":1612078943,"path_taken":["R","M","?","?","?","E","T","?","M","R","M","R","?","M","M","BOSS"],"items_purchased_type":[],"build_version":"2020-12-22","purchased_purges":0,"victory":false,"max_hp_per_floor":[80,80,80,80,80,80,80,85,85,85,85,85,85,85,85,85,85,85],"card_choices":[{"not_picked":["Blind","Panacea"],"picked":"Finesse","floor":0},{"not_picked":["Guardian:RollAttack","Guardian:Reroute"],"picked":"Guardian:ChargeUp","floor":2},{"not_picked":["Guardian:Reroute","Guardian:Gem_Lightblue"],"picked":"Guardian:Recover","floor":4},{"not_picked":["Guardian:Recover","Guardian:WalkerClaw"],"picked":"Guardian:SentryBeam","floor":6},{"not_picked":["Guardian:CrystalBeam","Guardian:Incinerate","Guardian:ShieldCharger"],"picked":"SKIP","floor":9},{"not_picked":["Guardian:Gem_Cyan","Guardian:PrimingBeam"],"picked":"Guardian:ExploitGems","floor":11},{"not_picked":["Guardian:WalkerClaw","Guardian:TemporalStrike"],"picked":"Guardian:Gem_White","floor":13},{"not_picked":["Guardian:PiercingHide","Guardian:Reroute"],"picked":"Guardian:SpikerProtocol","floor":14},{"not_picked":["Guardian:Gem_Green","Guardian:Gem_Yellow"],"picked":"Guardian:Gem_Blue","floor":15}],"player_experience":870059,"relics_obtained":[{"floor":6,"key":"Blood Vial"},{"floor":7,"key":"Gremlin Horn"},{"floor":13,"key":"Odd Mushroom"}],"event_choices":[{"damage_healed":0,"gold_gain":0,"player_choice":"Donut","damage_taken":0,"max_hp_gain":5,"max_hp_loss":0,"event_name":"Big Fish","floor":8,"gold_loss":0},{"damage_healed":0,"gold_gain":0,"player_choice":"Fought Mushrooms","damage_taken":0,"max_hp_gain":0,"max_hp_loss":0,"event_name":"Mushrooms","floor":13,"gold_loss":0}],"is_beta":false,"boss_relics":[],"items_purged_floors":[],"is_endless":false,"potions_floor_spawned":[2,4,11],"killed_by":"SI_SHIV_ARCHETYPE","ascension_level":0}}