{"host":"3jhxjeq8h3mqaq9s","time":1612066878,"event":{"mods":["BaseMod","Bestiary","Colored Map","Highlight Path","Minty Spire (QoL Compilation)","Rare Cards Sparkle","Relic Stats","StSLib","everything is the same but u backflip on backflip","slay the spire mod where everything is the same but ironclad has a cowboy hat"],"gold_per_floor":[117,117,137,137,153,186,186,212,212,224,224,243,257,275,275,373,373,386,67,67,78,90,122,22,22,22,47,65,65,99,118,118,214,214,227,227,239,80,97,122,44,75,98,116,116,126,160,180,180,180,180,180,17,43,43],"floor_reached":56,"language":"ENG","playtime":2482,"items_purged":["Strike_P","Strike_P","Strike_P"],"score":1745,"play_id":"e0e6047d-1456-466a-b04d-8545b7551b41","local_time":"20210130232117","is_ascension_mode":true,"campfire_choices":[{"data":"SashWhip","floor":7.0,"key":"SMITH"},{"floor":15.0,"key":"REST"},{"floor":25.0,"key":"REST"},{"floor":29.0,"key":"RECALL"},{"floor":32.0,"key":"REST"},{"data":"Strike_P","floor":45.0,"key":"PURGE"},{"data":"Defend_P","floor":49.0,"key":"PURGE"},{"data":"PathToVictory","floor":52.0,"key":"PURGE"}],"circlet_count":0,"master_deck":["Defend_P","Defend_P","Defend_P","Eruption+1","Vigilance","BowlingBash","SashWhip+1","CutThroughFate","CutThroughFate+1","Protect","Tantrum+1","FlurryOfBlows+1","Ragnarok+1","Meditate+1","FlurryOfBlows+1","TalkToTheHand+1","TalkToTheHand+1","Ragnarok+1","WheelKick+1","WheelKick+1","Protect+1","ThirdEye+1","Ragnarok+1"],"relics":["PureWater","Bronze Scales","Molten Egg 2","Akabeko","Fusion Hammer","Pear","Bag of Preparation","Kunai","Tiny Chest","Pantograph","Snecko Eye","Shuriken","Peace Pipe","Vajra","Torii","Gremlin Horn"],"acts_visited":["Exordium","TheCity","TheBeyond","TheEnding"],"potions_floor_usage":[55],"damage_taken":[{"damage":7.0,"enemies":"Jaw Worm","floor":1.0,"turns":3.0},{"damage":1.0,"enemies":"2 Louse","floor":3.0,"turns":3.0},{"damage":0.0,"enemies":"Cultist","floor":5.0,"turns":2.0},{"damage":30.0,"enemies":"3 Sentries","floor":6.0,"turns":4.0},{"damage":25.0,"enemies":"Lagavulin","floor":8.0,"turns":7.0},{"damage":0.0,"enemies":"Blue Slaver","floor":10.0,"turns":2.0},{"damage":4.0,"enemies":"Red Slaver","floor":12.0,"turns":2.0},{"damage":10.0,"enemies":"Gremlin Gang","floor":13.0,"turns":4.0},{"damage":0.0,"enemies":"Blue Slaver","floor":14.0,"turns":1.0},{"damage":0.0,"enemies":"Slime Boss","floor":16.0,"turns":3.0},{"damage":3.0,"enemies":"Chosen","floor":18.0,"turns":3.0},{"damage":0.0,"enemies":"Shell Parasite","floor":21.0,"turns":1.0},{"damage":0.0,"enemies":"Sentry and Sphere","floor":22.0,"turns":2.0},{"damage":20.0,"enemies":"Book of Stabbing","floor":23.0,"turns":3.0},{"damage":11.0,"enemies":"Slavers","floor":27.0,"turns":3.0},{"damage":0.0,"enemies":"Chosen and Byrds","floor":28.0,"turns":3.0},{"damage":0.0,"enemies":"Gremlin Leader","floor":30.0,"turns":2.0},{"damage":14.0,"enemies":"Centurion and Healer","floor":31.0,"turns":2.0},{"damage":0.0,"enemies":"Champ","floor":33.0,"turns":5.0},{"damage":0.0,"enemies":"3 Darklings","floor":35.0,"turns":1.0},{"damage":0.0,"enemies":"Orb Walker","floor":37.0,"turns":2.0},{"damage":0.0,"enemies":"Jaw Worm Horde","floor":39.0,"turns":1.0},{"damage":0.0,"enemies":"Giant Head","floor":40.0,"turns":3.0},{"damage":12.0,"enemies":"Nemesis","floor":42.0,"turns":5.0},{"damage":1.0,"enemies":"Maw","floor":44.0,"turns":3.0},{"damage":0.0,"enemies":"Transient","floor":46.0,"turns":5.0},{"damage":4.0,"enemies":"Giant Head","floor":47.0,"turns":4.0},{"damage":6.0,"enemies":"Sphere and 2 Shapes","floor":48.0,"turns":3.0},{"damage":46.0,"enemies":"Awakened One","floor":50.0,"turns":6.0},{"damage":6.0,"enemies":"Shield and Spear","floor":54.0,"turns":2.0},{"damage":56,"enemies":"The Heart","floor":55,"turns":6}],"seed_played":"973242838033800689","potions_obtained":[{"floor":5.0,"key":"ColorlessPotion"},{"floor":8.0,"key":"Dexterity Potion"},{"floor":13.0,"key":"GamblersBrew"},{"floor":16.0,"key":"Block Potion"},{"floor":22.0,"key":"Weak Potion"},{"floor":30.0,"key":"LiquidMemories"},{"floor":33.0,"key":"Block Potion"},{"floor":40.0,"key":"FearPotion"},{"floor":54.0,"key":"SneckoOil"}],"is_trial":false,"path_per_floor":["M","?","M","?","M","E","R","E","T","M","?","M","M","M","R","B",null,"M","$","?","M","M","E","$","R","T","E","M","R","E","M","R","B",null,"M","?","M","$","M","E","$","E","T","M","R","M","E","M","R","B",null,"R","$","E","B",null],"character_chosen":"WATCHER","items_purchased":["Pear","WheelKick+1","LiquidMemories","Ragnarok+1"],"campfire_rested":3,"item_purchase_floors":[19,38,41,53],"current_hp_per_floor":[72,72,71,71,71,41,41,16,16,16,16,12,2,2,25,25,66,63,73,73,73,73,53,53,79,79,68,68,68,68,54,80,89,89,89,89,89,89,89,89,89,77,77,76,76,76,72,66,66,43,78,78,78,72,33],"gold":43,"neow_bonus":"TEN_PERCENT_HP_BONUS","is_daily":false,"chose_seed":false,"campfire_upgraded":1,"win_rate":0.0,"timestamp":1612066877,"path_taken":["M","?","M","?","M","E","R","E","T","M","?","M","M","M","R","BOSS","M","$","?","?","M","E","$","R","T","E","M","R","E","M","R","BOSS","M","?","M","$","?","E","$","E","T","M","R","M","E","?","R","BOSS","R","$","E","BOSS"],"items_purchased_type":["Relic","Card","Potion","Card"],"build_version":"2020-12-22","purchased_purges":3,"victory":true,"max_hp_per_floor":[79,79,79,79,79,79,79,79,79,79,79,79,79,79,79,79,79,79,89,89,89,89,89,89,89,89,89,89,89,89,89,89,89,89,89,89,89,89,89,89,89,89,89,89,89,89,89,89,89,89,89,89,89,89,89],"relic_stats":{"Peace Pipe":3,"Torii":0,"Gremlin Horn":[0,0],"counters":[31,96],"Shuriken":[31],"Bronze Scales":[231],"Pantograph":49,"Snecko Eye":[95,90,84,85],"Tiny Chest":0,"Bag of Preparation":[34],"Kunai":[41],"obtain_stats":[{"Pear":19,"Torii":47,"Gremlin Horn":54,"Vajra":42,"Bag of Preparation":23,"Akabeko":9,"Peace Pipe":40,"Shuriken":36,"Bronze Scales":6,"Pantograph":30,"Snecko Eye":34,"Molten Egg 2":8,"Tiny Chest":27,"Fusion Hammer":17,"Kunai":26,"PureWater":0},{"Pear":11,"Torii":27,"Gremlin Horn":30,"Vajra":24,"Bag of Preparation":14,"Akabeko":5,"Peace Pipe":23,"Shuriken":20,"Bronze Scales":4,"Pantograph":17,"Snecko Eye":19,"Molten Egg 2":5,"Tiny Chest":15,"Fusion Hammer":10,"Kunai":14,"PureWater":0},{"Pear":34,"Torii":79,"Gremlin Horn":90,"Vajra":67,"Bag of Preparation":40,"Akabeko":19,"Peace Pipe":62,"Shuriken":56,"Bronze Scales":12,"Pantograph":48,"Snecko Eye":55,"Molten Egg 2":19,"Tiny Chest":43,"Fusion Hammer":31,"Kunai":40,"PureWater":0}]},"card_choices":[{"not_picked":["FlyingSleeves","DeceiveReality"],"picked":"PathToVictory","floor":1.0},{"not_picked":["SashWhip","Halt"],"picked":"BowlingBash","floor":3.0},{"not_picked":["Swivel","FlyingSleeves"],"picked":"SashWhip","floor":5.0},{"not_picked":["ReachHeaven","MasterReality"],"picked":"CutThroughFate","floor":6.0},{"not_picked":["FlyingSleeves+1","Vengeance"],"picked":"CutThroughFate+1","floor":8.0},{"not_picked":["Worship","FollowUp+1","Collect"],"picked":"SKIP","floor":10.0},{"not_picked":["Adaptation","Crescendo"],"picked":"Protect","floor":12.0},{"not_picked":["Crescendo","Indignation"],"picked":"Tantrum+1","floor":13.0},{"not_picked":["Prostrate","BowlingBash+1"],"picked":"FlurryOfBlows+1","floor":14.0},{"not_picked":["Alpha","Vault"],"picked":"Ragnarok+1","floor":16.0},{"not_picked":["FollowUp+1","ReachHeaven+1"],"picked":"Meditate","floor":18.0},{"not_picked":["EmptyBody","Consecrate+1","Perseverance"],"picked":"SKIP","floor":21.0},{"not_picked":["Halt","Indignation","FlyingSleeves+1"],"picked":"SKIP","floor":22.0},{"not_picked":["SignatureMove+1","Evaluate+1"],"picked":"FlurryOfBlows+1","floor":23.0},{"not_picked":["JustLucky+1","EmptyBody"],"picked":"TalkToTheHand+1","floor":27.0},{"not_picked":["Sanctity","FlyingSleeves+1","SashWhip+1"],"picked":"SKIP","floor":28.0},{"not_picked":["CrushJoints+1","Scrawl"],"picked":"TalkToTheHand+1","floor":30.0},{"not_picked":["Crescendo","Prostrate","ReachHeaven+1"],"picked":"SKIP","floor":31.0},{"not_picked":["Vault","Blasphemy"],"picked":"Ragnarok+1","floor":33.0},{"not_picked":["Perseverance+1","JustLucky+1"],"picked":"WheelKick+1","floor":35.0},{"not_picked":["Crescendo","JustLucky+1","SignatureMove+1"],"picked":"SKIP","floor":37.0},{"not_picked":["CarveReality+1","FollowUp+1"],"picked":"Protect+1","floor":39.0},{"not_picked":["Vengeance+1","WheelKick+1"],"picked":"ThirdEye+1","floor":40.0},{"not_picked":["Sanctity","DeceiveReality","ClearTheMind+1"],"picked":"SKIP","floor":42.0},{"not_picked":["Nirvana","Prostrate","CarveReality+1"],"picked":"SKIP","floor":44.0},{"not_picked":["PathToVictory+1","FlyingSleeves+1","Meditate"],"picked":"SKIP","floor":46.0},{"not_picked":["Pray","Crescendo","ReachHeaven+1"],"picked":"SKIP","floor":47.0},{"not_picked":["Wireheading","Prostrate","CrushJoints+1"],"picked":"SKIP","floor":48.0},{"not_picked":["WaveOfTheHand+1","FollowUp+1","Nirvana"],"picked":"SKIP","floor":54.0}],"player_experience":2471042,"relics_obtained":[{"floor":6.0,"key":"Bronze Scales"},{"floor":8.0,"key":"Molten Egg 2"},{"floor":9.0,"key":"Akabeko"},{"floor":23.0,"key":"Bag of Preparation"},{"floor":26.0,"key":"Kunai"},{"floor":27.0,"key":"Tiny Chest"},{"floor":30.0,"key":"Pantograph"},{"floor":40.0,"key":"Peace Pipe"},{"floor":42.0,"key":"Vajra"},{"floor":47.0,"key":"Torii"},{"floor":54.0,"key":"Gremlin Horn"}],"event_choices":[{"damage_healed":0.0,"max_hp_gain":0.0,"max_hp_loss":0.0,"gold_gain":0.0,"event_name":"Living Wall","player_choice":"Grow","floor":2.0,"gold_loss":0.0,"damage_taken":0.0,"cards_upgraded":["Eruption"]},{"damage_healed":0.0,"max_hp_gain":0.0,"max_hp_loss":0.0,"gold_gain":0.0,"event_name":"Shining Light","player_choice":"Ignored","floor":4.0,"gold_loss":0.0,"damage_taken":0.0},{"damage_healed":0.0,"max_hp_gain":0.0,"max_hp_loss":0.0,"gold_gain":0.0,"event_name":"Dead Adventurer","player_choice":"Searched \u00270\u0027 times","floor":11.0,"gold_loss":0.0,"damage_taken":0.0},{"damage_healed":0.0,"max_hp_gain":0.0,"max_hp_loss":0.0,"gold_gain":0.0,"event_name":"Upgrade Shrine","player_choice":"Upgraded","floor":20.0,"gold_loss":0.0,"damage_taken":0.0,"cards_upgraded":["Meditate"]},{"damage_healed":0.0,"max_hp_gain":0.0,"max_hp_loss":0.0,"gold_gain":0.0,"event_name":"WeMeetAgain","player_choice":"Gave Potion","floor":36.0,"gold_loss":0.0,"damage_taken":0.0,"relics_obtained":["Shuriken"]}],"is_beta":false,"boss_relics":[{"not_picked":["Empty Cage","Calling Bell"],"picked":"Fusion Hammer"},{"not_picked":["Philosopher\u0027s Stone","Tiny House"],"picked":"Snecko Eye"}],"items_purged_floors":[19,24,38],"is_endless":false,"potions_floor_spawned":[5,8,13,16,22,30,31,33,40,42,44,46,54],"ascension_level":5}}