{"host":"ew66i0vuc7r9fnl7","time":1612115888,"event":{"mods":["Arknights","BaseMod","DeckTracker","Koishi","Minty Spire (QoL Compilation)","StSLib"],"gold_per_floor":[10,10,10,31,8,8,51,21,21,21,46,46,46,64,64,64,64],"floor_reached":16,"language":"KOR","playtime":786,"items_purged":[],"score":98,"play_id":"ee4c464b-9dd1-4a18-a4ea-37c1b547b28a","local_time":"20210201025808","is_ascension_mode":false,"campfire_choices":[{"data":"Koishi:JumpScare","floor":6,"key":"SMITH"},{"floor":10,"key":"REST"},{"data":"Koishi:HauntingSlash","floor":15,"key":"SMITH"}],"circlet_count":0,"master_deck":["Koishi:BasicStrike","Koishi:BasicStrike","Koishi:BasicStrike+1","Koishi:BasicDefend","Koishi:BasicDefend","Koishi:BasicDefend","Koishi:BasicDefend","Koishi:Provoke","Koishi:HauntingSlash+1","Koishi:HeartStoppingHorror","Koishi:JumpScare+1","Koishi:EmbersOfLove+1","Koishi:Catatonia","Koishi:ParalyzingFear"],"relics":["Koishi:ImaginaryFriend","Golden Idol","CeramicFish","Koishi:TeethAndClaws"],"acts_visited":["Exordium"],"potions_floor_usage":[16,16],"damage_taken":[{"damage":5,"enemies":"Jaw Worm","floor":1,"turns":6},{"damage":0,"enemies":"Small Slimes","floor":4,"turns":5},{"damage":32,"enemies":"3 Sentries","floor":7,"turns":23},{"damage":1,"enemies":"Cultist","floor":11,"turns":4},{"damage":1,"enemies":"Blue Slaver","floor":14,"turns":4},{"damage":29,"enemies":"Hexaghost","floor":16,"turns":11}],"seed_played":"1818180988195828590","potions_obtained":[{"floor":7,"key":"GamblersBrew"},{"floor":14,"key":"PowerPotion"}],"is_trial":false,"path_per_floor":["M","?","?","M","$","R","E","$","T","R","M","?","$","M","R","B"],"character_chosen":"KOISHI","items_purchased":["Koishi:JumpScare","Koishi:Catatonia"],"campfire_rested":1,"item_purchase_floors":[5,8],"current_hp_per_floor":[58,43,36,37,37,37,12,12,12,30,34,22,22,26,26,0,0],"gold":64,"neow_bonus":"THREE_RARE_CARDS","is_daily":false,"chose_seed":false,"campfire_upgraded":2,"win_rate":0.0,"timestamp":1612115888,"path_taken":["M","?","?","M","$","R","E","?","T","R","?","?","?","M","R","BOSS"],"items_purchased_type":["Card","Card"],"build_version":"2020-12-22","purchased_purges":0,"victory":false,"max_hp_per_floor":[60,60,60,60,60,60,60,60,60,60,60,60,60,60,60,60,60],"card_choices":[{"not_picked":["Koishi:RollingInRichesHeart","Koishi:SuperEgo"],"picked":"Koishi:HeartStoppingHorror","floor":0},{"not_picked":["Koishi:Jaunt","Koishi:UnansweredLove","Koishi:SubterraneanRose"],"picked":"SKIP","floor":1},{"not_picked":["Koishi:TraumaticStroke","Koishi:VengefulSpirit","Koishi:SpiritedAway"],"picked":"SKIP","floor":4},{"not_picked":["Koishi:BloodcurdlingScream","Koishi:SuperEgo"],"picked":"Koishi:EmbersOfLove","floor":7},{"not_picked":["Koishi:UnconsciousUprising","Koishi:VengefulSpirit"],"picked":"Koishi:ParalyzingFear","floor":11},{"not_picked":["Koishi:HeartfeltFancy","Koishi:Possession","Koishi:SprinkleStarAndHeart"],"picked":"SKIP","floor":14}],"player_experience":636196,"relics_obtained":[{"floor":7,"key":"CeramicFish"},{"floor":9,"key":"Koishi:TeethAndClaws"}],"event_choices":[{"damage_healed":0,"gold_gain":0,"player_choice":"Take Damage","damage_taken":15,"relics_obtained":["Golden Idol"],"max_hp_gain":0,"max_hp_loss":0,"event_name":"Golden Idol","floor":2,"gold_loss":0},{"cards_removed":["Koishi:BasicStrike"],"damage_healed":0,"gold_gain":0,"player_choice":"Card Removal","damage_taken":7,"max_hp_gain":0,"max_hp_loss":0,"event_name":"Golden Wing","floor":3,"gold_loss":0},{"damage_healed":0,"gold_gain":0,"player_choice":"Entered Light","damage_taken":12,"max_hp_gain":0,"max_hp_loss":0,"event_name":"Shining Light","floor":12,"gold_loss":0,"cards_upgraded":["Koishi:EmbersOfLove","Koishi:BasicStrike"]}],"is_beta":false,"boss_relics":[],"items_purged_floors":[],"is_endless":false,"potions_floor_spawned":[7,14],"killed_by":"Hexaghost","ascension_level":0}}