{"host":"xc18ixkpjvqrt8st","time":1612121373,"event":{"mods":["Act Like it!","BaseMod","Better Match","Better Third Choice","Conspire","Downfall","Hallownest","Hermit","Hubris","Infinite Spire","JesterMod","Minty Spire (QoL Compilation)","Reliquary","Replay The Spire","Robot Space Explorer","Shop Mod","Spicy Shops","Spire Arcade","StSLib","The Animator","The Edgeheg","The Jungle","The Marked","The Sage"],"gold_per_floor":[130,161,86,86,86,133,192,192,192],"floor_reached":8,"language":"ENG","playtime":331,"items_purged":[],"score":87,"play_id":"41b7bf16-6f6c-453d-96a9-d2019ed8d82a","local_time":"20210131132933","is_ascension_mode":true,"campfire_choices":[],"circlet_count":0,"master_deck":["animator:Strike_HitsugiNoChaika","animator:Defend_HitsugiNoChaika","animator:Strike","animator:Strike","animator:Strike","animator:Defend","animator:Defend","animator:Defend","animator:AcuraAkari","animator:Gillette","animator:AcuraTooru","animator:MumenRider","animator:Shuna","animator:Lu"],"relics":["animator:LivingPicture","animator:TheMissingPiece","NeowsBlessing","Bag of Preparation","Anchor","hubris:DisguiseKit"],"acts_visited":["Exordium"],"potions_floor_usage":[7],"damage_taken":[{"damage":0,"enemies":"Small Slimes","floor":1,"turns":1},{"damage":0,"enemies":"2 Louse","floor":2,"turns":1},{"damage":0,"enemies":"Gremlin Nob","floor":6,"turns":1},{"damage":38,"enemies":"Lagavulin Event","floor":7,"turns":9},{"damage":30,"enemies":"3 Sentries","floor":8,"turns":6}],"seed_played":"3035851512801348802","potions_obtained":[{"floor":2,"key":"LifebloodPotion"}],"is_trial":false,"path_per_floor":["M","M","$","?","?","E","?","E"],"character_chosen":"THE_ANIMATOR","items_purchased":["Bag of Preparation"],"campfire_rested":0,"item_purchase_floors":[3],"current_hp_per_floor":[66,66,66,66,66,66,28,0,0],"gold":192,"neow_bonus":"THREE_ENEMY_KILL","is_daily":false,"chose_seed":false,"campfire_upgraded":0,"win_rate":0.0,"timestamp":1612121373,"path_taken":["M","M","$","?","?","E","?","E"],"items_purchased_type":["Relic"],"build_version":"2020-12-22","purchased_purges":0,"victory":false,"max_hp_per_floor":[66,66,66,66,66,66,66,66,66],"card_choices":[{"not_picked":["animator:ZankiKiguchi","animator:Shion"],"picked":"animator:AcuraTooru","floor":1},{"not_picked":["animator:Tyuule","animator:SilverFang"],"picked":"animator:MumenRider","floor":2},{"not_picked":["animator:Guy","animator:Shion"],"picked":"animator:Shuna","floor":6},{"not_picked":["animator:Raven","animator:Rena"],"picked":"animator:Lu","floor":7}],"player_experience":687233,"relics_obtained":[{"floor":6,"key":"Anchor"},{"floor":7,"key":"hubris:DisguiseKit"}],"event_choices":[{"damage_healed":0,"gold_gain":0,"player_choice":"Leave","damage_taken":0,"max_hp_gain":0,"max_hp_loss":0,"event_name":"The Cleric","floor":4,"gold_loss":0},{"damage_healed":0,"gold_gain":0,"player_choice":"Disagree","damage_taken":0,"max_hp_gain":0,"max_hp_loss":0,"event_name":"conspire:LoneGhost","floor":5,"gold_loss":0},{"damage_healed":0,"gold_gain":0,"player_choice":"Searched \u00272\u0027 times","damage_taken":0,"max_hp_gain":0,"max_hp_loss":0,"event_name":"Dead Adventurer","floor":7,"gold_loss":0}],"is_beta":false,"boss_relics":[],"items_purged_floors":[],"is_endless":false,"potions_floor_spawned":[2],"killed_by":"3 Sentries","ascension_level":2}}