{"host":"kh6fvhxn285ncg0o","time":1612056534,"event":{"mods":["Act Like it!","BaseMod","Colored Map","Friendly Minions","Keyboard Shortcuts","Minty Spire (QoL Compilation)","Quick Restart","Relic Stats","StSLib","SuperFastMode","UnlockEverythingMod"],"gold_per_floor":[118,118,118,135,135,163,175,201,201,201,220,220,247,19,19,96,96,115,40,40,55,55,83,83,116,195,223,242,273,293,305,305,376,376,392,392,407,167,213,247,278,278,278,313,326,339,374,274,274,274,274,274,274,3,33,33],"floor_reached":57,"language":"KOR","playtime":1914,"items_purged":["Bash+1","Defend_R","Shockwave+1"],"score":3582,"play_id":"c264422d-550c-447c-bd48-30eb48568310","local_time":"20210131102854","is_ascension_mode":true,"campfire_choices":[{"data":"Defend_R","floor":10.0,"key":"PURGE"},{"floor":12.0,"key":"REST"},{"data":"Body Slam","floor":15.0,"key":"SMITH"},{"data":"Pommel Strike","floor":32,"key":"SMITH"},{"data":"Defend_R","floor":42,"key":"PURGE"},{"floor":49,"key":"RECALL"},{"data":"Parasite","floor":53,"key":"PURGE"}],"circlet_count":0,"master_deck":["AscendersBane","Defend_R+1","Battle Trance+1","Evolve","Second Wind","Body Slam+1","Seeing Red","Feel No Pain","Pommel Strike+1","Finesse","Shrug It Off+1","Impatience"],"relics":["Burning Blood","NeowsBlessing","Peace Pipe","Sundial","StrikeDummy","MealTicket","TheAbacus","Runic Dome","Whetstone","InkBottle","Mercury Hourglass","WingedGreaves","Du-Vu Doll","Empty Cage","Frozen Eye","Champion Belt","Bottled Lightning","StoneCalendar","Orichalcum","Shovel","Ornamental Fan"],"acts_visited":["Exordium","TheCity","TheBeyond","TheEnding"],"potions_floor_usage":[31,37,39,54,55,56,56],"damage_taken":[{"damage":0.0,"enemies":"2 Louse","floor":1.0,"turns":1.0},{"damage":0.0,"enemies":"Small Slimes","floor":4.0,"turns":1.0},{"damage":0.0,"enemies":"3 Sentries","floor":6.0,"turns":1.0},{"damage":4.0,"enemies":"Jaw Worm","floor":7.0,"turns":3.0},{"damage":22.0,"enemies":"Lagavulin","floor":8.0,"turns":6.0},{"damage":6.0,"enemies":"Looter","floor":11.0,"turns":3.0},{"damage":8.0,"enemies":"Gremlin Nob","floor":13.0,"turns":3.0},{"damage":32.0,"enemies":"Hexaghost","floor":16.0,"turns":6.0},{"damage":3.0,"enemies":"Chosen","floor":18.0,"turns":4.0},{"damage":7.0,"enemies":"2 Thieves","floor":21.0,"turns":4.0},{"damage":8,"enemies":"Book of Stabbing","floor":23,"turns":5},{"damage":18,"enemies":"Gremlin Leader","floor":25,"turns":5},{"damage":7,"enemies":"Book of Stabbing","floor":27,"turns":4},{"damage":8,"enemies":"Snake Plant","floor":28,"turns":3},{"damage":0,"enemies":"Gremlin Leader","floor":29,"turns":5},{"damage":4,"enemies":"Centurion and Healer","floor":30,"turns":4},{"damage":8,"enemies":"Sentry and Sphere","floor":31,"turns":3},{"damage":6,"enemies":"Collector","floor":33,"turns":6},{"damage":0,"enemies":"Orb Walker","floor":35,"turns":2},{"damage":0,"enemies":"3 Shapes","floor":37,"turns":2},{"damage":0,"enemies":"2 Orb Walkers","floor":39,"turns":2},{"damage":0,"enemies":"Nemesis","floor":40,"turns":3},{"damage":0,"enemies":"Giant Head","floor":41,"turns":2},{"damage":0,"enemies":"Reptomancer","floor":44,"turns":2},{"damage":0,"enemies":"Maw","floor":45,"turns":2},{"damage":0,"enemies":"Writhing Mass","floor":46,"turns":2},{"damage":0,"enemies":"Nemesis","floor":47,"turns":3},{"damage":0,"enemies":"Donu and Deca","floor":50,"turns":2},{"damage":5,"enemies":"Time Eater","floor":51,"turns":3},{"damage":0,"enemies":"Shield and Spear","floor":55,"turns":3},{"damage":6,"enemies":"The Heart","floor":56,"turns":6}],"seed_played":"-3367434379351968048","potions_obtained":[{"floor":1.0,"key":"PowerPotion"},{"floor":6.0,"key":"DuplicationPotion"},{"floor":13.0,"key":"DuplicationPotion"},{"floor":18.0,"key":"PowerPotion"},{"floor":21.0,"key":"BloodPotion"},{"floor":31,"key":"Swift Potion"},{"floor":33,"key":"Fruit Juice"},{"floor":37,"key":"AttackPotion"},{"floor":41,"key":"Weak Potion"},{"floor":44,"key":"Dexterity Potion"},{"floor":46,"key":"Fruit Juice"},{"floor":55,"key":"PowerPotion"}],"is_trial":false,"path_per_floor":["M","?","?","M","?","E","M","E","T","R","M","R","E","$","R","B",null,"M","?","?","M","?","E","?","E","T","E","M","E","M","M","R","B",null,"M","?","M","$","?","E","E","R","T","E","M","M","E","$","R","B","B",null,"R","$","E","B",null],"character_chosen":"IRONCLAD","items_purchased":["TheAbacus","Body Slam","Frozen Eye","BloodPotion","Impatience"],"campfire_rested":1,"item_purchase_floors":[14,14,38,54,54],"current_hp_per_floor":[74,51,51,57,50,56,58,42,42,42,42,64,62,75,75,49,69,72,72,72,71,71,69,69,57,57,56,54,60,62,75,75,75,75,75,65,76,80,80,80,80,80,80,80,80,80,80,80,80,80,80,80,77,82,82,82],"gold":33,"neow_bonus":"THREE_ENEMY_KILL","is_daily":false,"chose_seed":false,"campfire_upgraded":2,"win_rate":0.0,"timestamp":1612056534,"path_taken":["M","?","?","M","?","E","M","E","T","R","?","R","E","$","R","BOSS","M","?","?","M","?","E","?","E","T","E","M","E","M","M","R","BOSS","M","?","M","$","?","E","E","R","T","E","M","M","E","?","R","BOSS","BOSS","R","$","E","BOSS"],"items_purchased_type":["Relic","Card","Relic","Potion","Card"],"build_version":"2020-12-22","purchased_purges":3,"victory":true,"max_hp_per_floor":[75,75,75,75,75,75,75,75,75,75,75,75,75,75,75,75,75,75,75,75,75,75,75,75,75,75,75,75,75,75,75,75,75,75,75,75,80,80,80,80,80,80,80,80,80,80,80,80,80,80,80,80,77,82,82,82],"relic_stats":{"counters":[31,99],"StoneCalendar":[0],"Whetstone":["Strike_R","Bash"],"Orichalcum":[0],"Burning Blood":125,"Mercury Hourglass":[239],"Peace Pipe":4,"TheAbacus":[1482],"Shovel":0,"Sundial":[166],"Ornamental Fan":[32],"MealTicket":17,"Champion Belt":[8],"obtain_stats":[{"NeowsBlessing":0,"StoneCalendar":41,"Whetstone":23,"Orichalcum":44,"Empty Cage":34,"Burning Blood":0,"Mercury Hourglass":26,"Peace Pipe":6,"Du-Vu Doll":29,"Runic Dome":17,"Frozen Eye":38,"TheAbacus":14,"Shovel":47,"Sundial":8,"Ornamental Fan":55,"MealTicket":13,"WingedGreaves":27,"Champion Belt":39,"Bottled Lightning":40,"StrikeDummy":9,"InkBottle":25},{"NeowsBlessing":0,"StoneCalendar":23,"Whetstone":11,"Orichalcum":24,"Empty Cage":18,"Burning Blood":0,"Mercury Hourglass":12,"Peace Pipe":3,"Du-Vu Doll":15,"Runic Dome":8,"Frozen Eye":20,"TheAbacus":7,"Shovel":27,"Sundial":5,"Ornamental Fan":30,"MealTicket":7,"WingedGreaves":13,"Champion Belt":21,"Bottled Lightning":22,"StrikeDummy":5,"InkBottle":12},{"NeowsBlessing":0,"StoneCalendar":77,"Whetstone":37,"Orichalcum":79,"Empty Cage":66,"Burning Blood":0,"Mercury Hourglass":42,"Peace Pipe":3,"Du-Vu Doll":53,"Runic Dome":24,"Frozen Eye":70,"TheAbacus":18,"Shovel":86,"Sundial":12,"Ornamental Fan":93,"MealTicket":18,"WingedGreaves":45,"Champion Belt":72,"Bottled Lightning":75,"StrikeDummy":12,"InkBottle":42}],"InkBottle":[30]},"card_choices":[{"not_picked":["Perfected Strike","Warcry"],"picked":"Battle Trance","floor":1.0},{"not_picked":["Flex","Body Slam"],"picked":"Evolve","floor":6.0},{"not_picked":["Bludgeon","Body Slam","Clash"],"picked":"SKIP","floor":8.0},{"not_picked":["Anger","Perfected Strike","Heavy Blade"],"picked":"SKIP","floor":11.0},{"not_picked":["True Grit","Demon Form"],"picked":"Second Wind","floor":13.0},{"not_picked":["Evolve","Thunderclap+1","Twin Strike"],"picked":"SKIP","floor":18.0},{"not_picked":["Hemokinesis","Combust+1"],"picked":"Shockwave+1","floor":21.0},{"not_picked":["Perfected Strike","Sentinel"],"picked":"Seeing Red","floor":23},{"not_picked":["Rupture","Searing Blow","Bloodletting"],"picked":"SKIP","floor":25},{"not_picked":["Reckless Charge","Iron Wave"],"picked":"Feel No Pain","floor":27},{"not_picked":["Anger","Twin Strike","Sword Boomerang"],"picked":"SKIP","floor":28},{"not_picked":["Anger","Twin Strike","Sword Boomerang"],"picked":"SKIP","floor":28},{"not_picked":["Flex","Sentinel","Limit Break"],"picked":"SKIP","floor":29},{"not_picked":["Clash+1","Thunderclap"],"picked":"Pommel Strike","floor":30},{"not_picked":["Dropkick","Hemokinesis","Disarm"],"picked":"SKIP","floor":31},{"not_picked":["Dropkick","Hemokinesis","Disarm"],"picked":"SKIP","floor":31},{"not_picked":["True Grit+1","Headbutt","Iron Wave"],"picked":"SKIP","floor":35},{"not_picked":["Discovery","Dark Shackles"],"picked":"Finesse","floor":36},{"not_picked":["Anger","Disarm","Blood for Blood"],"picked":"SKIP","floor":37},{"not_picked":["Anger","Seeing Red"],"picked":"Shrug It Off+1","floor":39},{"not_picked":["Havoc","Spot Weakness","Flex"],"picked":"SKIP","floor":40},{"not_picked":["Ghostly Armor","Intimidate","Armaments"],"picked":"SKIP","floor":41},{"not_picked":["Anger","Carnage","True Grit+1"],"picked":"SKIP","floor":44},{"not_picked":["Entrench+1","Clothesline","Double Tap"],"picked":"SKIP","floor":45},{"not_picked":["Wild Strike","Spot Weakness","Anger"],"picked":"SKIP","floor":46},{"not_picked":["Disarm","Havoc","Twin Strike"],"picked":"SKIP","floor":47},{"not_picked":["Havoc","Feed","Body Slam"],"picked":"SKIP","floor":55}],"player_experience":1306257,"relics_obtained":[{"floor":6.0,"key":"Peace Pipe"},{"floor":8.0,"key":"Sundial"},{"floor":9.0,"key":"StrikeDummy"},{"floor":13.0,"key":"MealTicket"},{"floor":23,"key":"Whetstone"},{"floor":25,"key":"InkBottle"},{"floor":26,"key":"Mercury Hourglass"},{"floor":27,"key":"WingedGreaves"},{"floor":29,"key":"Du-Vu Doll"},{"floor":39,"key":"Champion Belt"},{"floor":40,"key":"Bottled Lightning"},{"floor":41,"key":"StoneCalendar"},{"floor":44,"key":"Orichalcum"},{"floor":47,"key":"Shovel"},{"floor":55,"key":"Ornamental Fan"}],"event_choices":[{"damage_healed":0.0,"max_hp_gain":0.0,"max_hp_loss":0.0,"gold_gain":0.0,"event_name":"Shining Light","player_choice":"Entered Light","floor":2.0,"gold_loss":0.0,"damage_taken":23.0,"cards_upgraded":["Strike_R","Defend_R"]},{"cards_removed":["Strike_R"],"damage_healed":0.0,"max_hp_gain":0.0,"max_hp_loss":0.0,"gold_gain":0.0,"event_name":"Living Wall","player_choice":"Forget","floor":3.0,"gold_loss":0.0,"damage_taken":0.0},{"cards_removed":["Strike_R"],"damage_healed":0.0,"max_hp_gain":0.0,"max_hp_loss":0.0,"gold_gain":0.0,"event_name":"Golden Wing","player_choice":"Card Removal","floor":5.0,"gold_loss":0.0,"damage_taken":7.0},{"cards_removed":["Strike_R"],"damage_healed":0.0,"max_hp_gain":0.0,"max_hp_loss":0.0,"gold_gain":0.0,"event_name":"Beggar","player_choice":"Gave Gold","floor":19.0,"gold_loss":75.0,"damage_taken":0.0},{"damage_healed":0.0,"max_hp_gain":0.0,"max_hp_loss":0.0,"gold_gain":0.0,"event_name":"The Mausoleum","player_choice":"Ignored","floor":20.0,"gold_loss":0.0,"damage_taken":0.0},{"damage_healed":0,"gold_gain":0,"player_choice":"Ignored","damage_taken":0,"max_hp_gain":0,"max_hp_loss":0,"event_name":"Cursed Tome","floor":22,"gold_loss":0},{"damage_healed":0,"gold_gain":0,"player_choice":"Forge","damage_taken":0,"max_hp_gain":0,"max_hp_loss":0,"event_name":"Accursed Blacksmith","floor":24,"gold_loss":0,"cards_upgraded":["Battle Trance"]},{"damage_healed":0,"gold_gain":0,"player_choice":"Memory 3","damage_taken":10,"max_hp_gain":0,"max_hp_loss":0,"event_name":"SensoryStone","floor":36,"gold_loss":0},{"damage_healed":0,"gold_gain":0,"player_choice":"Fight","damage_taken":0,"max_hp_gain":0,"max_hp_loss":0,"event_name":"Mysterious Sphere","floor":39,"gold_loss":0}],"is_beta":false,"boss_relics":[{"not_picked":["SlaversCollar","SacredBark"],"picked":"Runic Dome"},{"not_picked":["Busted Crown","Runic Pyramid"],"picked":"Empty Cage"}],"items_purged_floors":[38,48,54],"is_endless":false,"potions_floor_spawned":[1,6,13,18,21,31,33,37,41,44,45,46,55],"ascension_level":20}}