{"host":"r53pw7z744tg3fxg","time":1612104012,"event":{"mods":["AchievementEnabler","BaseMod","Colored Map","Colored Powertips","Highlight Path","Minty Spire (QoL Compilation)","Quick Restart","Transform Curses"],"gold_per_floor":[18,36,46,46,46,46,46,46],"floor_reached":7,"language":"ENG","playtime":580,"items_purged":[],"score":78,"play_id":"e0ca495e-bd59-4e56-99ec-e8ccda77f448","local_time":"20210131074012","is_ascension_mode":true,"campfire_choices":[{"data":"Eruption","floor":6,"key":"SMITH"}],"circlet_count":0,"master_deck":["AscendersBane","Strike_P","Strike_P","Strike_P","Strike_P","Defend_P","Defend_P","Defend_P","Defend_P","Eruption+1","Vigilance","Panache","Evaluate","LikeWater","Sanctity"],"relics":["PureWater","Omamori"],"acts_visited":["Exordium"],"potions_floor_usage":[3,3],"damage_taken":[{"damage":4,"enemies":"Jaw Worm","floor":1,"turns":4},{"damage":0,"enemies":"2 Louse","floor":2,"turns":2},{"damage":1,"enemies":"Small Slimes","floor":3,"turns":4},{"damage":61,"enemies":"3 Sentries","floor":7,"turns":12}],"seed_played":"2839844772766002178","potions_obtained":[{"floor":1,"key":"Swift Potion"},{"floor":2,"key":"Block Potion"}],"is_trial":false,"path_per_floor":["M","M","M","?","?","R","E"],"character_chosen":"WATCHER","items_purchased":[],"campfire_rested":0,"item_purchase_floors":[],"current_hp_per_floor":[57,57,56,56,51,51,0,0],"gold":46,"neow_bonus":"RANDOM_COLORLESS_2","is_daily":false,"chose_seed":false,"campfire_upgraded":1,"win_rate":0.0,"timestamp":1612104012,"path_taken":["M","M","M","?","?","R","E"],"items_purchased_type":[],"build_version":"2020-12-22","purchased_purges":0,"victory":false,"max_hp_per_floor":[68,68,68,68,68,68,68,68],"card_choices":[{"not_picked":["HandOfGreed","Master of Strategy"],"picked":"Panache","floor":0},{"not_picked":["WreathOfFlame","JustLucky"],"picked":"Evaluate","floor":1},{"not_picked":["Consecrate","FlurryOfBlows"],"picked":"LikeWater","floor":2},{"not_picked":["Adaptation","FlyingSleeves"],"picked":"Sanctity","floor":3}],"player_experience":1397440,"relics_obtained":[],"event_choices":[{"damage_healed":0,"gold_gain":0,"player_choice":"Leave","damage_taken":0,"max_hp_gain":0,"max_hp_loss":0,"event_name":"The Cleric","floor":4,"gold_loss":0},{"damage_healed":0,"gold_gain":0,"player_choice":"Success","damage_taken":5,"relics_obtained":["Omamori"],"max_hp_gain":0,"max_hp_loss":0,"event_name":"Scrap Ooze","floor":5,"gold_loss":0}],"is_beta":false,"boss_relics":[],"items_purged_floors":[],"is_endless":false,"potions_floor_spawned":[1,2],"killed_by":"3 Sentries","ascension_level":18}}