{"host":"61ejhfsushs0xmcl","time":1612093829,"event":{"mods":["ATMod(°¢èªMod)","Act Like it!","BaseMod","Colored Map","Gold Saver","Minty Spire (QoL Compilation)","MostiFishMod","Reliquary","Spicy Shops","StSLib","TestMod","[IsaacMod]ÒÔÈö¼âËþ","¡¾ÒÅÎï¿¨ÅÆ¡¿REMEMod","óô»ðÖ¸ÄÏ"],"gold_per_floor":[2269,2269,2269,2293,2218,2218,2249,1992,2044,2069,2103,2121,2156,1773,1358,1451,1451,1470,1395,1420,1443,1457,1490,1504,1545,1545,1576,1285,1285,1320,1220,1020,1109,1109,1125,702,1035,1051,1093,1128,1147,1164,1164,900,750,750,784,795,510,510,510,510,510,285,316,316],"floor_reached":57,"language":"ZHS","playtime":1997,"items_purged":["Strike_B","Strike_B","Defend_B","Defend_B","Strike_B+1","Defend_B+1","Coolheaded","Skim+1","Zap+1","Dualcast+1","Ball Lightning+1","Coolheaded+1","Heatsinks+1"],"score":3595,"play_id":"54f222fd-d808-49ee-a729-73b87c770797","local_time":"20210131195029","is_ascension_mode":true,"campfire_choices":[{"floor":6.0,"key":"RECALL"}],"circlet_count":0,"master_deck":["AscendersBane","AT_DarkMatter+1","Skim+1","Defragment+1","AT_ThunderBolt+1","MostiFishMod:IntelligentEquipment+1","MostiFishMod:LinkProtocol+1","AT_StudyProgram+1","Creative AI+1","Capacitor+1","Storm+1","Coolheaded+1","ElectricPowerLearning+1","MostiFishMod:ReadyAimFire+1","Defragment+1","Storm+1","Capacitor+1"],"relics":["Cracked Core","testmod-TestBox","DaveBox","AT_ATBox","REME_ComplimentaryCards","HushsDoor","testmod-Prudence","DSteel32","SteamSale","NeowsBlessing","SynthV:TestCard","InkBottle","testmod-TurbochargingSystem","Cables","Strawberry","AT_RedTearstoneRing","TheBible","Dodecahedron","Civilization","testmod-BlackFramedGlasses","Bag of Preparation","BookofShadows","Fusion Hammer","White Beast Statue","DeathBook","Pantograph","Question Card","AT_EbonyIvory","reliquary:RoseTintedGlasses","Orrery","BFFS","testmod-Recursion","reliquary:PartyBalloon","testmod-IndustrialRevolution","Juzu Bracelet","testmod-ArcanaOfDestiny","Sundial","Ancient Tea Set","REME_CardOfGreed","Dream Catcher","Boot","Runic Capacitor","Chaos","REME_LimitBreaker"],"acts_visited":["Exordium","TheCity","TheBeyond","TheEnding"],"potions_floor_usage":[56,56,56],"damage_taken":[{"damage":0.0,"enemies":"Cultist","floor":1.0,"turns":1.0},{"damage":0.0,"enemies":"2 Louse","floor":4.0,"turns":1.0},{"damage":0.0,"enemies":"3 Sentries","floor":7.0,"turns":1.0},{"damage":0.0,"enemies":"Jaw Worm","floor":10.0,"turns":3.0},{"damage":9.0,"enemies":"Lagavulin","floor":11.0,"turns":6.0},{"damage":0.0,"enemies":"Large Slime","floor":12.0,"turns":3.0},{"damage":10.0,"enemies":"Gremlin Nob","floor":13.0,"turns":3.0},{"damage":0.0,"enemies":"Hexaghost","floor":16.0,"turns":7.0},{"damage":0.0,"enemies":"Spheric Guardian","floor":18.0,"turns":3.0},{"damage":0.0,"enemies":"Chosen","floor":20.0,"turns":2.0},{"damage":0.0,"enemies":"Snecko","floor":21.0,"turns":3.0},{"damage":0.0,"enemies":"Sentry and Sphere","floor":22.0,"turns":2.0},{"damage":0.0,"enemies":"Slavers","floor":23.0,"turns":2.0},{"damage":0.0,"enemies":"3 Cultists","floor":24.0,"turns":2.0},{"damage":1.0,"enemies":"Book of Stabbing","floor":25.0,"turns":2.0},{"damage":12.0,"enemies":"Slavers","floor":27.0,"turns":3.0},{"damage":8.0,"enemies":"Gremlin Leader","floor":30.0,"turns":2.0},{"damage":0.0,"enemies":"Collector","floor":33.0,"turns":3.0},{"damage":11.0,"enemies":"Orb Walker","floor":35.0,"turns":2.0},{"damage":7.0,"enemies":"3 Shapes","floor":38.0,"turns":1.0},{"damage":0.0,"enemies":"Spire Growth","floor":39.0,"turns":2.0},{"damage":0.0,"enemies":"Reptomancer","floor":40.0,"turns":2.0},{"damage":0.0,"enemies":"Jaw Worm Horde","floor":41.0,"turns":1.0},{"damage":0.0,"enemies":"4 Shapes","floor":42.0,"turns":1.0},{"damage":0.0,"enemies":"Nemesis","floor":47.0,"turns":1.0},{"damage":0.0,"enemies":"Writhing Mass","floor":48.0,"turns":1.0},{"damage":0.0,"enemies":"Donu and Deca","floor":50.0,"turns":2.0},{"damage":30.0,"enemies":"Awakened One","floor":51.0,"turns":3.0},{"damage":0.0,"enemies":"Shield and Spear","floor":55.0,"turns":1.0},{"damage":0,"enemies":"Delirium","floor":56,"turns":8}],"seed_played":"7436518677763884016","potions_obtained":[{"floor":4.0,"key":"SmokeBomb"},{"floor":13.0,"key":"EssenceOfDarkness"},{"floor":16.0,"key":"FearPotion"},{"floor":20.0,"key":"AttackPotion"},{"floor":27.0,"key":"REME_GoldPotion"},{"floor":39.0,"key":"PowerPotion"},{"floor":48.0,"key":"DistilledChaos"},{"floor":55,"key":"PowerPotion"}],"is_trial":false,"path_per_floor":["M","?","T","M","?","R","E","R","T","M","E","M","E","$","R","B",null,"M","?","M","M","M","E","M","E","T","E","R","?","E","$","R","B",null,"M","$","?","M","M","E","M","M","T","$","R","?","E","M","R","B","B",null,"R","$","E","B",null],"character_chosen":"DEFECT","items_purchased":["testmod-TurbochargingSystem","Cables","AT_ThunderBolt","Dodecahedron","Civilization","testmod-BlackFramedGlasses","Bag of Preparation","testmod-SpacePotion","BookofShadows","AT_EbonyIvory","reliquary:RoseTintedGlasses","Orrery","BFFS","reliquary:PartyBalloon","testmod-IndustrialRevolution","Juzu Bracelet","MostiFishMod:ReadyAimFire","Ancient Tea Set","REME_CardOfGreed","Boot","Runic Capacitor","Chaos","Storm","REME_LimitBreaker"],"campfire_rested":0,"item_purchase_floors":[8,8,8,14,14,14,14,15,15,28,28,28,32,36,36,36,36,44,44,49,49,54,54,54],"current_hp_per_floor":[64,40,40,40,40,40,40,40,47,47,38,38,28,28,28,36,65,70,70,75,82,88,93,98,103,103,98,98,98,97,97,97,118,111,106,106,106,105,112,119,125,131,131,131,131,110,116,122,122,154,133,154,154,154,160,171],"gold":316,"neow_bonus":"THREE_ENEMY_KILL","is_daily":false,"chose_seed":false,"campfire_upgraded":0,"win_rate":0.0,"timestamp":1612093829,"path_taken":["M","?","?","M","?","R","E","R","T","M","E","?","E","$","R","BOSS","M","?","M","M","M","E","M","E","T","E","R","?","E","?","R","BOSS","M","$","?","M","M","E","M","M","T","$","R","?","E","M","R","BOSS","BOSS","R","$","E","BOSS"],"items_purchased_type":["Relic","Relic","Card","Relic","Relic","Relic","Relic","Potion","Relic","Relic","Relic","Relic","Relic","Relic","Relic","Relic","Card","Relic","Relic","Relic","Relic","Card","Card","Relic"],"build_version":"2020-12-22","purchased_purges":13,"victory":true,"max_hp_per_floor":[71,71,71,71,71,71,71,71,78,78,78,78,78,78,78,79,74,76,76,79,83,88,93,98,103,103,108,108,108,113,113,113,118,111,116,116,116,121,126,131,136,141,141,141,141,141,146,151,151,156,161,161,161,161,166,171],"card_choices":[{"not_picked":["Sweeping Beam","MostiFishMod:IceShield"],"picked":"Defragment","floor":1.0},{"not_picked":["Ball Lightning","Rebound","Go for the Eyes","Hologram"],"picked":"Skim","floor":4.0},{"not_picked":["Genetic Algorithm","Beam Cell","MostiFishMod:PushDownKick","Leap"],"picked":"Coolheaded","floor":7.0},{"not_picked":["Go for the Eyes","AT_ThunderBolt","AT_HeatAcrobatics","Consume","Darkness"],"picked":"SKIP","floor":10.0},{"not_picked":["MostiFishMod:Hijack","Darkness","Redo","Undo"],"picked":"Ball Lightning","floor":11.0},{"not_picked":["Cold Snap","Force Field","BootSequence","Barrage","Gash"],"picked":"SKIP","floor":12.0},{"not_picked":["Stack","Consume","AT_HeatAcrobatics","MostiFishMod:IceShield","Rebound"],"picked":"SKIP","floor":13.0},{"not_picked":["Amplify","MostiFishMod:Prepare","Fission","Thunder Strike"],"picked":"MostiFishMod:IntelligentEquipment","floor":16.0},{"not_picked":["MostiFishMod:Impulse","Recycle","Compile Driver","Double Energy"],"picked":"Heatsinks","floor":18.0},{"not_picked":["MostiFishMod:IceShield","Distribution","Stack","Streamline","Hello World"],"picked":"SKIP","floor":20.0},{"not_picked":["Chaos","Barrage","Redo+1","Ball Lightning+1"],"picked":"MostiFishMod:LinkProtocol","floor":21.0},{"not_picked":["Gash","Steam","Barrage","Consume+1","Tempest"],"picked":"SKIP","floor":22.0},{"not_picked":["AT_WarpDrive","MostiFishMod:ReprogramOld","Auto Shields","Leap"],"picked":"AT_StudyProgram","floor":23.0},{"not_picked":["Rebound","Reprogram","Auto Shields","Stack+1","Gash"],"picked":"SKIP","floor":24.0},{"not_picked":["Sweeping Beam","Coolheaded","Compile Driver","Melter"],"picked":"Creative AI","floor":25.0},{"not_picked":["Steam","Gash","Glacier","Sweeping Beam"],"picked":"Coolheaded","floor":27.0},{"not_picked":["MostiFishMod:IceShield","Streamline","MostiFishMod:PushDownKick+1","Barrage","Go for the Eyes"],"picked":"Capacitor","floor":28.0},{"not_picked":["Compile Driver","Biased Cognition","Barrage","Stack","Capacitor"],"picked":"Storm","floor":28.0},{"not_picked":["Lockon","Leap","Gash","Streamline","Compile Driver"],"picked":"Coolheaded+1","floor":30.0},{"not_picked":["MostiFishMod:Exploitation","Biased Cognition","Creative AI","MostiFishMod:Prepare","MostiFishMod:ReadyAimFire"],"picked":"ElectricPowerLearning","floor":33.0},{"not_picked":["Cold Snap","AT_HeatAcrobatics+1","White Noise+1","Steam","Rip and Tear","Go for the Eyes"],"picked":"SKIP","floor":35.0},{"not_picked":["Redo","Reinforced Body","Streamline","Cold Snap","Stack","Sweeping Beam"],"picked":"SKIP","floor":38.0},{"not_picked":["Conserve Battery+1","Hologram+1","Recycle","MostiFishMod:Impulse","Sweeping Beam","Reboot"],"picked":"SKIP","floor":39.0},{"not_picked":["Barrage","All For One","Undo","Static Discharge","Rebound+1"],"picked":"Defragment","floor":40.0},{"not_picked":["Compile Driver","Reprogram","Go for the Eyes+1","Redo","Tempest","Hologram"],"picked":"SKIP","floor":41.0},{"not_picked":["Redo+1","REME_DataAnalysis","Barrage","Coolheaded","AT_HeatAcrobatics+1","FTL+1"],"picked":"SKIP","floor":42.0},{"not_picked":["Lockon","Loop","Static Discharge","MostiFishMod:LinkProtocol","AT_StudyProgram+1","REME_Whirling"],"picked":"SKIP","floor":47.0},{"not_picked":["Stack","Sweeping Beam","Conserve Battery+1","MostiFishMod:IntelligentEquipment","Leap","MostiFishMod:PushDownKick"],"picked":"SKIP","floor":48.0},{"not_picked":["Go for the Eyes","MostiFishMod:IntelligentEquipment","Blizzard","Compile Driver","Stack+1"],"picked":"Capacitor+1","floor":55}],"player_experience":819938,"relics_obtained":[{"floor":1.0,"key":"SynthV:TestCard"},{"floor":7.0,"key":"InkBottle"},{"floor":9.0,"key":"Strawberry"},{"floor":11.0,"key":"AT_RedTearstoneRing"},{"floor":13.0,"key":"TheBible"},{"floor":23.0,"key":"White Beast Statue"},{"floor":25.0,"key":"DeathBook"},{"floor":26.0,"key":"Pantograph"},{"floor":27.0,"key":"Question Card"},{"floor":40.0,"key":"testmod-ArcanaOfDestiny"},{"floor":43.0,"key":"Sundial"},{"floor":47.0,"key":"Dream Catcher"}],"event_choices":[{"damage_healed":0.0,"max_hp_gain":0.0,"max_hp_loss":0.0,"gold_gain":0.0,"event_name":"Golden Idol","player_choice":"Take Damage","floor":2.0,"gold_loss":0.0,"damage_taken":24.0,"relics_obtained":["Golden Idol"]},{"cards_removed":["Strike_B"],"damage_healed":0.0,"max_hp_gain":0.0,"max_hp_loss":0.0,"gold_gain":0.0,"event_name":"The Cleric","player_choice":"Card Removal","floor":5.0,"gold_loss":75.0,"damage_taken":0.0},{"cards_removed":["Defend_B"],"damage_healed":0.0,"max_hp_gain":0.0,"max_hp_loss":0.0,"gold_gain":0.0,"event_name":"Beggar","player_choice":"Gave Gold","floor":19.0,"gold_loss":75.0,"damage_taken":0.0},{"damage_healed":0.0,"max_hp_gain":0.0,"max_hp_loss":0.0,"gold_gain":0.0,"event_name":"Ghosts","player_choice":"Ignored","floor":29.0,"gold_loss":0.0,"damage_taken":0.0},{"damage_healed":0.0,"max_hp_gain":0.0,"max_hp_loss":0.0,"gold_gain":333.0,"event_name":"The Moai Head","player_choice":"Gave Idol","floor":37.0,"relics_lost":["Golden Idol"],"gold_loss":0.0,"damage_taken":0.0},{"damage_healed":0.0,"max_hp_gain":0.0,"max_hp_loss":0.0,"gold_gain":0.0,"event_name":"Wheel of Change","player_choice":"Damaged","floor":46.0,"gold_loss":0.0,"damage_taken":21.0}],"is_beta":false,"boss_relics":[{"not_picked":["testmod-PortableAltar","reliquary:Ember"],"picked":"Fusion Hammer"},{"not_picked":[]},{"not_picked":["SlaversCollar","SacredBark"],"picked":"testmod-Recursion"},{"not_picked":[]}],"items_purged_floors":[8,14,15,15,17,28,31,32,34,36,44,45,49],"is_endless":false,"potions_floor_spawned":[4,13,16,20,23,24,25,27,30,33,35,38,39,40,41,42,47,48,55],"ascension_level":20}}