{"host":"qm4rv4rkpk76sbxu","time":1612132592,"event":{"mods":["BaseMod","Bestiary","Block Reminder","DeckTracker","Filter the Spire","Keyboard Shortcuts","Minty Spire (QoL Compilation)","MonsterHotkey","Quick Restart","Random Character Button","Relic Stats","Slay-I","StSLib","Unceasing Turn Reminder","ojb\u0027s Better Paths Mod","ojb\u0027s Info Mod"],"gold_per_floor":[360,376,429,604,679,709,709,709,709,709,709],"floor_reached":10,"language":"ENG","playtime":2345,"items_purged":[],"score":77,"play_id":"d437ce87-73a7-426e-b28b-75abdae8ec08","local_time":"20210131233632","is_ascension_mode":true,"campfire_choices":[{"data":"Wild Strike","floor":7,"key":"SMITH"}],"circlet_count":0,"master_deck":["Strike_R+1","Strike_R","Strike_R","Strike_R","Strike_R+1","Defend_R","Defend_R","Defend_R","Defend_R","Bash","Spot Weakness","Heavy Blade","Doubt","Wild Strike+1"],"relics":["Burning Blood","Toy Ornithopter","Matryoshka","CeramicFish","Whetstone"],"acts_visited":["Exordium"],"potions_floor_usage":[6,10],"damage_taken":[{"damage":9,"enemies":"Jaw Worm","floor":1,"turns":5},{"damage":7,"enemies":"Small Slimes","floor":2,"turns":4},{"damage":37,"enemies":"Lagavulin","floor":6,"turns":7},{"damage":22,"enemies":"Gremlin Nob","floor":10,"turns":3}],"seed_played":"1936468993939126836","potions_obtained":[{"floor":1,"key":"Explosive Potion"},{"floor":6,"key":"DistilledChaos"}],"is_trial":false,"path_per_floor":["M","M","?","?","?","E","R","T","T","E"],"character_chosen":"IRONCLAD","items_purchased":[],"campfire_rested":0,"item_purchase_floors":[],"current_hp_per_floor":[53,52,52,52,41,10,10,10,10,0,0],"gold":709,"neow_bonus":"TWO_FIFTY_GOLD","is_daily":false,"chose_seed":false,"campfire_upgraded":1,"win_rate":0.0,"timestamp":1612132592,"path_taken":["M","M","?","?","?","E","R","?","T","E"],"items_purchased_type":[],"build_version":"2020-12-22","purchased_purges":0,"victory":false,"max_hp_per_floor":[80,80,80,80,80,80,80,80,80,80,80],"relic_stats":{"counters":[4,19],"CeramicFish":0,"Whetstone":["Strike_R","Strike_R"],"obtain_stats":[{"Matryoshka":8,"CeramicFish":9,"Whetstone":9,"Burning Blood":0,"Toy Ornithopter":6},{"Matryoshka":3,"CeramicFish":3,"Whetstone":3,"Burning Blood":0,"Toy Ornithopter":3},{"Matryoshka":16,"CeramicFish":16,"Whetstone":16,"Burning Blood":0,"Toy Ornithopter":16}],"Burning Blood":18,"Toy Ornithopter":5},"card_choices":[{"not_picked":["Metallicize","Shrug It Off"],"picked":"Spot Weakness","floor":1},{"not_picked":["Anger","Body Slam"],"picked":"Heavy Blade","floor":2},{"not_picked":["Anger","Entrench"],"picked":"Wild Strike","floor":6}],"player_experience":1470758,"relics_obtained":[{"floor":6,"key":"Toy Ornithopter"},{"floor":8,"key":"Matryoshka"},{"floor":9,"key":"CeramicFish"},{"floor":9,"key":"Whetstone"}],"event_choices":[{"damage_healed":0,"gold_gain":53,"player_choice":"Gained Gold","damage_taken":0,"max_hp_gain":0,"max_hp_loss":0,"event_name":"Golden Wing","floor":3,"gold_loss":0},{"damage_healed":0,"gold_gain":175,"player_choice":"AGREE","damage_taken":0,"max_hp_gain":0,"max_hp_loss":0,"event_name":"Liars Game","floor":4,"gold_loss":0,"cards_obtained":["Doubt"]},{"damage_healed":0,"gold_gain":75,"player_choice":"Gather Gold","damage_taken":11,"max_hp_gain":0,"max_hp_loss":0,"event_name":"World of Goop","floor":5,"gold_loss":0}],"is_beta":false,"boss_relics":[],"items_purged_floors":[],"is_endless":false,"potions_floor_spawned":[1,6],"killed_by":"Gremlin Nob","ascension_level":4}}