{"host":"d73an99q9oevilk5","time":1612110107,"event":{"mods":["2.2 Compatiblity","AchievementEnabler","Act Like it!","Aspiration","BaseMod","Beaked The Cultist","Better Third Choice","BetterRewards","Colored Map","Colored Powertips","Conspire","Downfall","GifTheSpireLib","Halation","Hubris","Infinite Spire","Mimic Mod","Minty Spire (QoL Compilation)","Quick Restart","Relic Sorter","Reliquary","Replay The Spire","Shop Mod","Spikes Relics","StSLib","Stuff the Spire","The Cursed","The Necromancer","The Saiyan","Waifu the Spire","egg","slay the spire mod where everything is the same but ironclad has a cowboy hat"],"gold_per_floor":[165,179,13,32,32,32,32,32,71,71,89,123,142,142,142],"floor_reached":14,"language":"ENG","playtime":1521,"items_purged":[],"score":88,"play_id":"8fc94cc4-a2ee-4ef4-b9cc-8e3725addde3","local_time":"20210131092147","is_ascension_mode":false,"campfire_choices":[{"data":"beaked:Ceremony","floor":6.0,"key":"SMITH"},{"data":"beaked:Evade","floor":8.0,"key":"SMITH"},{"data":"beaked:Ceremony","floor":10.0,"key":"SMITH"}],"circlet_count":0,"master_deck":["beaked:Strike_Y","beaked:Strike_Y","beaked:Strike_Y","beaked:Strike_Y","beaked:Strike_Y","beaked:Strike_Y","beaked:Defend_Y","beaked:Defend_Y","beaked:Defend_Y","beaked:Defend_Y","beaked:Ceremony+1","beaked:Ceremony+1","beaked:Ceremony","beaked:WarriorEssence","beaked:StickSmack","beaked:Evade+1","beaked:CrazyRituals","beaked:Hexing","beaked:CrazyRituals"],"relics":["beaked:MendingPlumage","Ancient Tea Set","Chemical X","Replay:Bottled Snecko","ReplayTheSpireMod:TigerMarble","reliquary:Aerogel","aspiration:EmptySkull"],"acts_visited":["Exordium"],"potions_floor_usage":[14,14],"damage_taken":[{"damage":15.0,"enemies":"Cultist","floor":2.0,"turns":4.0},{"damage":5.0,"enemies":"downfall:FleeingMerchant","floor":3.0,"turns":4.0},{"damage":12.0,"enemies":"2 Louse","floor":4.0,"turns":4.0},{"damage":13.0,"enemies":"Jaw Worm","floor":9.0,"turns":7.0},{"damage":13.0,"enemies":"Jaw Worm","floor":11.0,"turns":4.0},{"damage":44.0,"enemies":"3 Sentries","floor":12.0,"turns":6.0},{"damage":25.0,"enemies":"Lots of Slimes","floor":13.0,"turns":5.0},{"damage":54,"enemies":"Gremlin Nob","floor":14,"turns":5}],"seed_played":"2589784894533967695","potions_obtained":[{"floor":11.0,"key":"Venom Potion"},{"floor":13.0,"key":"EssenceOfSteel"}],"is_trial":false,"path_per_floor":["R_BF","M","$","M","?","R","T","R","MIM","R","M","E","M","E"],"character_chosen":"BEAKED_THE_CULTIST","items_purchased":["Chemical X"],"campfire_rested":0,"item_purchase_floors":[3],"current_hp_per_floor":[50,39,44,40,40,40,40,40,45,45,46,29,23,0,0],"gold":142,"neow_bonus":"RANDOM_COMMON_RELIC","is_daily":false,"chose_seed":false,"campfire_upgraded":3,"win_rate":0.0,"timestamp":1612110107,"path_taken":["R_BF","?","?","M","?","R","T","R","?","R","M","E","M","E"],"items_purchased_type":["Relic"],"build_version":"2020-12-22","purchased_purges":0,"victory":false,"max_hp_per_floor":[50,50,50,50,50,50,50,50,50,50,50,50,50,51,51],"card_choices":[{"not_picked":["beaked:Cower","beaked:Flinch"],"picked":"beaked:WarriorEssence","floor":2.0},{"not_picked":["beaked:DigDeep","beaked:BounceBack"],"picked":"beaked:StickSmack","floor":3.0},{"not_picked":["beaked:TuckingFeathers","beaked:Windmill"],"picked":"beaked:Evade","floor":4.0},{"not_picked":["beaked:Sacrifice","beaked:Tweet"],"picked":"beaked:CrazyRituals","floor":11.0},{"not_picked":["beaked:Tweet","beaked:Windmill"],"picked":"beaked:Hexing","floor":12.0},{"not_picked":["beaked:Evade","beaked:Tradeoff"],"picked":"beaked:CrazyRituals","floor":13.0}],"player_experience":1806134,"relics_obtained":[{"floor":5.0,"key":"Replay:Bottled Snecko"},{"floor":7.0,"key":"ReplayTheSpireMod:TigerMarble"},{"floor":9.0,"key":"reliquary:Aerogel"},{"floor":12.0,"key":"aspiration:EmptySkull"}],"event_choices":[],"is_beta":false,"boss_relics":[],"items_purged_floors":[],"is_endless":false,"potions_floor_spawned":[11,13],"killed_by":"Gremlin Nob","ascension_level":0}}