{"host":"aqym1xxr3lb31d9m","time":1612062969,"event":{"mods":["BaseMod","Block Reminder","Colored Map","Colored Powertips","DeckTracker","Highlight Path","Minty Spire (QoL Compilation)","Quick Restart","Random Character Button","StSLib","SuperFastMode","UnlockEverythingMod"],"gold_per_floor":[110,75,91,91,34,34,61,61,61,61,76,87,106,149,149,233,233,262,280,280,302,330,330,357,190,190,190,218,49,73,123,123,123,123],"floor_reached":33,"language":"JPN","playtime":1370,"items_purged":[],"score":510,"play_id":"2ceb1379-fc37-4950-acd9-9e2367343560","local_time":"20210131121609","is_ascension_mode":true,"campfire_choices":[{"data":"Streamline","floor":6.0,"key":"SMITH"},{"data":"Beam Cell","floor":8.0,"key":"SMITH"},{"data":"Coolheaded","floor":10.0,"key":"SMITH"},{"data":"Sunder","floor":15.0,"key":"SMITH"},{"data":"Go for the Eyes","floor":23,"key":"SMITH"},{"data":"Ghostly","floor":27,"key":"SMITH"},{"data":"Reinforced Body","floor":32,"key":"SMITH"}],"circlet_count":0,"master_deck":["AscendersBane","Strike_B+1","Strike_B+1","Defend_B+1","Defend_B+1","Defend_B+1","Zap","Dualcast","Coolheaded+1","Beam Cell+1","Streamline+1","Reboot","Sunder+1","Cold Snap","Doom and Gloom","Go for the Eyes+1","Creative AI","Glacier","Stack","Stack","Turbo+1","Reinforced Body+1","Ghostly","Ghostly","Ghostly+1","Undo","FTL+1"],"relics":["SlaversCollar","Anchor","StrikeDummy","CeramicFish","Coffee Dripper","PreservedInsect","Sundial","Frozen Eye"],"acts_visited":["Exordium","TheCity"],"potions_floor_usage":[33,33],"damage_taken":[{"damage":9.0,"enemies":"2 Louse","floor":1.0,"turns":4.0},{"damage":6.0,"enemies":"Cultist","floor":3.0,"turns":5.0},{"damage":29.0,"enemies":"3 Sentries","floor":7.0,"turns":8.0},{"damage":0.0,"enemies":"Small Slimes","floor":11.0,"turns":2.0},{"damage":4.0,"enemies":"2 Fungi Beasts","floor":12.0,"turns":3.0},{"damage":1.0,"enemies":"Large Slime","floor":13.0,"turns":6.0},{"damage":6.0,"enemies":"Gremlin Nob","floor":14.0,"turns":3.0},{"damage":28.0,"enemies":"The Guardian","floor":16.0,"turns":9.0},{"damage":16,"enemies":"3 Byrds","floor":18,"turns":5},{"damage":0,"enemies":"Shell Parasite","floor":21,"turns":4},{"damage":3,"enemies":"Snecko","floor":22,"turns":6},{"damage":27,"enemies":"Chosen and Byrds","floor":28,"turns":11},{"damage":1,"enemies":"Snake Plant","floor":30,"turns":5},{"damage":16,"enemies":"Collector","floor":33,"turns":11}],"seed_played":"-5488971198909495132","potions_obtained":[{"floor":3.0,"key":"FocusPotion"},{"floor":11.0,"key":"Regen Potion"},{"floor":16.0,"key":"EssenceOfSteel"},{"floor":30,"key":"FocusPotion"}],"is_trial":false,"path_per_floor":["M","?","M","?","$","R","E","R","T","R","M","M","M","E","R","B",null,"M","?","?","M","M","R","?","$","T","R","M","$","M","?","R","B"],"character_chosen":"DEFECT","items_purchased":["Streamline","PreservedInsect","Frozen Eye"],"campfire_rested":0,"item_purchase_floors":[5,25,29],"current_hp_per_floor":[55,71,65,65,65,65,36,36,36,36,36,32,46,40,40,12,56,40,40,40,40,37,37,35,35,35,35,8,8,7,7,7,0,0],"gold":123,"neow_bonus":"BOSS_RELIC","is_daily":false,"chose_seed":false,"campfire_upgraded":7,"win_rate":0.0,"timestamp":1612062969,"path_taken":["M","?","M","?","$","R","E","R","T","R","M","?","M","E","R","BOSS","M","?","?","M","M","R","?","$","T","R","M","?","?","?","R","BOSS"],"items_purchased_type":["Card","Relic","Relic"],"build_version":"2020-12-22","purchased_purges":0,"victory":false,"max_hp_per_floor":[71,71,71,71,71,71,71,71,71,71,71,71,71,71,71,71,71,71,71,71,71,71,71,35,35,35,35,35,35,35,35,35,35,35],"card_choices":[{"not_picked":["Leap","Compile Driver"],"picked":"Coolheaded","floor":1.0},{"not_picked":["Barrage","Conserve Battery"],"picked":"Beam Cell","floor":3.0},{"not_picked":["Rebound","Self Repair"],"picked":"Reboot","floor":7.0},{"not_picked":["Go for the Eyes","Loop"],"picked":"Sunder","floor":11.0},{"not_picked":["Recycle","Redo"],"picked":"Cold Snap","floor":12.0},{"not_picked":["Cold Snap","Steam"],"picked":"Doom and Gloom","floor":13.0},{"not_picked":["Sunder","Streamline"],"picked":"Go for the Eyes","floor":14.0},{"not_picked":["Amplify","All For One"],"picked":"Creative AI","floor":16.0},{"not_picked":["Coolheaded","Hologram"],"picked":"Glacier","floor":18},{"not_picked":["Sweeping Beam","Barrage"],"picked":"Turbo+1","floor":21},{"not_picked":["Hologram","Leap"],"picked":"Reinforced Body","floor":22},{"not_picked":["Sweeping Beam","Ball Lightning"],"picked":"Undo","floor":28},{"not_picked":["Barrage","Streamline"],"picked":"FTL+1","floor":30}],"player_experience":4138137,"relics_obtained":[{"floor":7.0,"key":"Anchor"},{"floor":9.0,"key":"StrikeDummy"},{"floor":14.0,"key":"CeramicFish"},{"floor":26,"key":"Sundial"}],"event_choices":[{"damage_healed":17.0,"max_hp_gain":0.0,"max_hp_loss":0.0,"gold_gain":0.0,"event_name":"The Cleric","player_choice":"Healed","floor":2.0,"gold_loss":35.0,"damage_taken":0.0},{"cards_removed":["Defend_B"],"damage_healed":0.0,"max_hp_gain":0.0,"max_hp_loss":0.0,"gold_gain":0.0,"event_name":"Purifier","player_choice":"Purged","floor":4.0,"gold_loss":0.0,"damage_taken":0.0},{"damage_healed":0,"gold_gain":0,"cards_transformed":["Strike_B","Strike_B"],"player_choice":"Became Test Subject","damage_taken":0,"max_hp_gain":0,"max_hp_loss":0,"event_name":"Drug Dealer","floor":19,"gold_loss":0,"cards_obtained":["Stack","Stack"]},{"damage_healed":0,"gold_gain":0,"player_choice":"Simplicity","damage_taken":0,"max_hp_gain":0,"max_hp_loss":0,"event_name":"Back to Basics","floor":20,"gold_loss":0,"cards_upgraded":["Strike_B","Strike_B","Defend_B","Defend_B","Defend_B"]},{"damage_healed":0,"gold_gain":0,"player_choice":"Became a Ghost","damage_taken":0,"max_hp_gain":0,"max_hp_loss":36,"event_name":"Ghosts","floor":24,"gold_loss":0,"cards_obtained":["Ghostly","Ghostly","Ghostly"]},{"damage_healed":0,"gold_gain":50,"player_choice":"Pray","damage_taken":0,"max_hp_gain":0,"max_hp_loss":0,"event_name":"Golden Shrine","floor":31,"gold_loss":0}],"is_beta":false,"boss_relics":[{"not_picked":["Empty Cage","SacredBark"],"picked":"Coffee Dripper"}],"items_purged_floors":[],"is_endless":false,"potions_floor_spawned":[3,11,12,16,18,22,30],"killed_by":"Collector","ascension_level":20}}