{"host":"yfdtuf6ojcxn06xg","time":1612074568,"event":{"mods":["2.2 Compatiblity","AchievementEnabler","BaseMod","Colored Map","Colored Powertips","Curses Come First","Hermit","JesterMod","Jorbs\u0027s Wanderer Trilogy","Minty Spire (QoL Compilation)","Quick Restart","Rare Cards Sparkle","Relic Stats","Replay The Spire","StSLib","The Cursed","The Disciple","The Hierophant","The Jungle","The Marked","The Necromancer","The Servant 0.9.4"],"gold_per_floor":[111,111,111,111,0,27,47,47,47,73,85,104,122,155,155,258,258,276,103,202,222,222,248,5,5,5,16,49,69,0,27,27,125,125,137,150,150,160,207,238,92,92,116,39,54,86,98,98,98,98],"floor_reached":51,"language":"ENG","playtime":3129,"items_purged":["Strike_B","Defend_B"],"score":1212,"play_id":"846f9ba7-5d36-4fea-8828-2c0014875daa","local_time":"20210131012928","is_ascension_mode":true,"campfire_choices":[{"data":"Genetic Algorithm","floor":8,"key":"SMITH"},{"data":"Blizzard","floor":15,"key":"SMITH"},{"data":"Defragment","floor":25,"key":"SMITH"},{"data":"Barrage","floor":32,"key":"SMITH"},{"data":"Defend_B","floor":42,"key":"PURGE"},{"data":"Strike_B","floor":49,"key":"PURGE"}],"circlet_count":0,"master_deck":["Strike_B","Zap","Dualcast","Genetic Algorithm+1","Self Repair","Genetic Algorithm","Blizzard+1","Coolheaded","Coolheaded","Crystallizer","Defragment+1","Loop+1","Cold Snap","Finesse","Static Discharge+1","Barrage+1","Loop+1","Hologram","Cold Snap+1","Chill+1","Amplify","Panacea","Coolheaded"],"relics":["Cracked Core","NeowsBlessing","Thread and Needle","White Beast Statue","Replay:Towering Pillar of Hats","Emotion Chip","FossilizedHelix","Durian","Inserter","Prayer Wheel","Replay:Accelerometer","Carrot","Singing Bowl","Peace Pipe","Tiny Chest","Empty Cage","PreservedInsect","Kunai","Omamori","Boot","Nunchaku","Replay:Bottled Flurry"],"acts_visited":["Exordium","TheCity","TheBeyond"],"potions_floor_usage":[10,12,13,14,16,16,23,27,33,33,38,40,46,50,50,50],"damage_taken":[{"damage":0,"enemies":"Small Slimes","floor":1,"turns":1},{"damage":0,"enemies":"3 Sentries","floor":6,"turns":1},{"damage":0,"enemies":"2 Louse","floor":7,"turns":1},{"damage":35,"enemies":"Gremlin Nob","floor":10,"turns":5},{"damage":0,"enemies":"Jaw Worm","floor":11,"turns":4},{"damage":12,"enemies":"Exordium Thugs","floor":12,"turns":6},{"damage":0,"enemies":"Large Slime","floor":13,"turns":7},{"damage":0,"enemies":"3 Sentries","floor":14,"turns":11},{"damage":0,"enemies":"Slime Boss","floor":16,"turns":12},{"damage":0,"enemies":"Chosen","floor":18,"turns":7},{"damage":0,"enemies":"Shell Parasite","floor":21,"turns":7},{"damage":17,"enemies":"Book of Stabbing","floor":23,"turns":5},{"damage":0,"enemies":"Snake Plant","floor":27,"turns":5},{"damage":9,"enemies":"Gremlin Leader","floor":28,"turns":10},{"damage":0,"enemies":"Centurion and Healer","floor":29,"turns":9},{"damage":0,"enemies":"Book of Stabbing","floor":31,"turns":9},{"damage":0,"enemies":"Champ","floor":33,"turns":14},{"damage":0,"enemies":"3 Darklings","floor":35,"turns":7},{"damage":0,"enemies":"3 Shapes","floor":36,"turns":7},{"damage":7,"enemies":"Transient","floor":38,"turns":5},{"damage":0,"enemies":"Nemesis","floor":40,"turns":9},{"damage":0,"enemies":"Spire Growth","floor":45,"turns":8},{"damage":0,"enemies":"R_Hoarder","floor":46,"turns":9},{"damage":0,"enemies":"Writhing Mass","floor":47,"turns":9},{"damage":0,"enemies":"Donu and Deca","floor":50,"turns":16}],"seed_played":"5393371839329937131","potions_obtained":[{"floor":1,"key":"ColorlessPotion"},{"floor":6,"key":"Ancient Potion"},{"floor":7,"key":"Dexterity Potion"},{"floor":10,"key":"Block Potion"},{"floor":12,"key":"Adrenaline Potion"},{"floor":13,"key":"SmokeBomb"},{"floor":14,"key":"Adrenaline Potion"},{"floor":16,"key":"Dexterity Potion"},{"floor":18,"key":"Strength Potion"},{"floor":23,"key":"FearPotion"},{"floor":27,"key":"SpeedPotion"},{"floor":28,"key":"FocusPotion"},{"floor":29,"key":"Fire Potion"},{"floor":31,"key":"PowerPotion"},{"floor":33,"key":"Fruit Juice"},{"floor":35,"key":"Swift Potion"},{"floor":36,"key":"PowerPotion"},{"floor":38,"key":"SpeedPotion"},{"floor":40,"key":"SpeedPotion"},{"floor":46,"key":"Reflective Coating"},{"floor":47,"key":"FocusPotion"}],"is_trial":false,"path_per_floor":["M","?","?","T","$","E","M","R","T","E","M","M","M","E","R","B",null,"M","$","?","M","?","E","$","R","T","M","E","M","?","E","R","B",null,"M","M","?","M","T","E","$","R","T","?","M","E","M","T","R","B",null],"character_chosen":"DEFECT","items_purchased":["Self Repair","Genetic Algorithm","Finesse","Carrot","Coolheaded"],"campfire_rested":0,"item_purchase_floors":[5,5,19,24,41],"current_hp_per_floor":[75,75,63,63,63,63,63,63,63,35,42,37,44,56,56,56,80,80,80,80,80,80,70,70,70,70,72,70,81,81,88,88,93,93,97,101,101,98,98,107,107,107,107,107,111,113,117,117,117,117],"gold":98,"neow_bonus":"THREE_ENEMY_KILL","is_daily":false,"chose_seed":false,"campfire_upgraded":4,"win_rate":0.0,"timestamp":1612074568,"path_taken":["M","?","?","?","$","E","M","R","T","E","M","M","?","E","R","BOSS","M","$","?","M","?","E","$","R","T","M","E","?","?","E","R","BOSS","M","M","?","M","?","E","$","R","T","?","M","E","M","?","R","BOSS"],"items_purchased_type":["Card","Card","Card","Relic","Card"],"build_version":"2020-12-22","purchased_purges":2,"victory":true,"max_hp_per_floor":[75,75,75,75,75,75,75,75,75,75,75,75,75,80,80,80,80,80,80,80,80,80,80,80,80,80,82,82,86,86,88,88,93,93,97,101,101,105,105,107,107,107,107,107,111,113,117,117,117,117],"relic_stats":{"Peace Pipe":2,"Emotion Chip":[29,19,10,0,0],"Nunchaku":[2],"Inserter":[67],"Singing Bowl":32,"counters":[25,183],"Prayer Wheel":9,"Tiny Chest":1,"PreservedInsect":122,"Kunai":[2],"Boot":[41],"obtain_stats":[{"Replay:Accelerometer":23,"Carrot":24,"Inserter":17,"NeowsBlessing":0,"Replay:Towering Pillar of Hats":6,"Singing Bowl":26,"Thread and Needle":3,"PreservedInsect":39,"Omamori":43,"Empty Cage":34,"Boot":44,"White Beast Statue":4,"Peace Pipe":28,"Emotion Chip":9,"Nunchaku":46,"Prayer Wheel":18,"Tiny Chest":31,"Durian":14,"Replay:Bottled Flurry":48,"Kunai":40,"Cracked Core":0,"FossilizedHelix":10},{"Replay:Accelerometer":12,"Carrot":12,"Inserter":9,"NeowsBlessing":0,"Replay:Towering Pillar of Hats":2,"Singing Bowl":12,"Thread and Needle":1,"PreservedInsect":20,"Omamori":21,"Empty Cage":17,"Boot":21,"White Beast Statue":1,"Peace Pipe":14,"Emotion Chip":3,"Nunchaku":23,"Prayer Wheel":10,"Tiny Chest":16,"Durian":8,"Replay:Bottled Flurry":24,"Kunai":21,"Cracked Core":0,"FossilizedHelix":4},{"Replay:Accelerometer":67,"Carrot":67,"Inserter":48,"NeowsBlessing":0,"Replay:Towering Pillar of Hats":2,"Singing Bowl":67,"Thread and Needle":1,"PreservedInsect":133,"Omamori":141,"Empty Cage":114,"Boot":141,"White Beast Statue":1,"Peace Pipe":82,"Emotion Chip":3,"Nunchaku":158,"Prayer Wheel":54,"Tiny Chest":100,"Durian":36,"Replay:Bottled Flurry":167,"Kunai":141,"Cracked Core":0,"FossilizedHelix":8}]},"card_choices":[{"not_picked":["Steam","FTL"],"picked":"Genetic Algorithm","floor":1},{"not_picked":["Recycle","ReplayTheSpireMod:Reroute Power"],"picked":"Blizzard","floor":6},{"not_picked":["Gash","BasicCrystalCard","Genetic Algorithm"],"picked":"SKIP","floor":7},{"not_picked":["Amplify","Panic Button","Stack"],"picked":"SKIP","floor":10},{"not_picked":["ReplaySort","Fusion"],"picked":"Coolheaded","floor":11},{"not_picked":["Gash","Sweeping Beam"],"picked":"Coolheaded","floor":12},{"not_picked":["Reinforced Body","Compile Driver"],"picked":"Crystallizer","floor":13},{"not_picked":["Recycle","Thunder Strike"],"picked":"Defragment","floor":14},{"not_picked":["Machine Learning","Buffer"],"picked":"ReplayTheSpireMod:Fabricate Wheel","floor":16},{"not_picked":["Panic Button+1","Sweeping Beam"],"picked":"Loop+1","floor":18},{"not_picked":["Go for the Eyes","Rebound"],"picked":"Cold Snap","floor":18},{"not_picked":["FTL","Sweeping Beam"],"picked":"Static Discharge+1","floor":21},{"not_picked":["Stack","Electrodynamics"],"picked":"Barrage","floor":21},{"not_picked":["Go for the Eyes","Stack"],"picked":"Hologram","floor":23},{"not_picked":["Sunder","Streamline"],"picked":"Cold Snap+1","floor":27},{"not_picked":["ReplayRNGCard","Steam","Steam Power+1"],"picked":"Singing Bowl","floor":27},{"not_picked":["Reprogram+1","Gash"],"picked":"Chill+1","floor":28},{"not_picked":["Rebound","Stack","Hologram"],"picked":"Singing Bowl","floor":29},{"not_picked":["Redo","Rebound+1","Aggregate"],"picked":"Singing Bowl","floor":29},{"not_picked":["Lockon+1","Gash","ReplayTheSpireMod:Reroute Power"],"picked":"Singing Bowl","floor":31},{"not_picked":["Creative AI","Biased Cognition"],"picked":"Amplify","floor":33},{"not_picked":["Sweeping Beam+1","Ball Lightning+1","Panic Button"],"picked":"Singing Bowl","floor":35},{"not_picked":["Redo+1","Glacier+1","Genetic Algorithm+1"],"picked":"Singing Bowl","floor":35},{"not_picked":["BasicCrystalCard+1","Fusion+1","Turbo+1"],"picked":"Singing Bowl","floor":36},{"not_picked":["ReplayTheSpireMod:Fabricate Wheel","FIFO Queue+1","Go for the Eyes+1"],"picked":"Singing Bowl","floor":36},{"not_picked":["ReplayTheSpireMod:Uncanny Aura","Transmutation"],"picked":"Panacea","floor":37},{"not_picked":["Undo","Cold Snap+1","Force Field+1"],"picked":"Singing Bowl","floor":38},{"not_picked":["Steam+1","Sweeping Beam","Conserve Battery"],"picked":"Singing Bowl","floor":38},{"not_picked":["Go for the Eyes","Thunder Strike","BasicCrystalCard+1"],"picked":"Singing Bowl","floor":40},{"not_picked":["Streamline+1","BasicCrystalCard+1","Turbo+1"],"picked":"Singing Bowl","floor":45},{"not_picked":["BasicCrystalCard+1","Cold Snap+1","Compile Driver"],"picked":"Singing Bowl","floor":45},{"not_picked":["Auto Shields","Conserve Battery","Aggregate+1"],"picked":"Singing Bowl","floor":46},{"not_picked":["Conserve Battery+1","Turbo+1","Hello World+1"],"picked":"Singing Bowl","floor":47},{"not_picked":["BasicCrystalCard+1","Melter","Cold Snap"],"picked":"Singing Bowl","floor":47}],"player_experience":238077,"relics_obtained":[{"floor":4,"key":"White Beast Statue"},{"floor":6,"key":"Replay:Towering Pillar of Hats"},{"floor":9,"key":"Emotion Chip"},{"floor":10,"key":"FossilizedHelix"},{"floor":14,"key":"Durian"},{"floor":23,"key":"Replay:Accelerometer"},{"floor":26,"key":"Singing Bowl"},{"floor":28,"key":"Peace Pipe"},{"floor":31,"key":"Tiny Chest"},{"floor":39,"key":"PreservedInsect"},{"floor":40,"key":"Kunai"},{"floor":43,"key":"Omamori"},{"floor":46,"key":"Nunchaku"},{"floor":48,"key":"Replay:Bottled Flurry"}],"event_choices":[{"damage_healed":0,"gold_gain":0,"player_choice":"Success","damage_taken":12,"relics_obtained":["Thread and Needle"],"max_hp_gain":0,"max_hp_loss":0,"event_name":"Scrap Ooze","floor":3,"gold_loss":0},{"damage_healed":0,"gold_gain":99,"player_choice":"Stole From Cult","damage_taken":0,"max_hp_gain":0,"max_hp_loss":0,"event_name":"Nest","floor":20,"gold_loss":0},{"damage_healed":0,"gold_gain":0,"player_choice":"Copied","damage_taken":0,"max_hp_gain":0,"max_hp_loss":0,"event_name":"Duplicator","floor":22,"gold_loss":0,"cards_obtained":["Loop"]},{"damage_healed":0,"gold_gain":0,"player_choice":"Paid Fearfully","damage_taken":0,"max_hp_gain":0,"max_hp_loss":0,"event_name":"Masked Bandits","floor":30,"gold_loss":69},{"damage_healed":0,"gold_gain":0,"player_choice":"Memory 1","damage_taken":0,"max_hp_gain":0,"max_hp_loss":0,"event_name":"SensoryStone","floor":37,"gold_loss":0},{"damage_healed":0,"gold_gain":0,"player_choice":"Paid Gold","damage_taken":0,"relics_obtained":["Boot"],"max_hp_gain":0,"max_hp_loss":0,"event_name":"WeMeetAgain","floor":44,"gold_loss":77}],"is_beta":false,"boss_relics":[{"not_picked":["Replay:Fungal Core","Replay:Drink Me"],"picked":"Inserter"},{"not_picked":["Fusion Hammer","Sozu"],"picked":"Empty Cage"}],"items_purged_floors":[19,41],"is_endless":false,"potions_floor_spawned":[1,6,7,10,11,12,13,14,16,18,21,23,27,28,29,31,33,35,36,38,40,45,46,47],"ascension_level":1}}