{"host":"4evnc443c98ww2zl","time":1612122681,"event":{"mods":["BaseMod","Better Third Choice","Hermit","Koishi","Luminous","Minty Spire (QoL Compilation)","Remilia??????","Robot Space Explorer","StSLib","The Administrix","The Bug Knight","The Cursed","TheSwordswoman"],"gold_per_floor":[109,35,51,69,81,113,113,147,147,176,176,209,221,231,231,231,231],"floor_reached":16,"language":"ENG","playtime":1063,"items_purged":[],"score":132,"play_id":"b486f499-2aab-4a89-905b-2a9721d825de","local_time":"20210131135121","daily_mods":["SealedDeck","Diverse","Colorless Cards","Heirloom","DeadlyEvents","Elite Swarm"],"is_ascension_mode":false,"campfire_choices":[{"floor":7,"key":"RECALL"},{"data":"Mayhem","floor":11,"key":"SMITH"},{"data":"RobotSpaceExplorer:Ammunition","floor":15,"key":"SMITH"}],"circlet_count":0,"master_deck":["hermit:Enervate","HollowMod:SharpenedNail","AdministrixMod:ImmortalGrace","FearNoEvil","TheCursedMod:SurpriseAttack","Slice","Rampage","Cleave","Sweeping Beam","Thunderclap","hermit:WideOpen","HollowMod:GoodIntentions","RobotSpaceExplorer:JunkDive","EmptyBody","Panache","TheCursedMod:OutForBlood","Mayhem+1","Luminous:Erosion_Luminous","RobotSpaceExplorer:Ammunition+1","TheCursedMod:WearCloak"],"relics":["ScarletHat","TungstenRod","Dead Branch","HollowMod:PaleOreRelic","Ginger","Matryoshka"],"acts_visited":["Exordium"],"potions_floor_usage":[6,6,12],"damage_taken":[{"damage":0,"enemies":"Cultist","floor":1,"turns":1},{"damage":0,"enemies":"2 Louse","floor":3,"turns":1},{"damage":0,"enemies":"Small Slimes","floor":4,"turns":1},{"damage":0,"enemies":"Red Slaver","floor":5,"turns":1},{"damage":10,"enemies":"3 Sentries","floor":6,"turns":5},{"damage":9,"enemies":"Gremlin Nob","floor":8,"turns":3},{"damage":10,"enemies":"HollowMod:MossKnight","floor":10,"turns":3},{"damage":3,"enemies":"Lagavulin","floor":12,"turns":6},{"damage":0,"enemies":"3 Louse","floor":13,"turns":1},{"damage":0,"enemies":"2 Fungi Beasts","floor":14,"turns":3},{"damage":0,"enemies":"The Guardian","floor":16,"turns":2}],"seed_played":"-1577117149481347217","potions_obtained":[{"floor":1,"key":"AttackPotion"},{"floor":3,"key":"BlessingOfTheForge"},{"floor":10,"key":"EssenceOfSteel"}],"is_trial":true,"path_per_floor":["M","$","M","M","M","E","R","E","T","E","R","E","M","M","R","B"],"character_chosen":"REMILIA","items_purchased":["hermit:WideOpen","HollowMod:GoodIntentions"],"campfire_rested":0,"item_purchase_floors":[2,2],"current_hp_per_floor":[75,75,75,75,75,65,65,56,56,46,46,43,43,43,43,43,43],"gold":231,"neow_bonus":"","is_daily":false,"chose_seed":false,"campfire_upgraded":2,"win_rate":0.0,"timestamp":1612122681,"path_taken":["M","?","M","M","?","E","R","E","T","E","R","E","M","M","R","BOSS"],"items_purchased_type":["Card","Card"],"build_version":"2020-12-22","purchased_purges":0,"victory":false,"max_hp_per_floor":[75,75,75,75,75,75,75,75,75,75,75,75,75,75,75,75,75],"card_choices":[{"not_picked":["AdministrixMod:Transcension","TheCursedMod:CursedShiv","blazmod:FancifulFlutter"],"picked":"SKIP","floor":1},{"not_picked":["blazmod:Valiance","Mind Blast","Koishi:Untouchable"],"picked":"SKIP","floor":3},{"not_picked":["TheCursedMod:FleshFromBone","HollowMod:DreamGate"],"picked":"RobotSpaceExplorer:JunkDive","floor":4},{"not_picked":["TheCursedMod:RapidMovement","PathToVictory"],"picked":"EmptyBody","floor":5},{"not_picked":["Luminous:Lania_Blessing_Luminous","AdministrixMod:BrewingCloister"],"picked":"Panache","floor":6},{"not_picked":["Reboot","hermit:FromBeyond"],"picked":"TheCursedMod:OutForBlood","floor":8},{"not_picked":["Transmutation","TheCursedMod:CursedRelics"],"picked":"Mayhem","floor":10},{"not_picked":["Koishi:Ego","HollowMod:PaleKingsBlessing"],"picked":"Luminous:Erosion_Luminous","floor":12},{"not_picked":["Cleave","AdministrixMod:Overdrive"],"picked":"RobotSpaceExplorer:Ammunition","floor":13},{"not_picked":["hermit:Shortfuse","Forethought"],"picked":"TheCursedMod:WearCloak","floor":14}],"player_experience":1161613,"relics_obtained":[{"floor":6,"key":"Dead Branch"},{"floor":8,"key":"HollowMod:PaleOreRelic"},{"floor":10,"key":"Ginger"},{"floor":12,"key":"Matryoshka"}],"event_choices":[],"is_beta":false,"boss_relics":[],"items_purged_floors":[],"is_endless":false,"potions_floor_spawned":[1,3,10],"killed_by":"The Guardian","ascension_level":0}}