{"host":"o3b7ow6d1xe49css","time":1612094704,"event":{"mods":["Act Like it!","Aspiration","BaseMod","Bestiary","Better Altar","Better Match","Better Note","Better Sensory Stone","Better Skull","Better Third Choice","Colored Powertips","Conspire","Energized Spire","Force Act Four","GifTheSpireLib","Halation","Hermit","Hubris","Infinite Spire","Lobotomy","Minty Spire (QoL Compilation)","Quick Restart","Rare Cards Sparkle","Relic Filter Mod","Reliquary","Replay The Spire","Spicy Shops","Spikes Relics","Spire Arcade","StSLib","Stuff the Spire","The Blue Laboratory","Wandering Minibosses"],"gold_per_floor":[118,138,151,151,260,260,288,313,313,87,87,100,100,134,134,239,239,252,262,262,278,58,58,92,92,118,118,132,132,161,188,188,188,188,188,188],"floor_reached":33,"language":"ENG","playtime":1148,"items_purged":["Strike_G"],"score":408,"play_id":"730516d8-4d52-46ec-b94c-28e127ed2364","local_time":"20210131030504","daily_mods":["Heirloom","Flight"],"is_ascension_mode":true,"campfire_choices":[{"data":"1","floor":6,"key":"LIFT"},{"data":"2","floor":11,"key":"LIFT"},{"data":"3","floor":13,"key":"LIFT"},{"data":"conspire:PoisonWeapons","floor":15,"key":"SMITH"},{"floor":23,"key":"RECALL"},{"floor":25,"key":"REST"},{"floor":29,"key":"REST"},{"floor":32,"key":"REST"}],"circlet_count":0,"master_deck":["Strike_G","Strike_G","Strike_G","Strike_G","Defend_G","Defend_G","Defend_G","Defend_G","Defend_G","Survivor","Neutralize","UniverseFragment","Dash","conspire:PoisonWeapons+1","Bane","OldLady","Well Laid Plans","Catalyst+1","Scorched","OSAHOGD","Bullet Time","PiercingWail","Replay:Undeath\u0027s Touch","Prepared+1","Bouncing Flask","Dagger Spray"],"relics":["hermit:Momento","Ring of Chaos","Girya","CogitoBucket","infinitespire:Cubic Diamond","Pen Nib","conspire:TopHat","reliquary:JackalopeAntler","halation:PromiseList","BehaviorAdjustment","reliquary:Stiletto","aspiration:IroncladSkillbook","ResearcherNote","Strawberry","reliquary:PorcupineQuills","infinitespire:Lucky Rock","CeramicFish"],"acts_visited":[],"potions_floor_usage":[7,8,12,19,21,24,24],"damage_taken":[{"damage":1,"enemies":"Jaw Worm","floor":1,"turns":5},{"damage":0,"enemies":"2 Louse","floor":2,"turns":4},{"damage":0,"enemies":"Cultist","floor":3,"turns":3},{"damage":22,"enemies":"3 Sentries","floor":7,"turns":11},{"damage":0,"enemies":"Lagavulin","floor":8,"turns":6},{"damage":0,"enemies":"Exordium Wildlife","floor":12,"turns":1},{"damage":2,"enemies":"Replay:BlueRogue","floor":14,"turns":2},{"damage":24,"enemies":"Slime Boss","floor":16,"turns":5},{"damage":0,"enemies":"Shell Parasite","floor":18,"turns":2},{"damage":0,"enemies":"2 Thieves","floor":19,"turns":2},{"damage":31,"enemies":"Snecko","floor":21,"turns":4},{"damage":29,"enemies":"Gremlin Leader","floor":24,"turns":6},{"damage":20,"enemies":"Centurion and Healer","floor":28,"turns":5},{"damage":33,"enemies":"Book of Stabbing","floor":30,"turns":3},{"damage":40,"enemies":"Collector","floor":33,"turns":6},{"damage":77,"enemies":"Collector","floor":33,"turns":6}],"seed_played":"8357081361729540969","potions_obtained":[{"floor":2,"key":"Energy Potion"},{"floor":3,"key":"PowerPotion"},{"floor":8,"key":"blueLaboratory:Virophage"},{"floor":16,"key":"blueLaboratory:HummingbirdPotion"},{"floor":18,"key":"Toxic Potion"},{"floor":20,"key":"Fire Potion"},{"floor":20,"key":"Milkshake"},{"floor":21,"key":"SneckoOil"}],"is_trial":true,"path_per_floor":["M","M","M","?","?","R","E","E","T","$","R","M","R","E","R","B",null,"M","M","?","M","$","R","E","R","T","?","M","R","E","T","R","B"],"character_chosen":"THE_SILENT","items_purchased":["halation:PromiseList","Strawberry","Bouncing Flask"],"campfire_rested":3,"item_purchase_floors":[10,22,22],"current_hp_per_floor":[69,69,69,69,62,62,40,40,40,40,40,40,40,38,38,14,56,60,64,64,37,44,44,19,42,42,42,26,49,20,20,43,3,3,0,0],"gold":188,"neow_bonus":"","is_daily":false,"chose_seed":false,"campfire_upgraded":1,"win_rate":0.0,"timestamp":1612094704,"path_taken":["M","M","M","?","?","R","E","E","T","$","R","M","R","E","R","BOSS","M","M","?","M","$","R","E","R","T","?","?","R","E","?","R","BOSS"],"items_purchased_type":["Relic","Relic","Card"],"build_version":"2020-12-22","purchased_purges":1,"victory":false,"max_hp_per_floor":[70,70,70,70,70,70,70,70,70,70,70,70,70,70,70,70,70,70,70,70,70,77,77,77,77,77,77,77,77,77,77,77,77,77,77,77],"card_choices":[{"not_picked":["Murderer","BigBird"],"picked":"UniverseFragment","floor":1},{"not_picked":["Slice","hubris:TrickCloak"],"picked":"Dash","floor":1},{"not_picked":["FairyFestival","CrumblingArmor","NakedNest"],"picked":"Singing Bowl","floor":2},{"not_picked":["Distraction","Heel Hook"],"picked":"conspire:PoisonWeapons","floor":2},{"not_picked":["CrumblingArmor","GalaxyChild","Wellcheers"],"picked":"Singing Bowl","floor":3},{"not_picked":["StuffTheSpire:BumpUp","Bane","hubris:SlightOfHand"],"picked":"SKIP","floor":3},{"not_picked":["Wellcheers","WallGazer","VoidDream"],"picked":"Singing Bowl","floor":7},{"not_picked":["Sucker Punch","StuffTheSpire:Python"],"picked":"Bane","floor":7},{"not_picked":["Murderer","Alriune"],"picked":"OldLady","floor":8},{"not_picked":["Poisoned Stab","Dodge and Roll"],"picked":"Well Laid Plans","floor":8},{"not_picked":["LittlePrince","Funeral","SpiderBud"],"picked":"Singing Bowl","floor":12},{"not_picked":["hubris:SlightOfHand","StuffTheSpire:ClusterCrunch"],"picked":"Catalyst","floor":12},{"not_picked":["WallGazer","Bloodbath","PunishingBird"],"picked":"Singing Bowl","floor":14},{"not_picked":["HeroicMonk","MHz"],"picked":"Scorched","floor":14},{"not_picked":["Night Terror","hubris:Sniper","Hidden Blade"],"picked":"SKIP","floor":14},{"not_picked":["Murderer","CherryBlossoms","LaLuna"],"picked":"Singing Bowl","floor":16},{"not_picked":["MeatLantern","MHz"],"picked":"OSAHOGD","floor":16},{"not_picked":["Adrenaline","Poison Darts"],"picked":"Bullet Time","floor":16},{"not_picked":["VoidDream","PunishingBird","NakedNest"],"picked":"Singing Bowl","floor":18},{"not_picked":["StuffTheSpire:Resist","Replay:Poison Smokescreen","Perfected Strike"],"picked":"PiercingWail","floor":18},{"not_picked":["LongBird","SpiderBud","CENSORED"],"picked":"Singing Bowl","floor":19},{"not_picked":["Shockwave","True Grit+1","StuffTheSpire:Incineration"],"picked":"Replay:Undeath\u0027s Touch","floor":19},{"not_picked":["Well Laid Plans+1","Crippling Poison+1","StuffTheSpire:Incursion"],"picked":"Prepared+1","floor":21},{"not_picked":["Pommel Strike","Abandon+1","Armaments","Entrench"],"picked":"SKIP","floor":24},{"not_picked":["Porccubus","WhiteNight","HeroicMonk"],"picked":"Singing Bowl","floor":28},{"not_picked":["Wild Strike","StuffTheSpire:Python","Whirlwind","Thunderclap+1"],"picked":"SKIP","floor":28},{"not_picked":["SnowQueen","Scarecrow","Rudolta"],"picked":"Singing Bowl","floor":30},{"not_picked":["StuffTheSpire:Injection","Sucker Punch","Uppercut"],"picked":"Dagger Spray","floor":30}],"player_experience":1225495,"relics_obtained":[{"floor":7,"key":"Pen Nib"},{"floor":8,"key":"conspire:TopHat"},{"floor":9,"key":"reliquary:JackalopeAntler"},{"floor":14,"key":"reliquary:Stiletto"},{"floor":24,"key":"reliquary:PorcupineQuills"},{"floor":30,"key":"infinitespire:Lucky Rock"},{"floor":31,"key":"CeramicFish"}],"event_choices":[{"damage_healed":0,"gold_gain":109,"player_choice":"GO ","damage_taken":8,"relics_obtained":[],"max_hp_gain":0,"max_hp_loss":0,"event_name":"betterSkull:BetterSkull","floor":5,"gold_loss":0,"cards_upgraded":[]},{"damage_healed":0,"gold_gain":0,"player_choice":"Got Potions","damage_taken":0,"max_hp_gain":0,"max_hp_loss":0,"event_name":"Lab","floor":20,"gold_loss":0},{"damage_healed":0,"gold_gain":0,"player_choice":"Upgraded","damage_taken":0,"max_hp_gain":0,"max_hp_loss":0,"event_name":"Upgrade Shrine","floor":27,"gold_loss":0,"cards_upgraded":["Catalyst"]}],"is_beta":false,"boss_relics":[{"not_picked":["Painkiller Herb","Snecko Scales"],"picked":"aspiration:IroncladSkillbook"}],"items_purged_floors":[10],"is_endless":false,"potions_floor_spawned":[2,3,8,16,18,21],"killed_by":"Collector","ascension_level":5}}