{"host":"2ty4h143nj8vwezc","time":1612062280,"event":{"mods":["BaseMod","Colored Map","Googly Eyes","Highlight Path","Minty Spire (QoL Compilation)","Quick Restart","StSLib"],"gold_per_floor":[110,80,100,111,31,31,62,79,104,116,147,159,200,212,224,325,337,362,390,241,261,57,90,90,90,90,90,103,103,103,139,139,229,229,253,273,606,606,624,624,656,666,666,666,991,991,7,7,7,7],"floor_reached":51,"language":"ENG","playtime":2973,"items_purged":[],"score":1410,"play_id":"d701d68a-3ce3-4132-be75-e9f25779ffa2","local_time":"20210130220440","is_ascension_mode":true,"campfire_choices":[{"data":"Cloak And Dagger","floor":6.0,"key":"SMITH"},{"data":"Accuracy","floor":10.0,"key":"SMITH"},{"floor":15.0,"key":"REST"},{"floor":27.0,"key":"REST"},{"floor":29.0,"key":"REST"},{"floor":32.0,"key":"REST"},{"floor":40.0,"key":"REST"},{"floor":44.0,"key":"REST"},{"floor":46.0,"key":"REST"},{"data":"1","floor":49.0,"key":"LIFT"}],"circlet_count":0,"master_deck":["AscendersBane","Strike_G+1","Strike_G+1","Strike_G+1","Strike_G+1","Defend_G+1","Defend_G+1","Defend_G+1","Defend_G+1","Defend_G+1","Survivor+1","Neutralize+1","Accuracy+1","PiercingWail","Cloak And Dagger+1","Accuracy+1","Venomology","Terror","Backstab+1","Burst","Blade Dance","Cloak And Dagger+1","Setup","Apotheosis","Infinite Blades","Blade Dance","Corpse Explosion","Blade Dance","After Image","Concentrate","Accuracy"],"relics":["Ring of the Snake","NeowsBlessing","PreservedInsect","MawBank","Lantern","Black Star","Toy Ornithopter","Bird Faced Urn","Pantograph","Lizard Tail","Anchor","Girya","Whetstone","Empty Cage","Art of War","Strawberry","Paper Crane","The Courier","Old Coin","War Paint","Bag of Preparation","Ancient Tea Set","Sundial","Centennial Puzzle","Bronze Scales","Vajra"],"acts_visited":["Exordium","TheCity","TheBeyond"],"potions_floor_usage":[50],"damage_taken":[{"damage":0.0,"enemies":"Jaw Worm","floor":1.0,"turns":1.0},{"damage":0.0,"enemies":"Cultist","floor":3.0,"turns":1.0},{"damage":0.0,"enemies":"2 Louse","floor":4.0,"turns":1.0},{"damage":9.0,"enemies":"Lagavulin","floor":7.0,"turns":10.0},{"damage":8.0,"enemies":"Blue Slaver","floor":8.0,"turns":5.0},{"damage":9.0,"enemies":"Large Slime","floor":11.0,"turns":5.0},{"damage":13.0,"enemies":"3 Sentries","floor":13.0,"turns":10.0},{"damage":24.0,"enemies":"Slime Boss","floor":16.0,"turns":10.0},{"damage":18.0,"enemies":"Spheric Guardian","floor":18.0,"turns":4.0},{"damage":16.0,"enemies":"Shell Parasite","floor":19.0,"turns":5.0},{"damage":4.0,"enemies":"Snake Plant","floor":21.0,"turns":4.0},{"damage":10.0,"enemies":"Gremlin Leader","floor":23.0,"turns":4.0},{"damage":23.0,"enemies":"Sentry and Sphere","floor":28.0,"turns":5.0},{"damage":24.0,"enemies":"Slavers","floor":31.0,"turns":5.0},{"damage":26.0,"enemies":"Champ","floor":33.0,"turns":8.0},{"damage":2.0,"enemies":"Orb Walker","floor":35.0,"turns":3.0},{"damage":0.0,"enemies":"3 Shapes","floor":36.0,"turns":3.0},{"damage":31.0,"enemies":"Transient","floor":39.0,"turns":5.0},{"damage":77.0,"enemies":"Nemesis","floor":41.0,"turns":7.0},{"damage":24.0,"enemies":"Maw","floor":42.0,"turns":6.0},{"damage":33.0,"enemies":"Reptomancer","floor":45.0,"turns":5.0},{"damage":0.0,"enemies":"Jaw Worm Horde","floor":48.0,"turns":2.0},{"damage":49,"enemies":"Donu and Deca","floor":50,"turns":6}],"seed_played":"-8506273274603511892","potions_obtained":[{"floor":2.0,"key":"EntropicBrew"},{"floor":2.0,"key":"EssenceOfSteel"},{"floor":7.0,"key":"Energy Potion"},{"floor":8.0,"key":"GamblersBrew"},{"floor":11.0,"key":"Dexterity Potion"},{"floor":13.0,"key":"EntropicBrew"},{"floor":16.0,"key":"EssenceOfSteel"},{"floor":18.0,"key":"BlessingOfTheForge"},{"floor":19.0,"key":"BlessingOfTheForge"},{"floor":33.0,"key":"Dexterity Potion"},{"floor":36.0,"key":"FairyPotion"},{"floor":41.0,"key":"Fruit Juice"},{"floor":45.0,"key":"BlessingOfTheForge"}],"is_trial":false,"path_per_floor":["M","?","M","M","$","R","E","M","T","R","M","?","E","?","R","B",null,"M","M","$","M","$","E","?","?","T","R","M","R","?","E","R","B",null,"M","M","?","?","M","R","E","M","T","R","E","R","$","M","R","B",null],"character_chosen":"THE_SILENT","items_purchased":["Accuracy","Toy Ornithopter","Apotheosis","Accuracy","War Paint","Bag of Preparation","Ancient Tea Set","Sundial","Centennial Puzzle","Bronze Scales","Vajra"],"campfire_rested":7,"item_purchase_floors":[5,20,22,47,47,47,47,47,47,47,47],"current_hp_per_floor":[59,59,59,59,59,59,50,42,42,42,33,33,20,20,39,15,53,35,19,19,25,25,20,20,20,20,39,27,46,46,28,47,48,62,64,66,66,66,35,54,26,20,20,43,26,49,49,54,54,46],"gold":7,"neow_bonus":"THREE_ENEMY_KILL","is_daily":false,"chose_seed":false,"campfire_upgraded":2,"win_rate":0.0,"timestamp":1612062280,"path_taken":["M","?","M","?","$","R","E","M","T","R","M","?","E","?","R","BOSS","M","M","$","M","$","E","?","?","T","R","M","R","?","E","R","BOSS","M","M","?","?","M","R","E","?","T","R","E","R","$","M","R","BOSS"],"items_purchased_type":["Card","Relic","Card","Card","Relic","Relic","Relic","Relic","Relic","Relic","Relic"],"build_version":"2020-12-22","purchased_purges":0,"victory":true,"max_hp_per_floor":[66,66,66,66,66,66,66,66,66,66,66,66,66,66,66,66,66,66,66,66,66,66,66,66,66,66,66,66,66,66,66,66,66,66,66,66,66,66,66,66,73,78,78,78,78,78,78,78,78,78],"card_choices":[{"not_picked":["Acrobatics","Deflect"],"picked":"Accuracy","floor":1.0},{"not_picked":["Dagger Spray","Concentrate"],"picked":"PiercingWail","floor":3.0},{"not_picked":["Flying Knee","Bane"],"picked":"Cloak And Dagger","floor":4.0},{"not_picked":["Backflip","Endless Agony"],"picked":"Venomology","floor":7.0},{"not_picked":["Expertise","Choke"],"picked":"Terror","floor":8.0},{"not_picked":["Noxious Fumes","Dodge and Roll","Deflect"],"picked":"SKIP","floor":11.0},{"not_picked":["Heel Hook","Dagger Spray"],"picked":"Backstab","floor":13.0},{"not_picked":["Bullet Time","Night Terror"],"picked":"Burst","floor":16.0},{"not_picked":["Catalyst","Outmaneuver+1"],"picked":"Blade Dance","floor":18.0},{"not_picked":["Terror+1","Deadly Poison"],"picked":"Cloak And Dagger","floor":19.0},{"not_picked":["Dodge and Roll","Underhanded Strike"],"picked":"Setup","floor":21.0},{"not_picked":["Terror","Deflect"],"picked":"Infinite Blades","floor":23.0},{"not_picked":["Masterful Stab+1","Crippling Poison","Dodge and Roll"],"picked":"SKIP","floor":28.0},{"not_picked":["Terror","Setup","Sucker Punch"],"picked":"SKIP","floor":31.0},{"not_picked":["Doppelganger","Glass Knife"],"picked":"Corpse Explosion","floor":33.0},{"not_picked":["Dagger Spray+1","Underhanded Strike"],"picked":"Blade Dance","floor":35.0},{"not_picked":["Underhanded Strike","Dagger Throw","Leg Sweep"],"picked":"SKIP","floor":36.0},{"not_picked":["Acrobatics+1","Dodge and Roll","Backflip"],"picked":"SKIP","floor":39.0},{"not_picked":["Footwork","Outmaneuver"],"picked":"After Image","floor":41.0},{"not_picked":["Poisoned Stab","Prepared","Flying Knee"],"picked":"SKIP","floor":42.0},{"not_picked":["Bane","Night Terror"],"picked":"Concentrate","floor":45.0},{"not_picked":["Underhanded Strike+1","Masterful Stab","Backflip"],"picked":"SKIP","floor":48.0}],"player_experience":309971,"relics_obtained":[{"floor":7.0,"key":"PreservedInsect"},{"floor":9.0,"key":"MawBank"},{"floor":13.0,"key":"Lantern"},{"floor":23.0,"key":"Bird Faced Urn"},{"floor":23.0,"key":"Pantograph"},{"floor":26.0,"key":"Lizard Tail"},{"floor":31.0,"key":"Girya"},{"floor":31.0,"key":"Whetstone"},{"floor":41.0,"key":"Art of War"},{"floor":41.0,"key":"Strawberry"},{"floor":43.0,"key":"Paper Crane"},{"floor":45.0,"key":"The Courier"},{"floor":45.0,"key":"Old Coin"}],"event_choices":[{"damage_healed":0.0,"max_hp_gain":0.0,"max_hp_loss":0.0,"gold_gain":0.0,"event_name":"The Woman in Blue","player_choice":"Bought 2 Potions","floor":2.0,"gold_loss":0.0,"damage_taken":0.0},{"damage_healed":0.0,"max_hp_gain":0.0,"max_hp_loss":0.0,"gold_gain":0.0,"event_name":"Living Wall","player_choice":"Grow","floor":12.0,"gold_loss":0.0,"damage_taken":0.0,"cards_upgraded":["Accuracy"]},{"damage_healed":0.0,"max_hp_gain":0.0,"max_hp_loss":0.0,"gold_gain":0.0,"event_name":"Golden Idol","player_choice":"Take Wound","floor":14.0,"gold_loss":0.0,"damage_taken":0.0,"relics_obtained":["Golden Idol"],"cards_obtained":["Injury"]},{"damage_healed":0.0,"max_hp_gain":0.0,"max_hp_loss":0.0,"gold_gain":0.0,"event_name":"The Library","player_choice":"Read","floor":24.0,"gold_loss":0.0,"damage_taken":0.0,"cards_obtained":["Blade Dance"]},{"damage_healed":0.0,"max_hp_gain":0.0,"max_hp_loss":0.0,"gold_gain":0.0,"event_name":"Back to Basics","player_choice":"Simplicity","floor":25.0,"gold_loss":0.0,"damage_taken":0.0,"cards_upgraded":["Strike_G","Strike_G","Strike_G","Strike_G","Strike_G","Defend_G","Defend_G","Defend_G","Defend_G","Defend_G"]},{"damage_healed":0.0,"max_hp_gain":0.0,"max_hp_loss":0.0,"gold_gain":0.0,"event_name":"The Mausoleum","player_choice":"Opened","floor":30.0,"gold_loss":0.0,"damage_taken":0.0,"relics_obtained":["Anchor"],"cards_obtained":["Writhe"]},{"damage_healed":0.0,"max_hp_gain":0.0,"max_hp_loss":0.0,"gold_gain":333.0,"event_name":"The Moai Head","player_choice":"Gave Idol","floor":37.0,"relics_lost":["Golden Idol"],"gold_loss":0.0,"damage_taken":0.0},{"cards_removed":["Writhe"],"damage_healed":0.0,"max_hp_gain":0.0,"max_hp_loss":0.0,"gold_gain":0.0,"event_name":"Purifier","player_choice":"Purged","floor":38.0,"gold_loss":0.0,"damage_taken":0.0}],"is_beta":false,"boss_relics":[{"not_picked":["SlaversCollar","Philosopher\u0027s Stone"],"picked":"Black Star"},{"not_picked":["Runic Pyramid","Snecko Eye"],"picked":"Empty Cage"}],"items_purged_floors":[],"is_endless":false,"potions_floor_spawned":[7,8,11,13,16,18,19,33,36,41,45],"ascension_level":16}}