{"host":"a3wpq7kyokchzawk","time":1612092767,"event":{"mods":["BaseMod","Colored Map","Highlight Path","Minty Spire (QoL Compilation)","Permanent Neow","Potion Indicator Mod","Relic Stats","Weighted Paths"],"gold_per_floor":[115,134,146,161,161,161,190,190,240,255,269,294,33,49,49,49,49],"floor_reached":16,"language":"ENG","playtime":1640,"items_purged":["Strike_R"],"score":228,"play_id":"cbc9fc2a-98ce-4037-b23b-1a8fbb416dd0","local_time":"20210131093247","is_ascension_mode":true,"campfire_choices":[{"data":"Bash","floor":6.0,"key":"SMITH"},{"data":"Double Tap","floor":8.0,"key":"SMITH"},{"data":"Uppercut","floor":15.0,"key":"SMITH"}],"circlet_count":0,"master_deck":["AscendersBane","Strike_R","Strike_R","Strike_R","Strike_R","Defend_R","Defend_R","Defend_R","Defend_R","Bash+1","Double Tap+1","Blood for Blood","Feel No Pain","Headbutt","Shrug It Off","Sword Boomerang","Dropkick","Burning Pact","Shrug It Off","Uppercut+1"],"relics":["Burning Blood","Blue Candle","Art of War","Centennial Puzzle","ClockworkSouvenir"],"acts_visited":["Exordium"],"potions_floor_usage":[],"damage_taken":[{"damage":14.0,"enemies":"2 Louse","floor":1.0,"turns":3.0},{"damage":14.0,"enemies":"Jaw Worm","floor":2.0,"turns":4.0},{"damage":1.0,"enemies":"Cultist","floor":3.0,"turns":3.0},{"damage":13.0,"enemies":"Blue Slaver","floor":4.0,"turns":4.0},{"damage":11.0,"enemies":"Gremlin Nob","floor":7.0,"turns":3.0},{"damage":1.0,"enemies":"Exordium Wildlife","floor":10.0,"turns":4.0},{"damage":14.0,"enemies":"Exordium Thugs","floor":11.0,"turns":4.0},{"damage":14.0,"enemies":"Lagavulin","floor":12.0,"turns":7.0},{"damage":17.0,"enemies":"Gremlin Gang","floor":14.0,"turns":4.0},{"damage":28,"enemies":"The Guardian","floor":16,"turns":6}],"seed_played":"-51497224458076036","potions_obtained":[{"floor":1.0,"key":"Energy Potion"},{"floor":2.0,"key":"Strength Potion"}],"is_trial":false,"path_per_floor":["M","M","M","M","?","R","E","R","T","M","M","E","$","M","R","B"],"character_chosen":"IRONCLAD","items_purchased":["ClockworkSouvenir","Shrug It Off"],"campfire_rested":0,"item_purchase_floors":[13,13],"current_hp_per_floor":[60,52,57,50,50,50,45,45,45,50,42,34,34,23,23,0,0],"gold":49,"neow_bonus":"ONE_RANDOM_RARE_CARD","is_daily":false,"chose_seed":false,"campfire_upgraded":3,"win_rate":0.0,"timestamp":1612092767,"path_taken":["M","M","M","M","?","R","E","R","T","M","M","E","$","M","R","BOSS"],"items_purchased_type":["Relic","Card"],"build_version":"2020-12-22","purchased_purges":1,"victory":false,"max_hp_per_floor":[75,75,75,75,75,75,75,75,75,75,75,75,75,75,75,75,75],"relic_stats":{"Centennial Puzzle":[6],"counters":[10,42],"Blue Candle":[0],"Art of War":[5],"obtain_stats":[{"Centennial Puzzle":12,"Blue Candle":7,"Art of War":9,"Burning Blood":0,"ClockworkSouvenir":13},{"Centennial Puzzle":8,"Blue Candle":5,"Art of War":5,"Burning Blood":0,"ClockworkSouvenir":8},{"Centennial Puzzle":32,"Blue Candle":17,"Art of War":17,"Burning Blood":0,"ClockworkSouvenir":32}],"Burning Blood":54},"card_choices":[{"not_picked":["Iron Wave","Evolve"],"picked":"Blood for Blood","floor":1.0},{"not_picked":["Sword Boomerang","Havoc"],"picked":"Feel No Pain","floor":2.0},{"not_picked":["Anger","Cleave"],"picked":"Headbutt","floor":3.0},{"not_picked":["Iron Wave","Twin Strike"],"picked":"Shrug It Off","floor":4.0},{"not_picked":["Barricade","Thunderclap","Iron Wave"],"picked":"SKIP","floor":7.0},{"not_picked":["Clash","Headbutt"],"picked":"Sword Boomerang","floor":10.0},{"not_picked":["Exhume","Headbutt"],"picked":"Dropkick","floor":11.0},{"not_picked":["Infernal Blade","Wild Strike"],"picked":"Burning Pact","floor":12.0},{"not_picked":["Rage","Clothesline"],"picked":"Uppercut","floor":14.0}],"player_experience":2505877,"relics_obtained":[{"floor":7.0,"key":"Blue Candle"},{"floor":9.0,"key":"Art of War"},{"floor":12.0,"key":"Centennial Puzzle"}],"event_choices":[{"damage_healed":0.0,"max_hp_gain":0.0,"max_hp_loss":0.0,"gold_gain":0.0,"event_name":"Liars Game","player_choice":"Ignored","floor":5.0,"gold_loss":0.0,"damage_taken":0.0}],"is_beta":false,"boss_relics":[],"items_purged_floors":[13],"is_endless":false,"potions_floor_spawned":[1,2,4],"killed_by":"The Guardian","ascension_level":20}}