{"host":"qm4rv4rkpk76sbxu","time":1612109441,"event":{"mods":["BaseMod","Bestiary","Block Reminder","DeckTracker","Filter the Spire","Keyboard Shortcuts","Minty Spire (QoL Compilation)","MonsterHotkey","Quick Restart","Random Character Button","Relic Stats","Slay-I","StSLib","Unceasing Turn Reminder","ojb\u0027s Better Paths Mod","ojb\u0027s Info Mod"],"gold_per_floor":[217,234,309,21,21,21,21],"floor_reached":6,"language":"ENG","playtime":257,"items_purged":[],"score":68,"play_id":"af24b156-bb5a-4d12-8326-a1467173fd99","local_time":"20210131171041","is_ascension_mode":true,"campfire_choices":[],"circlet_count":0,"master_deck":["AscendersBane","Strike_G","Strike_G","Strike_G","Strike_G","Strike_G","Defend_G","Defend_G","Defend_G","Defend_G","Defend_G","Survivor","Neutralize","Footwork","Blur"],"relics":["Ring of the Snake","Membership Card","PreservedInsect","Lantern"],"acts_visited":["Exordium"],"potions_floor_usage":[],"damage_taken":[{"damage":1.0,"enemies":"Small Slimes","floor":1.0,"turns":6.0},{"damage":1.0,"enemies":"2 Louse","floor":2.0,"turns":4.0},{"damage":1,"enemies":"Gremlin Nob","floor":6,"turns":2}],"seed_played":"7993158741091805777","potions_obtained":[],"is_trial":false,"path_per_floor":["M","M","?","$","?","E"],"character_chosen":"THE_SILENT","items_purchased":["Membership Card","PreservedInsect","Blur"],"campfire_rested":0,"item_purchase_floors":[4,4,4],"current_hp_per_floor":[58,57,46,46,1,0,0],"gold":21,"neow_bonus":"HUNDRED_GOLD","is_daily":false,"chose_seed":false,"campfire_upgraded":0,"win_rate":0.0,"timestamp":1612109441,"path_taken":["M","M","?","$","?","E"],"items_purchased_type":["Relic","Relic","Card"],"build_version":"2020-12-22","purchased_purges":0,"victory":false,"max_hp_per_floor":[66,66,66,66,66,66,66],"relic_stats":{"counters":[3,12],"PreservedInsect":22,"obtain_stats":[{"Lantern":5,"PreservedInsect":4,"Membership Card":4,"Ring of the Snake":0},{"Lantern":2,"PreservedInsect":2,"Membership Card":2,"Ring of the Snake":0},{"Lantern":10,"PreservedInsect":10,"Membership Card":10,"Ring of the Snake":0}],"Ring of the Snake":[6]},"card_choices":[{"not_picked":["Poisoned Stab","Reflex"],"picked":"Footwork","floor":1.0},{"not_picked":["Bane","Quick Slash","Deflect"],"picked":"SKIP","floor":2.0}],"player_experience":1454899,"relics_obtained":[],"event_choices":[{"damage_healed":0.0,"max_hp_gain":0.0,"max_hp_loss":0.0,"gold_gain":75.0,"event_name":"World of Goop","player_choice":"Gather Gold","floor":3.0,"gold_loss":0.0,"damage_taken":11.0},{"damage_healed":0.0,"max_hp_gain":0.0,"max_hp_loss":0.0,"gold_gain":0.0,"event_name":"Scrap Ooze","player_choice":"Success","floor":5.0,"gold_loss":0.0,"damage_taken":45.0,"relics_obtained":["Lantern"]}],"is_beta":false,"boss_relics":[],"items_purged_floors":[],"is_endless":false,"potions_floor_spawned":[],"killed_by":"Gremlin Nob","ascension_level":20}}