{"host":"8is2j71l4wmybkoi","time":1612103149,"event":{"mods":["AchievementEnabler","BaseMod","Colored Map","Minty Spire (QoL Compilation)","Rare Cards Sparkle","StSLib","SuperFastMode"],"gold_per_floor":[109,11,11,11,22,22,56,56,83,8,19,19,32,44,44,121,121,136,151,168,168,186,186,220,220,245,245,4,37,49,49,49,49,49],"floor_reached":33,"language":"KOR","playtime":1047,"items_purged":["Strike_R"],"score":499,"play_id":"343c4591-fe50-4df0-9670-3380d1803754","local_time":"20210131232549","is_ascension_mode":true,"campfire_choices":[{"data":"Bash","floor":6.0,"key":"SMITH"},{"data":"Flash of Steel","floor":8.0,"key":"SMITH"},{"data":"Shockwave","floor":12.0,"key":"SMITH"},{"data":"Inflame","floor":15.0,"key":"SMITH"},{"floor":23,"key":"REST"},{"data":"Limit Break","floor":25,"key":"SMITH"},{"floor":27,"key":"REST"},{"floor":32,"key":"REST"}],"circlet_count":0,"master_deck":["AscendersBane","Strike_R+1","Defend_R","Defend_R","Bash+1","Finesse","Reckless Charge+1","Flash of Steel+1","Seeing Red","Shockwave+1","Inflame+1","Limit Break+1","Bludgeon+1","Ghostly Armor+1","Corruption+1","Pommel Strike+1","Flame Barrier","Barricade","Flex","Flash of Steel","Body Slam"],"relics":["Burning Blood","Ancient Tea Set","Whetstone","Astrolabe","Kunai","Happy Flower","Medical Kit","Juzu Bracelet"],"acts_visited":["Exordium","TheCity"],"potions_floor_usage":[22,24,30,33],"damage_taken":[{"damage":9.0,"enemies":"Cultist","floor":1.0,"turns":4.0},{"damage":2.0,"enemies":"2 Louse","floor":5.0,"turns":2.0},{"damage":38.0,"enemies":"3 Sentries","floor":7.0,"turns":11.0},{"damage":1.0,"enemies":"Small Slimes","floor":11.0,"turns":4.0},{"damage":0.0,"enemies":"3 Louse","floor":13.0,"turns":2.0},{"damage":16.0,"enemies":"Exordium Thugs","floor":14.0,"turns":4.0},{"damage":23.0,"enemies":"Slime Boss","floor":16.0,"turns":8.0},{"damage":2.0,"enemies":"Shell Parasite","floor":18.0,"turns":3.0},{"damage":10.0,"enemies":"2 Thieves","floor":19.0,"turns":3.0},{"damage":24.0,"enemies":"Snake Plant","floor":20.0,"turns":3.0},{"damage":29,"enemies":"Shelled Parasite and Fungi","floor":22,"turns":5},{"damage":19,"enemies":"Gremlin Leader","floor":24,"turns":5},{"damage":28,"enemies":"Slavers","floor":29,"turns":6},{"damage":17,"enemies":"Snecko","floor":30,"turns":4},{"damage":64,"enemies":"Collector","floor":33,"turns":7}],"seed_played":"-8291892200394773523","potions_obtained":[{"floor":1.0,"key":"Weak Potion"},{"floor":13.0,"key":"FearPotion"},{"floor":14.0,"key":"GamblersBrew"},{"floor":16.0,"key":"Explosive Potion"},{"floor":18.0,"key":"Ancient Potion"},{"floor":20.0,"key":"SkillPotion"},{"floor":22,"key":"Swift Potion"},{"floor":30,"key":"AttackPotion"}],"is_trial":false,"path_per_floor":["M","$","?","?","M","R","E","R","T","$","M","R","M","M","R","B",null,"M","M","M","?","M","R","E","R","T","R","$","E","M","?","R","B"],"character_chosen":"IRONCLAD","items_purchased":["Flash of Steel","Medical Kit","Flash of Steel"],"campfire_rested":3,"item_purchase_floors":[2,28,28],"current_hp_per_floor":[65,65,58,58,62,62,30,30,30,30,35,35,41,31,31,14,60,64,60,42,42,19,41,28,28,28,50,50,28,17,17,39,0,0],"gold":49,"neow_bonus":"RANDOM_COLORLESS","is_daily":false,"chose_seed":false,"campfire_upgraded":5,"win_rate":0.0,"timestamp":1612103149,"path_taken":["M","?","?","?","M","R","E","R","T","$","M","R","M","M","R","BOSS","M","M","M","?","M","R","E","R","T","R","?","E","M","?","R","BOSS"],"items_purchased_type":["Card","Relic","Card"],"build_version":"2020-12-22","purchased_purges":1,"victory":false,"max_hp_per_floor":[75,75,75,75,75,75,75,75,75,75,75,75,75,75,75,75,75,75,75,75,75,75,75,75,75,75,75,75,75,75,75,75,75,75],"card_choices":[{"not_picked":["Deep Breath","Blind"],"picked":"Finesse","floor":0.0},{"not_picked":["Iron Wave","Ghostly Armor"],"picked":"Reckless Charge","floor":1.0},{"not_picked":["Ghostly Armor","Armaments","Iron Wave"],"picked":"SKIP","floor":5.0},{"not_picked":["Pommel Strike","Rupture"],"picked":"Seeing Red","floor":7.0},{"not_picked":["Wild Strike","Uppercut"],"picked":"Shockwave","floor":11.0},{"not_picked":["Flame Barrier","Armaments","Flex"],"picked":"SKIP","floor":13.0},{"not_picked":["Flame Barrier","Armaments","Flex"],"picked":"SKIP","floor":13.0},{"not_picked":["Clothesline","Reckless Charge"],"picked":"Inflame","floor":14.0},{"not_picked":["Bludgeon","Demon Form"],"picked":"Limit Break","floor":16.0},{"not_picked":["Clash","Warcry"],"picked":"Pommel Strike+1","floor":18.0},{"not_picked":["Sword Boomerang","Power Through","Sever Soul"],"picked":"SKIP","floor":19.0},{"not_picked":["Cleave","Armaments"],"picked":"Flame Barrier","floor":20.0},{"not_picked":["Perfected Strike","Havoc","Wild Strike"],"picked":"SKIP","floor":22},{"not_picked":["Clash","Cleave"],"picked":"Flex","floor":24},{"not_picked":["Perfected Strike","Spot Weakness","Disarm"],"picked":"SKIP","floor":29},{"not_picked":["Clash","Dropkick"],"picked":"Body Slam","floor":30}],"player_experience":891223,"relics_obtained":[{"floor":7.0,"key":"Ancient Tea Set"},{"floor":9.0,"key":"Whetstone"},{"floor":24,"key":"Kunai"},{"floor":26,"key":"Happy Flower"},{"floor":29,"key":"Juzu Bracelet"}],"event_choices":[{"cards_removed":["Strike_R"],"damage_healed":0.0,"max_hp_gain":0.0,"max_hp_loss":0.0,"gold_gain":0.0,"event_name":"Golden Wing","player_choice":"Card Removal","floor":3.0,"gold_loss":0.0,"damage_taken":7.0},{"cards_removed":["Strike_R"],"damage_healed":0.0,"max_hp_gain":0.0,"max_hp_loss":0.0,"gold_gain":0.0,"event_name":"Living Wall","player_choice":"Forget","floor":4.0,"gold_loss":0.0,"damage_taken":0.0},{"damage_healed":0,"gold_gain":0,"player_choice":"1 cards matched","damage_taken":0,"max_hp_gain":0,"max_hp_loss":0,"event_name":"Match and Keep!","floor":21,"gold_loss":0,"cards_obtained":["Barricade"]},{"damage_healed":0,"gold_gain":0,"player_choice":"Ignored","damage_taken":0,"max_hp_gain":0,"max_hp_loss":0,"event_name":"Vampires","floor":31,"gold_loss":0}],"is_beta":false,"boss_relics":[{"not_picked":["Tiny House","SlaversCollar"],"picked":"Astrolabe"}],"items_purged_floors":[10],"is_endless":false,"potions_floor_spawned":[1,13,14,16,18,20,22,30],"killed_by":"Collector","ascension_level":15}}