{"host":"8is2j71l4wmybkoi","time":1612099190,"event":{"mods":["AchievementEnabler","BaseMod","Colored Map","Minty Spire (QoL Compilation)","Rare Cards Sparkle","StSLib","SuperFastMode"],"gold_per_floor":[209,85,85,103,122,165,165,165,237,261,261,277,310,310,310,408,408,428,428,33,33,47,82,98,139,139,139,178,178,104,104,104,195,195,214,9,29,29,54,54,87,87,162,177,210,60,60,80,80,80,80,80,80,114,114],"floor_reached":56,"language":"KOR","playtime":2887,"items_purged":["Strike_P","Defend_P","Defend_P","Defend_P"],"score":2087,"play_id":"fc304eb4-bf0a-4a6f-b732-73b173a242c2","local_time":"20210131221950","is_ascension_mode":true,"campfire_choices":[{"data":"Eruption","floor":7.0,"key":"SMITH"},{"data":"CrushJoints","floor":15.0,"key":"SMITH"},{"floor":27.0,"key":"DIG"},{"floor":29.0,"key":"DIG"},{"data":"MentalFortress","floor":32.0,"key":"SMITH"},{"data":"MentalFortress","floor":40.0,"key":"SMITH"},{"floor":42.0,"key":"DIG"},{"data":"BowlingBash","floor":47.0,"key":"PURGE"},{"floor":49.0,"key":"RECALL"},{"data":"FlurryOfBlows","floor":52.0,"key":"PURGE"}],"circlet_count":0,"master_deck":["AscendersBane","Eruption+1","Vigilance+1","CrushJoints+1","DeceiveReality+1","InnerPeace+1","Perseverance+1","Collect+1","DeusExMachina+1","DeceiveReality+1","Omniscience+1","Ragnarok+1","Meditate+1","Adaptation","Ghostly+1","Ghostly+1","Ghostly+1","MentalFortress+1","Vault+1","MentalFortress+1","Establishment","MentalFortress+1"],"relics":["PureWater","Golden Idol","Dream Catcher","Toxic Egg 2","Mummified Hand","Astrolabe","PreservedInsect","TheAbacus","Shovel","Calipers","Mango","Darkstone Periapt","Happy Flower","Bottled Tornado","SacredBark","Yang","Peace Pipe","Orichalcum","Turnip"],"acts_visited":["Exordium","TheCity","TheBeyond","TheEnding"],"potions_floor_usage":[55],"damage_taken":[{"damage":0.0,"enemies":"Small Slimes","floor":1.0,"turns":3.0},{"damage":0.0,"enemies":"2 Louse","floor":4.0,"turns":2.0},{"damage":3.0,"enemies":"Jaw Worm","floor":5.0,"turns":4.0},{"damage":18.0,"enemies":"Lagavulin","floor":6.0,"turns":5.0},{"damage":0.0,"enemies":"Exordium Wildlife","floor":10.0,"turns":2.0},{"damage":3.0,"enemies":"Blue Slaver","floor":12.0,"turns":3.0},{"damage":17.0,"enemies":"Gremlin Nob","floor":13.0,"turns":5.0},{"damage":9.0,"enemies":"The Guardian","floor":16.0,"turns":10.0},{"damage":10.0,"enemies":"2 Thieves","floor":18.0,"turns":4.0},{"damage":1.0,"enemies":"Spheric Guardian","floor":22.0,"turns":3.0},{"damage":12.0,"enemies":"Slavers","floor":23.0,"turns":4.0},{"damage":3.0,"enemies":"Snake Plant","floor":24.0,"turns":3.0},{"damage":0.0,"enemies":"Gremlin Leader","floor":25.0,"turns":6.0},{"damage":3.0,"enemies":"Slavers","floor":28.0,"turns":4.0},{"damage":2.0,"enemies":"Automaton","floor":33.0,"turns":10.0},{"damage":0.0,"enemies":"Orb Walker","floor":35.0,"turns":2.0},{"damage":4.0,"enemies":"3 Shapes","floor":37.0,"turns":6.0},{"damage":0.0,"enemies":"Sphere and 2 Shapes","floor":39.0,"turns":3.0},{"damage":1.0,"enemies":"Giant Head","floor":41.0,"turns":6.0},{"damage":0.0,"enemies":"3 Darklings","floor":44.0,"turns":5.0},{"damage":2.0,"enemies":"Nemesis","floor":45.0,"turns":7.0},{"damage":0.0,"enemies":"Spire Growth","floor":48.0,"turns":5.0},{"damage":0.0,"enemies":"Awakened One","floor":50.0,"turns":8.0},{"damage":6.0,"enemies":"Shield and Spear","floor":54.0,"turns":22.0},{"damage":12,"enemies":"The Heart","floor":55,"turns":10}],"seed_played":"-5111400733998258355","potions_obtained":[{"floor":10.0,"key":"LiquidBronze"},{"floor":13.0,"key":"SpeedPotion"},{"floor":16.0,"key":"SkillPotion"},{"floor":22.0,"key":"Block Potion"},{"floor":23.0,"key":"LiquidBronze"},{"floor":28.0,"key":"SkillPotion"},{"floor":37.0,"key":"Block Potion"},{"floor":45.0,"key":"LiquidMemories"}],"is_trial":false,"path_per_floor":["M","$","?","M","M","E","R","?","T","M","?","M","E","?","R","B",null,"M","?","$","?","M","E","M","E","T","R","E","R","$","?","R","B",null,"M","$","M","?","M","R","E","R","T","M","E","$","R","M","R","B",null,"R","$","E","B",null],"character_chosen":"WATCHER","items_purchased":["ColorlessPotion","PreservedInsect","TheAbacus","MentalFortress","MentalFortress"],"campfire_rested":0,"item_purchase_floors":[2,20,20,30,36],"current_hp_per_floor":[61,61,61,61,58,40,40,21,21,21,41,38,21,21,21,12,50,40,40,40,31,30,18,15,15,29,29,26,26,26,26,26,24,40,40,40,36,36,36,36,35,35,35,35,33,33,33,33,33,33,42,42,42,36,24],"gold":114,"neow_bonus":"HUNDRED_GOLD","is_daily":false,"chose_seed":false,"campfire_upgraded":4,"win_rate":0.0,"timestamp":1612099190,"path_taken":["M","$","?","M","M","E","R","?","T","M","?","M","E","?","R","BOSS","M","?","$","?","?","E","M","E","T","R","E","R","$","?","R","BOSS","M","$","M","?","?","R","E","R","T","M","E","$","R","M","R","BOSS","R","$","E","BOSS"],"items_purchased_type":["Potion","Relic","Relic","Card","Card"],"build_version":"2020-12-22","purchased_purges":4,"victory":true,"max_hp_per_floor":[68,68,62,62,62,62,62,62,62,62,62,62,62,62,62,62,62,62,62,62,31,31,31,31,31,45,45,45,45,45,45,45,45,45,45,45,45,45,45,45,45,45,45,45,45,45,45,45,45,45,45,45,45,45,45],"card_choices":[{"not_picked":["PathToVictory","ThirdEye"],"picked":"BowlingBash","floor":1.0},{"not_picked":["SpiritShield","SashWhip"],"picked":"FlurryOfBlows","floor":4.0},{"not_picked":["Protect","ClearTheMind"],"picked":"CrushJoints","floor":5.0},{"not_picked":["BattleHymn","Indignation"],"picked":"DeceiveReality","floor":6.0},{"not_picked":["CrushJoints","FollowUp"],"picked":"InnerPeace+1","floor":10.0},{"not_picked":["PathToVictory+1","MasterReality"],"picked":"Perseverance+1","floor":12.0},{"not_picked":["ThirdEye+1","ClearTheMind+1"],"picked":"Collect+1","floor":13.0},{"not_picked":["SpiritShield+1","MasterReality"],"picked":"DeusExMachina+1","floor":16.0},{"not_picked":["FearNoEvil","ThirdEye+1"],"picked":"Meditate+1","floor":18.0},{"not_picked":["WaveOfTheHand+1","Fasting2","Wireheading"],"picked":"SKIP","floor":22.0},{"not_picked":["Consecrate","SashWhip","CrushJoints"],"picked":"SKIP","floor":23.0},{"not_picked":["Crescendo+1","Meditate+1","SignatureMove+1"],"picked":"SKIP","floor":24.0},{"not_picked":["Wallop","JustLucky","DeceiveReality+1"],"picked":"SKIP","floor":25.0},{"not_picked":["FollowUp","ClearTheMind+1","ThirdEye+1"],"picked":"SKIP","floor":28.0},{"not_picked":["MasterReality","DeusExMachina+1"],"picked":"Vault+1","floor":33.0},{"not_picked":["CrushJoints","EmptyFist","Nirvana"],"picked":"SKIP","floor":35.0},{"not_picked":["SashWhip","Halt+1","CutThroughFate"],"picked":"SKIP","floor":37.0},{"not_picked":["Meditate+1","JustLucky","BowlingBash+1"],"picked":"SKIP","floor":39.0},{"not_picked":["FlyingSleeves","LikeWater+1"],"picked":"Establishment","floor":41.0},{"not_picked":["EmptyFist","BowlingBash+1","Evaluate+1"],"picked":"SKIP","floor":44.0},{"not_picked":["ThirdEye+1","FollowUp"],"picked":"MentalFortress+1","floor":45.0},{"not_picked":["FearNoEvil","Consecrate","EmptyBody+1"],"picked":"SKIP","floor":48.0},{"not_picked":["Evaluate+1","EmptyFist","PathToVictory+1"],"picked":"SKIP","floor":54.0}],"player_experience":885689,"relics_obtained":[{"floor":6.0,"key":"Dream Catcher"},{"floor":9.0,"key":"Toxic Egg 2"},{"floor":13.0,"key":"Mummified Hand"},{"floor":23.0,"key":"Shovel"},{"floor":25.0,"key":"Calipers"},{"floor":26.0,"key":"Mango"},{"floor":27.0,"key":"Darkstone Periapt"},{"floor":28.0,"key":"Happy Flower"},{"floor":29.0,"key":"Bottled Tornado"},{"floor":41.0,"key":"Yang"},{"floor":42.0,"key":"Peace Pipe"},{"floor":45.0,"key":"Orichalcum"},{"floor":54.0,"key":"Turnip"}],"event_choices":[{"damage_healed":0.0,"max_hp_gain":0.0,"max_hp_loss":6.0,"gold_gain":0.0,"event_name":"Golden Idol","player_choice":"Lose Max HP","floor":3.0,"gold_loss":0.0,"damage_taken":0.0,"relics_obtained":["Golden Idol"]},{"damage_healed":0.0,"max_hp_gain":0.0,"max_hp_loss":0.0,"gold_gain":0.0,"event_name":"Shining Light","player_choice":"Entered Light","floor":8.0,"gold_loss":0.0,"damage_taken":19.0,"cards_upgraded":["DeceiveReality","Vigilance"]},{"damage_healed":20.0,"max_hp_gain":0.0,"max_hp_loss":0.0,"gold_gain":0.0,"event_name":"Big Fish","player_choice":"Banana","floor":11.0,"gold_loss":0.0,"damage_taken":0.0},{"damage_healed":0.0,"max_hp_gain":0.0,"max_hp_loss":0.0,"gold_gain":0.0,"event_name":"Liars Game","player_choice":"Ignored","floor":14.0,"gold_loss":0.0,"damage_taken":0.0},{"damage_healed":0.0,"max_hp_gain":0.0,"max_hp_loss":0.0,"gold_gain":0.0,"event_name":"The Library","player_choice":"Read","floor":19.0,"gold_loss":0.0,"damage_taken":0.0,"cards_obtained":["Adaptation"]},{"damage_healed":0.0,"max_hp_gain":0.0,"max_hp_loss":31.0,"gold_gain":0.0,"event_name":"Ghosts","player_choice":"Became a Ghost","floor":21.0,"gold_loss":0.0,"damage_taken":0.0,"cards_obtained":["Ghostly","Ghostly","Ghostly"]},{"cards_removed":["Strike_P"],"damage_healed":0.0,"max_hp_gain":0.0,"max_hp_loss":0.0,"gold_gain":0.0,"event_name":"Back to Basics","player_choice":"Elegance","floor":31.0,"gold_loss":0.0,"damage_taken":0.0},{"damage_healed":0.0,"max_hp_gain":0.0,"max_hp_loss":0.0,"gold_gain":0.0,"event_name":"Lab","player_choice":"Got Potions","floor":38.0,"gold_loss":0.0,"damage_taken":0.0}],"is_beta":false,"boss_relics":[{"not_picked":["HolyWater","VioletLotus"],"picked":"Astrolabe"},{"not_picked":["Velvet Choker","Philosopher\u0027s Stone"],"picked":"SacredBark"}],"items_purged_floors":[2,20,36,46],"is_endless":false,"potions_floor_spawned":[10,13,16,22,23,28,37,41,45,48],"ascension_level":15}}