{"host":"txhhdwa0hqfs4jhb","time":1612115178,"event":{"mods":["BaseMod","Better Third Choice","Filter the Spire","Fox Events","Minty Spire (QoL Compilation)","Relic Filter Mod","Relic Stats","StSLib","Thieving Mod"],"gold_per_floor":[116,41,16,27,27,61,74,74,74],"floor_reached":8,"language":"ENG","playtime":559,"items_purged":[],"score":109,"play_id":"91ccda4f-390c-4526-b733-085b425c02a0","local_time":"20210131174618","is_ascension_mode":true,"campfire_choices":[],"circlet_count":0,"master_deck":["AscendersBane","Strike_G","Strike_G","Strike_G","Strike_G","Defend_G","Defend_G+1","Defend_G+1","Defend_G","Defend_G","Survivor","Neutralize","Poisoned Stab","Blade Dance","Noxious Fumes","Predator"],"relics":["Ring of the Snake","Vajra","PreservedInsect"],"acts_visited":["Exordium"],"potions_floor_usage":[8],"damage_taken":[{"damage":7.0,"enemies":"2 Louse","floor":1.0,"turns":3.0},{"damage":0.0,"enemies":"Jaw Worm","floor":4.0,"turns":3.0},{"damage":27,"enemies":"Gremlin Nob","floor":6,"turns":4},{"damage":0,"enemies":"Small Slimes","floor":7,"turns":3},{"damage":5,"enemies":"Lagavulin","floor":8,"turns":4}],"seed_played":"-7572429132073189335","potions_obtained":[{"floor":4.0,"key":"LiquidBronze"},{"floor":6,"key":"SpeedPotion"}],"is_trial":false,"path_per_floor":["M","?","$","M","?","E","M","E"],"character_chosen":"THE_SILENT","items_purchased":["Blade Dance"],"campfire_rested":0,"item_purchase_floors":[3],"current_hp_per_floor":[52,52,52,52,32,5,5,0,0],"gold":74,"neow_bonus":"RANDOM_COMMON_RELIC","is_daily":false,"chose_seed":false,"campfire_upgraded":0,"win_rate":0.0,"timestamp":1612115178,"path_taken":["M","?","$","M","?","E","?","E"],"items_purchased_type":["Card"],"build_version":"2020-12-22","purchased_purges":0,"victory":false,"max_hp_per_floor":[66,66,66,66,66,66,66,66,66],"relic_stats":{"counters":[5,17],"PreservedInsect":36,"obtain_stats":[{"Vajra":0,"PreservedInsect":6,"Ring of the Snake":0},{"Vajra":0,"PreservedInsect":3,"Ring of the Snake":0},{"Vajra":0,"PreservedInsect":10,"Ring of the Snake":0}],"Ring of the Snake":[10]},"card_choices":[{"not_picked":["Dodge and Roll","Deadly Poison"],"picked":"Poisoned Stab","floor":1.0},{"not_picked":["Backflip","All Out Attack"],"picked":"Noxious Fumes","floor":4.0},{"not_picked":["Tools of the Trade","Sucker Punch"],"picked":"Predator","floor":6},{"not_picked":["Sucker Punch","Underhanded Strike","Dagger Spray"],"picked":"SKIP","floor":7}],"player_experience":294832,"relics_obtained":[{"floor":6,"key":"PreservedInsect"}],"event_choices":[{"cards_removed":["Strike_G"],"damage_healed":0.0,"max_hp_gain":0.0,"max_hp_loss":0.0,"gold_gain":0.0,"event_name":"The Cleric","player_choice":"Card Removal","floor":2.0,"gold_loss":75.0,"damage_taken":0.0},{"damage_healed":52,"gold_gain":0,"player_choice":"Upgrade","damage_taken":20,"max_hp_gain":0,"max_hp_loss":66,"event_name":"betterThird:BetterShining","floor":5,"gold_loss":0,"cards_upgraded":["Defend_G","Defend_G"]}],"is_beta":false,"boss_relics":[],"items_purged_floors":[],"is_endless":false,"potions_floor_spawned":[4,6],"killed_by":"Lagavulin","ascension_level":19}}