{"host":"lr515x7bpk6b6t09","time":1612095183,"event":{"mods":["Act Like it!","BaseMod","CapriCore","Downfall","Gensokyo","Marisa£®ÏF”Í°°ƒß¿Ì…≥£©","Minty Spire (QoL Compilation)","Prisma Mod","Quick Restart","Relic Stats","Shop Mod","StSLib","The Cursed","The Jungle","Waifu the Spire","Youmu£®ªÍ∆«—˝√Œ£©","[IsaacMod]“‘»ˆº‚À˛","°æ“≈ŒÔø®≈∆°øREMEMod"],"gold_per_floor":[99,115,156,156,173,10,56,68,112,124,150,182,194,217,239,376,388,400,426,456,480,492,516,528,574,586,616,641,663,183,265,283,433,507,307,325,437,453,463,504,504,504,519,519,537,556,456,11,49,49,49,79,19,19,44,44],"floor_reached":55,"language":"ZHS","playtime":3437,"items_purged":["champ:ShieldWall","hexamod:ForkedFlame","Parasite","PrismaMod:ChloeCommonDefend","Parasite","Clumsy"],"score":801,"play_id":"20020d3c-8bc2-4fcd-886d-2fbca6a3082d","local_time":"20210131201303","is_ascension_mode":false,"campfire_choices":[{"data":"BettingIsNotGood","floor":1,"key":"SMITH"},{"data":"PrismaMod:ChloeRhongomyniad","floor":8,"key":"SMITH"},{"data":"PrismaMod:ChloeGaeBolg","floor":10,"key":"SMITH"},{"data":"PrismaMod:ChloeGaeBolg","floor":18,"key":"SMITH"},{"data":"PrismaMod:ChloeGaeBolg","floor":35,"key":"SMITH"},{"floor":44,"key":"RECALL"},{"data":"PrismaMod:ChloeCaladbolg","floor":47,"key":"SMITH"},{"floor":54,"key":"REST"}],"circlet_count":0,"master_deck":["PrismaMod:ChloeCommonDefend","PrismaMod:ChloeCommonDefend","PrismaMod:ChloeCommonDefend","PrismaMod:ChloeCommonDefend","PrismaMod:ChloeCheapAttack","PrismaMod:ChloeCheapDefend","BettingIsNotGood+1","TheCursedMod:StunningStrike","PrismaMod:ChloeCommonAOEAttack","PrismaMod:ChloeRhongomyniad+1","PrismaMod:ChloeGaeBolg+1","PrismaMod:ChloeGaeBolg+1","PrismaMod:ChloeGaeBolg+1","PrismaMod:ChloeCaladbolg+1","PrismaMod:ChloeDevil","PrismaMod:ChloeRitsuka","PrismaMod:ChloeChristmas+1","Bite+1","Bite+1","Bite+1","Bite+1","Bite+1","PrismaMod:ChloeRhongomyniad+1","PrismaMod:ChloeGaeBolg+1","PrismaMod:ChloeEyeOfTheEuryale+1","PrismaMod:ChloeCheapDefendTwo+1","PrismaMod:ChloeCheapDefend+1"],"relics":["PrismaMod:PrismaTraceOn","HushsDoor","REME_ComplimentaryCards","Leech","downfall:ShatteredFragment","Cursed Key","Pantograph","MerchantsRug","Vajra","downfall:HeartBlessingGreen","downfall:HeartBlessingBlue","Boot","downfall:HeartBlessingRed","REME_CardOfGreed","Bronze Scales","REME_PuzzleBoxRelic"],"acts_visited":["Exordium","TheCity","TheBeyond","TheEnding"],"potions_floor_usage":[16,25,33,37,46,55],"damage_taken":[{"damage":0,"enemies":"Cultist","floor":2,"turns":2},{"damage":0,"enemies":"Small Slimes","floor":3,"turns":3},{"damage":0,"enemies":"Jaw Worm","floor":5,"turns":2},{"damage":10,"enemies":"downfall:FleeingMerchant","floor":6,"turns":4},{"damage":13,"enemies":"Lagavulin","floor":9,"turns":4},{"damage":0,"enemies":"2 Fungi Beasts","floor":11,"turns":2},{"damage":0,"enemies":"Red Slaver","floor":12,"turns":2},{"damage":0,"enemies":"3 Louse","floor":14,"turns":1},{"damage":0,"enemies":"Exordium Wildlife","floor":15,"turns":2},{"damage":9,"enemies":"WA_ARCHETYPE_RETAIN","floor":16,"turns":3},{"damage":0,"enemies":"Shell Parasite","floor":19,"turns":2},{"damage":0,"enemies":"Spheric Guardian","floor":20,"turns":2},{"damage":6,"enemies":"Centurion and Healer","floor":21,"turns":4},{"damage":4,"enemies":"Chosen and Byrds","floor":23,"turns":3},{"damage":20,"enemies":"Gremlin Leader","floor":25,"turns":7},{"damage":0,"enemies":"Snake Plant","floor":27,"turns":2},{"damage":6,"enemies":"3 Cultists","floor":28,"turns":3},{"damage":0,"enemies":"Snecko","floor":29,"turns":2},{"damage":8,"enemies":"downfall:FleeingMerchant","floor":30,"turns":4},{"damage":15,"enemies":"Snake Plant","floor":32,"turns":2},{"damage":32,"enemies":"IC_MUSHROOM_ARCHETYPE","floor":33,"turns":5},{"damage":7,"enemies":"3 Darklings","floor":36,"turns":2},{"damage":15,"enemies":"downfall:FleeingMerchant","floor":37,"turns":3},{"damage":0,"enemies":"Orb Walker","floor":38,"turns":1},{"damage":0,"enemies":"Writhing Mass","floor":39,"turns":3},{"damage":44,"enemies":"4 Shapes","floor":40,"turns":3},{"damage":7,"enemies":"Sphere and 2 Shapes","floor":43,"turns":3},{"damage":7,"enemies":"Writhing Mass","floor":45,"turns":4},{"damage":14,"enemies":"Spire Growth","floor":46,"turns":4},{"damage":0,"enemies":"Maw","floor":49,"turns":4},{"damage":49,"enemies":"SI_POISON_ARCHETYPE","floor":50,"turns":5},{"damage":43,"enemies":"downfall:CharBossMerchant","floor":52,"turns":4},{"damage":75,"enemies":"downfall:NeowBoss","floor":55,"turns":15}],"seed_played":"-4691215702379874983","potions_obtained":[{"floor":3,"key":"DistilledChaos"},{"floor":12,"key":"DuplicationPotion"},{"floor":14,"key":"EssenceOfSteel"},{"floor":25,"key":"Regen Potion"},{"floor":28,"key":"Guardian:BlockOnCardUsePotion"},{"floor":32,"key":"REME_GoldPotion"},{"floor":33,"key":"GamblersBrew"},{"floor":38,"key":"AttackPotion"},{"floor":43,"key":"DistilledChaos"},{"floor":45,"key":"Swift Potion"},{"floor":46,"key":"Fruit Juice"},{"floor":49,"key":"Fire Potion"}],"is_trial":false,"path_per_floor":["R","M","M","?","M","$","T","R","E","R","M","M","?","M","M","B",null,"R","M","M","M","T","M","T","E","?","M","M","M","$","T","M","B",null,"R","M","$","M","M","M","T","?","M","R","M","M","R","$","M","B",null,"E","$","R","B"],"character_chosen":"CHLOE","items_purchased":["PrismaMod:ChloeGaeBolg","MerchantsRug","Vajra","PrismaMod:ChloeGaeBolg+1","Fruit Juice","REME_CardOfGreed","Bronze Scales"],"campfire_rested":1,"item_purchase_floors":[6,30,30,30,37,48,48],"current_hp_per_floor":[82,82,82,70,71,65,65,65,55,55,56,57,45,45,46,39,82,82,82,82,78,78,82,82,64,57,57,52,56,54,54,39,22,54,64,64,54,60,68,35,35,35,35,35,37,47,47,47,64,38,71,34,34,55,27,27],"gold":44,"neow_bonus":"TEN_PERCENT_HP_BONUS","is_daily":false,"chose_seed":false,"campfire_upgraded":6,"win_rate":0.0,"timestamp":1612095183,"path_taken":["R","M","?","?","M","$","T","R","E","R","M","M","?","M","M","BOSS","R","M","M","M","?","M","T","E","?","M","M","M","$","?","M","BOSS","R","M","$","M","?","M","T","?","?","R","M","M","R","$","M","BOSS","E","$","R","BOSS"],"items_purchased_type":["Card","Relic","Relic","Card","Potion","Relic","Relic"],"build_version":"2020-12-22","purchased_purges":6,"victory":false,"max_hp_per_floor":[82,82,82,82,82,82,82,82,82,82,82,82,82,82,82,82,82,82,82,82,82,82,82,82,82,57,57,57,57,54,54,54,54,54,64,64,69,69,69,69,69,69,69,69,69,74,74,71,71,71,71,71,71,71,71,71],"relic_stats":{"counters":[33,111],"Pantograph":38,"Bronze Scales":[9],"Cursed Key":4,"Boot":[20],"obtain_stats":[{"KeepersGift":0,"MerchantsRug":30,"downfall:ShatteredFragment":13,"downfall:HeartBlessingRed":47,"BelialBook":4,"BookOfRevelations":22,"Vajra":30,"downfall:HeartBlessingGreen":35,"MawBank":7,"Cursed Key":17,"Empty Cage":34,"Boot":41,"PrismaMod:PrismaTraceOn":0,"Leech":0,"D6":9,"downfall:HeartBlessingBlue":35,"Pantograph":24,"Bronze Scales":48,"Molten Egg 2":25,"REME_CardOfGreed":48,"REME_PuzzleBoxRelic":52,"HushsDoor":0,"REME_ComplimentaryCards":0},{"KeepersGift":0,"MerchantsRug":19,"downfall:ShatteredFragment":7,"downfall:HeartBlessingRed":29,"BelialBook":2,"BookOfRevelations":13,"Vajra":19,"downfall:HeartBlessingGreen":21,"MawBank":4,"Cursed Key":10,"Empty Cage":21,"Boot":26,"PrismaMod:PrismaTraceOn":0,"Leech":0,"D6":5,"downfall:HeartBlessingBlue":21,"Pantograph":14,"Bronze Scales":29,"Molten Egg 2":15,"REME_CardOfGreed":29,"REME_PuzzleBoxRelic":32,"HushsDoor":0,"REME_ComplimentaryCards":0},{"KeepersGift":0,"MerchantsRug":54,"downfall:ShatteredFragment":19,"downfall:HeartBlessingRed":84,"BelialBook":5,"BookOfRevelations":33,"Vajra":54,"downfall:HeartBlessingGreen":61,"MawBank":11,"Cursed Key":25,"Empty Cage":61,"Boot":73,"PrismaMod:PrismaTraceOn":0,"Leech":0,"D6":15,"downfall:HeartBlessingBlue":61,"Pantograph":36,"Bronze Scales":84,"Molten Egg 2":43,"REME_CardOfGreed":84,"REME_PuzzleBoxRelic":97,"HushsDoor":0,"REME_ComplimentaryCards":0}]},"card_choices":[{"not_picked":[],"picked":"BettingIsNotGood","floor":0},{"not_picked":["PrismaMod:ChloeCheapDefend","Bomb"],"picked":"PrismaMod:ChloeCommonAOEAttack","floor":2},{"not_picked":["PrismaMod:ChloeCheapDefend","PrismaMod:ChloeExhaustTwo","PrismaMod:ChloeRuleBreaker"],"picked":"SKIP","floor":3},{"not_picked":["PrismaMod:ChloeCommonAOEAttack","PrismaMod:ChloeDiscardRecovery","PrismaMod:ChloeExhaustThree"],"picked":"SKIP","floor":5},{"not_picked":["PrismaMod:ChloeExhaustOne","PrismaMod:ChloeCheapAttackTwo"],"picked":"PrismaMod:ChloeRhongomyniad","floor":6},{"not_picked":["PrismaMod:ChloeCommonAOEAttack","PrismaMod:ChloeCheapAttackTwo","PrismaMod:ChloeCheapDefend"],"picked":"SKIP","floor":9},{"not_picked":["PrismaMod:ChloeCheapDefendTwo","PrismaMod:ChloeUncommonDefend","PrismaMod:ChloeAnyCommonTrace"],"picked":"SKIP","floor":11},{"not_picked":["PrismaMod:ChloeMordred","PrismaMod:ChloeExhaustOne"],"picked":"PrismaMod:ChloeGaeBolg","floor":12},{"not_picked":["PrismaMod:ChloeCheapAttackTwo","PrismaMod:ChloeUncommonDefend"],"picked":"PrismaMod:ChloeGaeBolg","floor":14},{"not_picked":["PrismaMod:ChloeDemonicTutor","PrismaMod:ChloeEyeOfTheEuryale"],"picked":"PrismaMod:ChloeCaladbolg","floor":15},{"not_picked":["PrismaMod:ChloeAnyAttackTrace","PrismaMod:ChloeExhaustThree"],"picked":"PrismaMod:ChloeDevil","floor":16},{"not_picked":["PrismaMod:ChloeCheapDefendTwo","PrismaMod:ChloeCommonAOEAttack","PrismaMod:ChloeUncommonAOEAttack"],"picked":"SKIP","floor":19},{"not_picked":["PrismaMod:ChloeCheapDefend","PrismaMod:ChloeCheapAttackTwo","PrismaMod:ChloeUncommonAOEAttack+1"],"picked":"SKIP","floor":20},{"not_picked":["PrismaMod:ChloeCheapAttack+1","PrismaMod:ChloeDiscardRecovery+1"],"picked":"PrismaMod:ChloeRitsuka","floor":21},{"not_picked":["PrismaMod:ChloeAnyRareTrace","PrismaMod:ChloeExhaustOne"],"picked":"PrismaMod:ChloeChristmas+1","floor":23},{"not_picked":["PrismaMod:ChloeExhaustThree","PrismaMod:ChloeChristmas","PrismaMod:ChloeCheapDefend"],"picked":"SKIP","floor":25},{"not_picked":["PrismaMod:ChloeCheapDefendTwo","PrismaMod:ChloeBetterTracePools","PrismaMod:ChloeCommonAOEAttack+1"],"picked":"SKIP","floor":27},{"not_picked":["PrismaMod:ChloeCheapAttackTwo+1","PrismaMod:ChloeRitsuka","PrismaMod:ChloeCheapAttack+1"],"picked":"SKIP","floor":28},{"not_picked":["PrismaMod:ChloeCheapAttackTwo+1","PrismaMod:ChloeCommonAOEAttack+1","PrismaMod:ChloeMaid"],"picked":"SKIP","floor":29},{"not_picked":["PrismaMod:ChloeCheapAttackTwo+1","PrismaMod:ChloeCheapDefendTwo"],"picked":"PrismaMod:ChloeRhongomyniad+1","floor":30},{"not_picked":["PrismaMod:ChloeUncommonAttack+1","PrismaMod:ChloeCheapAttack+1","PrismaMod:ChloeDiscardRecovery+1"],"picked":"SKIP","floor":32},{"not_picked":["PrismaMod:ChloeCheapAttackTwo+1","PrismaMod:ChloeMaid+1"],"picked":"PrismaMod:ChloeEyeOfTheEuryale+1","floor":36},{"not_picked":["PrismaMod:ChloeDiscardRecovery+1","PrismaMod:ChloeCheapDefend","PrismaMod:ChloeCommonAOEAttack+1"],"picked":"SKIP","floor":37},{"not_picked":["PrismaMod:ChloeMaid+1","PrismaMod:ChloeExhaustOne"],"picked":"PrismaMod:ChloeCheapDefendTwo+1","floor":38},{"not_picked":["PrismaMod:ChloeDiscardRecovery","PrismaMod:ChloeDemonicTutor+1","PrismaMod:ChloeRuleBreaker+1"],"picked":"SKIP","floor":39},{"not_picked":["PrismaMod:ChloeDemonicTutor+1","PrismaMod:ChloeCheapAttack+1","PrismaMod:ChloeUncommonAttack+1"],"picked":"SKIP","floor":40},{"not_picked":["PrismaMod:ChloeCheapDefend","PrismaMod:ChloeCheapDefendTwo","PrismaMod:ChloeCommonAOEAttack+1"],"picked":"SKIP","floor":43},{"not_picked":["PrismaMod:ChloeUncommonDefend+1","PrismaMod:ChloeExhaustOne+1","PrismaMod:ChloeCommonAOEAttack+1"],"picked":"SKIP","floor":45},{"not_picked":["PrismaMod:ChloeCheapDefendTwo","PrismaMod:ChloeCommonAOEAttack+1"],"picked":"PrismaMod:ChloeCheapDefend+1","floor":46},{"not_picked":["PrismaMod:ChloeRitsuka","PrismaMod:ChloeAnyPowerTrace","PrismaMod:ChloeUncommonDefend+1"],"picked":"SKIP","floor":49},{"not_picked":["PrismaMod:ChloeExhaustTwo+1","PrismaMod:ChloeCommonAOEAttack+1","PrismaMod:ChloeCaladbolg+1"],"picked":"SKIP","floor":52}],"player_experience":184854,"relics_obtained":[{"floor":7,"key":"MawBank"},{"floor":9,"key":"D6"},{"floor":22,"key":"BookOfRevelations"},{"floor":24,"key":"Pantograph"},{"floor":25,"key":"Molten Egg 2"},{"floor":41,"key":"Boot"},{"floor":52,"key":"REME_PuzzleBoxRelic"}],"event_choices":[{"damage_healed":0,"gold_gain":0,"player_choice":"Success","damage_taken":12,"relics_obtained":["BelialBook"],"max_hp_gain":0,"max_hp_loss":0,"event_name":"Scrap Ooze","floor":4,"gold_loss":0},{"damage_healed":0,"gold_gain":0,"player_choice":"Became a vampire","damage_taken":0,"max_hp_gain":0,"max_hp_loss":25,"event_name":"Vampires","floor":26,"gold_loss":0,"cards_obtained":["Bite","Bite","Bite","Bite","Bite"]}],"is_beta":false,"boss_relics":[{"not_picked":["SacredBark","REME_DemonsWealth"],"picked":"Cursed Key"},{"not_picked":[]},{"not_picked":["Astrolabe","PrismaMod:PrismaTraceOnUpgrade"],"picked":"Empty Cage"},{"not_picked":[]}],"items_purged_floors":[6,30,30,37,48,53],"is_endless":false,"potions_floor_spawned":[3,12,14,25,28,32,33,38,43,45,46,49],"killed_by":"downfall:NeowBoss","ascension_level":0}}