{"host":"7jl348xfsxr8glry","time":1612093115,"event":{"mods":["AchievementEnabler","BaseMod","Colored Map","Minty Spire (QoL Compilation)","Random Character Button","Unceasing Turn Reminder"],"gold_per_floor":[112,27,27,27,42,42,75,75,101,136,136,153,153,164,164,262,262,279,290,36,50,50,79,79,79,79,79,98,113,113,123,123,221,221,241,241,252,252,302,302,302],"floor_reached":40,"language":"ENG","playtime":1982,"items_purged":[],"score":501,"play_id":"214de8f2-e66d-4cc8-bc7e-6eb783a0f5ce","local_time":"20210131223835","is_ascension_mode":true,"campfire_choices":[{"data":"Noxious Fumes","floor":6,"key":"SMITH"},{"floor":8,"key":"REST"},{"floor":13,"key":"REST"},{"data":"Crippling Poison","floor":15,"key":"SMITH"},{"floor":25,"key":"REST"},{"floor":27,"key":"REST"},{"floor":30,"key":"RECALL"},{"floor":32,"key":"REST"}],"circlet_count":0,"master_deck":["Strike_G","Strike_G","Strike_G","Strike_G","Defend_G","Defend_G","Defend_G","Defend_G","Defend_G","Survivor","Neutralize","Distraction","Noxious Fumes+1","Flying Knee","Deadly Poison+1","Outmaneuver","Envenom+1","Crippling Poison+1","After Image+1","Flying Knee","Backflip+1","Deadly Poison+1","Shame","Noxious Fumes+1","Sucker Punch","Flying Knee","Bane","Writhe","Blur+1"],"relics":["Ring of the Snake","Frozen Egg 2","Regal Pillow","Philosopher\u0027s Stone","Toxic Egg 2","Lantern","Bronze Scales","Mango","HoveringKite","The Specimen"],"acts_visited":["Exordium","TheCity","TheBeyond"],"potions_floor_usage":[7,16,21,21,33,33,40],"damage_taken":[{"damage":0,"enemies":"Jaw Worm","floor":1,"turns":5},{"damage":0,"enemies":"2 Louse","floor":5,"turns":2},{"damage":22,"enemies":"Gremlin Nob","floor":7,"turns":4},{"damage":24,"enemies":"Lagavulin","floor":10,"turns":7},{"damage":4,"enemies":"Small Slimes","floor":12,"turns":3},{"damage":0,"enemies":"2 Fungi Beasts","floor":14,"turns":3},{"damage":63,"enemies":"Slime Boss","floor":16,"turns":11},{"damage":6,"enemies":"Chosen","floor":18,"turns":4},{"damage":13,"enemies":"Shell Parasite","floor":19,"turns":5},{"damage":8,"enemies":"Cultist and Chosen","floor":21,"turns":7},{"damage":24,"enemies":"Gremlin Leader","floor":23,"turns":5},{"damage":4,"enemies":"Snake Plant","floor":28,"turns":3},{"damage":5,"enemies":"Centurion and Healer","floor":29,"turns":5},{"damage":30,"enemies":"Cultist and Chosen","floor":31,"turns":6},{"damage":35,"enemies":"Champ","floor":33,"turns":9},{"damage":1,"enemies":"3 Shapes","floor":35,"turns":4},{"damage":8,"enemies":"Orb Walker","floor":37,"turns":4},{"damage":24,"enemies":"Mind Bloom Boss Battle","floor":39,"turns":7},{"damage":100,"enemies":"Giant Head","floor":40,"turns":8}],"seed_played":"-7245620789849379362","potions_obtained":[{"floor":1,"key":"LiquidMemories"},{"floor":5,"key":"EssenceOfSteel"},{"floor":7,"key":"ColorlessPotion"},{"floor":14,"key":"Strength Potion"},{"floor":16,"key":"SteroidPotion"},{"floor":21,"key":"Swift Potion"},{"floor":23,"key":"Ancient Potion"},{"floor":28,"key":"LiquidBronze"},{"floor":31,"key":"Dexterity Potion"},{"floor":35,"key":"DuplicationPotion"},{"floor":39,"key":"Regen Potion"}],"is_trial":false,"path_per_floor":["M","$","?","$","M","R","E","R","T","E","?","M","R","M","R","B",null,"M","M","$","M","?","E","?","R","T","R","M","M","R","M","R","B",null,"M","?","M","?","?","E"],"character_chosen":"THE_SILENT","items_purchased":["Noxious Fumes","Flying Knee","Toxic Egg 2"],"campfire_rested":5,"item_purchase_floors":[2,2,20],"current_hp_per_floor":[77,77,70,70,70,70,48,71,71,47,47,43,77,77,77,14,77,71,58,58,50,36,12,12,51,65,96,92,87,87,57,96,61,96,95,96,88,88,64,0,0],"gold":302,"neow_bonus":"TEN_PERCENT_HP_BONUS","is_daily":false,"chose_seed":false,"campfire_upgraded":2,"win_rate":0.0,"timestamp":1612093115,"path_taken":["M","$","?","$","M","R","E","R","T","E","?","M","R","M","R","BOSS","M","M","$","M","?","E","?","R","T","R","M","M","R","M","R","BOSS","M","?","M","?","?","E"],"items_purchased_type":["Card","Card","Relic"],"build_version":"2020-12-22","purchased_purges":0,"victory":false,"max_hp_per_floor":[77,77,77,77,77,77,77,77,77,77,77,77,77,77,77,77,77,77,77,77,77,82,82,82,82,96,96,96,96,96,96,96,96,96,96,96,96,96,96,96,96],"card_choices":[{"not_picked":["Acrobatics","Dash"],"picked":"Distraction","floor":1},{"not_picked":["Flying Knee","Setup"],"picked":"Deadly Poison","floor":5},{"not_picked":["Infinite Blades+1","Dagger Spray"],"picked":"Outmaneuver","floor":7},{"not_picked":["Quick Slash","Deflect"],"picked":"Envenom+1","floor":10},{"not_picked":["Dagger Spray","Prepared","Blade Dance"],"picked":"SKIP","floor":12},{"not_picked":["Choke","Slice"],"picked":"Crippling Poison","floor":14},{"not_picked":["Adrenaline","Unload"],"picked":"After Image+1","floor":16},{"not_picked":["Prepared","Eviscerate","Dagger Throw+1"],"picked":"SKIP","floor":18},{"not_picked":["Dagger Throw","Backflip+1"],"picked":"Flying Knee","floor":19},{"not_picked":["Reflex+1","Terror+1"],"picked":"Backflip+1","floor":21},{"not_picked":["Blade Dance+1","Night Terror+1"],"picked":"Deadly Poison+1","floor":23},{"not_picked":["Cloak And Dagger+1","Dagger Throw"],"picked":"Noxious Fumes+1","floor":28},{"not_picked":["Eviscerate","Endless Agony"],"picked":"Sucker Punch","floor":29},{"not_picked":["Flechettes","Dagger Throw"],"picked":"Flying Knee","floor":31},{"not_picked":["Deflect+1","Distraction+1"],"picked":"Bane","floor":35},{"not_picked":["Cloak And Dagger+1","Prepared+1","Slice"],"picked":"SKIP","floor":37},{"not_picked":["Well Laid Plans+1","Terror+1"],"picked":"Blur+1","floor":39}],"player_experience":171817,"relics_obtained":[{"floor":7,"key":"Frozen Egg 2"},{"floor":10,"key":"Regal Pillow"},{"floor":23,"key":"Lantern"},{"floor":26,"key":"Mango"},{"floor":39,"key":"The Specimen"}],"event_choices":[{"cards_removed":["Strike_G"],"damage_healed":0,"gold_gain":0,"player_choice":"Card Removal","damage_taken":7,"max_hp_gain":0,"max_hp_loss":0,"event_name":"Golden Wing","floor":3,"gold_loss":0},{"damage_healed":0,"gold_gain":0,"player_choice":"Grow","damage_taken":0,"max_hp_gain":0,"max_hp_loss":0,"event_name":"Living Wall","floor":11,"gold_loss":0,"cards_upgraded":["Deadly Poison"]},{"damage_healed":0,"gold_gain":0,"player_choice":"Shed Blood","damage_taken":19,"max_hp_gain":5,"max_hp_loss":0,"event_name":"Forgotten Altar","floor":22,"gold_loss":0},{"damage_healed":0,"gold_gain":0,"player_choice":"Stole Relic","damage_taken":0,"relics_obtained":["Bronze Scales"],"max_hp_gain":0,"max_hp_loss":0,"event_name":"Addict","floor":24,"gold_loss":0,"cards_obtained":["Shame"]},{"damage_healed":24,"gold_gain":0,"player_choice":"Writhe","damage_taken":0,"max_hp_gain":0,"max_hp_loss":0,"event_name":"Winding Halls","floor":36,"gold_loss":0,"cards_obtained":["Writhe"]},{"damage_healed":0,"gold_gain":0,"player_choice":"Ignored","damage_taken":0,"max_hp_gain":0,"max_hp_loss":0,"event_name":"Tomb of Lord Red Mask","floor":38,"gold_loss":0},{"damage_healed":0,"gold_gain":0,"player_choice":"Fight","damage_taken":0,"max_hp_gain":0,"max_hp_loss":0,"event_name":"MindBloom","floor":39,"gold_loss":0}],"is_beta":false,"boss_relics":[{"not_picked":["Pandora\u0027s Box","Fusion Hammer"],"picked":"Philosopher\u0027s Stone"},{"not_picked":["Ring of the Serpent","Sozu"],"picked":"HoveringKite"}],"items_purged_floors":[],"is_endless":false,"potions_floor_spawned":[1,5,7,14,16,21,23,28,31,35,39],"killed_by":"Giant Head","ascension_level":3}}