{"host":"dcj2yvrgcvh5dl2s","time":1612070604,"event":{"mods":["BaseMod","Bestiary","Better Note","Block Reminder","Colored Powertips","Curses Come First","DeckTracker","Minty Spire (QoL Compilation)","Quick Restart","Rare Cards Sparkle","Relic Stats","StSLib"],"gold_per_floor":[114,133,30,30,30,47,47,72,72,103,122,122,122,122,122,194,194,205,11,22,22,22,22,39,74,74,74,85,85,85],"floor_reached":29,"language":"ENG","playtime":1031,"items_purged":["Strike_R"],"score":552,"play_id":"6a0bb8cb-6b0c-438c-afbc-c920ce6d1cc8","local_time":"20210131152324","is_ascension_mode":true,"campfire_choices":[{"floor":7,"key":"REST"},{"floor":12,"key":"REST"},{"floor":15,"key":"REST"},{"data":"True Grit","floor":23,"key":"SMITH"},{"floor":27,"key":"REST"}],"circlet_count":0,"master_deck":["AscendersBane","Strike_R","Defend_R+1","Defend_R+1","Defend_R","Defend_R+1","Bash","Demon Form","Intimidate+1","Inflame","Heavy Blade","Flex","Uppercut","Body Slam","Flex","Reaper","Body Slam+1","Offering","True Grit+1","Flex","Barricade"],"relics":["Burning Blood","Toy Ornithopter","Pear","War Paint","Mercury Hourglass","Mark of Pain","MutagenicStrength","Mummified Hand","Bottled Tornado"],"acts_visited":["Exordium","TheCity"],"potions_floor_usage":[6,11,25,29],"damage_taken":[{"damage":12,"enemies":"Cultist","floor":1,"turns":4},{"damage":6,"enemies":"Jaw Worm","floor":2,"turns":6},{"damage":1,"enemies":"2 Louse","floor":6,"turns":3},{"damage":29,"enemies":"Gremlin Nob","floor":8,"turns":4},{"damage":46,"enemies":"Lagavulin","floor":10,"turns":8},{"damage":23,"enemies":"Exordium Thugs","floor":11,"turns":5},{"damage":36,"enemies":"Hexaghost","floor":16,"turns":8},{"damage":31,"enemies":"Chosen","floor":18,"turns":5},{"damage":16,"enemies":"Shell Parasite","floor":20,"turns":4},{"damage":36,"enemies":"Snake Plant","floor":24,"turns":4},{"damage":61,"enemies":"Book of Stabbing","floor":25,"turns":6},{"damage":42,"enemies":"Shelled Parasite and Fungi","floor":28,"turns":7},{"damage":43,"enemies":"Chosen and Byrds","floor":29,"turns":7}],"seed_played":"713488534265336622","potions_obtained":[{"floor":1,"key":"FairyPotion"},{"floor":6,"key":"BloodPotion"},{"floor":10,"key":"Dexterity Potion"},{"floor":18,"key":"GamblersBrew"},{"floor":28,"key":"GamblersBrew"}],"is_trial":false,"path_per_floor":["M","M","$","?","?","M","R","E","T","E","M","R","?","T","R","B",null,"M","$","M","$","?","R","M","E","T","R","M","M"],"character_chosen":"IRONCLAD","items_purchased":["Flex","Offering","True Grit"],"campfire_rested":4,"item_purchase_floors":[3,19,19],"current_hp_per_floor":[44,44,44,49,25,46,70,47,57,17,33,60,53,53,80,50,80,68,68,67,67,67,67,46,17,17,44,20,0,0],"gold":85,"neow_bonus":"TRANSFORM_TWO_CARDS","is_daily":false,"chose_seed":false,"campfire_upgraded":1,"win_rate":0.0,"timestamp":1612070604,"path_taken":["M","?","$","?","?","?","R","E","T","E","M","R","?","?","R","BOSS","M","$","M","$","?","R","M","E","T","R","M","M"],"items_purchased_type":["Card","Card","Card"],"build_version":"2020-12-22","purchased_purges":1,"victory":false,"max_hp_per_floor":[75,75,75,80,80,80,80,80,90,90,90,90,90,90,90,90,90,90,90,90,90,90,90,90,90,90,90,90,90,90],"relic_stats":{"counters":[13,70],"Mummified Hand":[7],"War Paint":["Defend_R","Defend_R"],"obtain_stats":[{"Pear":9,"Mummified Hand":25,"MutagenicStrength":22,"Mark of Pain":17,"War Paint":10,"Bottled Tornado":26,"Burning Blood":0,"Toy Ornithopter":8,"Mercury Hourglass":14},{"Pear":4,"Mummified Hand":11,"MutagenicStrength":9,"Mark of Pain":7,"War Paint":5,"Bottled Tornado":11,"Burning Blood":0,"Toy Ornithopter":4,"Mercury Hourglass":6},{"Pear":17,"Mummified Hand":56,"MutagenicStrength":47,"Mark of Pain":38,"War Paint":25,"Bottled Tornado":56,"Burning Blood":0,"Toy Ornithopter":17,"Mercury Hourglass":30}],"Burning Blood":72,"Toy Ornithopter":15,"Mercury Hourglass":[101]},"card_choices":[{"not_picked":["Clothesline","Cleave"],"picked":"Inflame","floor":1},{"not_picked":["Body Slam","Clash"],"picked":"Heavy Blade","floor":2},{"not_picked":["Twin Strike","Impervious"],"picked":"Uppercut","floor":6},{"not_picked":["Clash","Havoc"],"picked":"Body Slam","floor":8},{"not_picked":["Dual Wield","Havoc"],"picked":"Flex","floor":10},{"not_picked":["Perfected Strike","Burning Pact","Intimidate"],"picked":"SKIP","floor":11},{"not_picked":["Barricade","Bludgeon"],"picked":"Reaper","floor":16},{"not_picked":["Perfected Strike","Sever Soul"],"picked":"Body Slam+1","floor":18},{"not_picked":["Sever Soul","True Grit","Pommel Strike"],"picked":"SKIP","floor":20},{"not_picked":["Warcry","Sword Boomerang"],"picked":"Flex","floor":24},{"not_picked":["Body Slam","Warcry"],"picked":"Barricade","floor":25},{"not_picked":["Rupture","Spot Weakness","Perfected Strike"],"picked":"SKIP","floor":28}],"player_experience":2310324,"relics_obtained":[{"floor":8,"key":"Toy Ornithopter"},{"floor":9,"key":"Pear"},{"floor":10,"key":"War Paint"},{"floor":14,"key":"Mercury Hourglass"},{"floor":25,"key":"Mummified Hand"},{"floor":26,"key":"Bottled Tornado"}],"event_choices":[{"damage_healed":0,"gold_gain":0,"player_choice":"Donut","damage_taken":0,"max_hp_gain":5,"max_hp_loss":0,"event_name":"Big Fish","floor":4,"gold_loss":0},{"damage_healed":0,"gold_gain":0,"player_choice":"Entered Light","damage_taken":24,"max_hp_gain":0,"max_hp_loss":0,"event_name":"Shining Light","floor":5,"gold_loss":0,"cards_upgraded":["Intimidate","Defend_R"]},{"cards_removed":["Strike_R"],"damage_healed":0,"gold_gain":0,"player_choice":"Card Removal","damage_taken":7,"max_hp_gain":0,"max_hp_loss":0,"event_name":"Golden Wing","floor":13,"gold_loss":0},{"damage_healed":0,"gold_gain":0,"player_choice":"Inject Mutagens","damage_taken":0,"relics_obtained":["MutagenicStrength"],"max_hp_gain":0,"max_hp_loss":0,"event_name":"Drug Dealer","floor":22,"gold_loss":0}],"is_beta":false,"boss_relics":[{"not_picked":["Pandora\u0027s Box","SlaversCollar"],"picked":"Mark of Pain"}],"items_purged_floors":[3],"is_endless":false,"potions_floor_spawned":[1,6,10,18,28],"killed_by":"Chosen and Byrds","ascension_level":20}}