{"host":"gj3450u0c4def4mj","time":1612126530,"event":{"mods":["Act Like it!","BaseMod","Gensokyo","Koishi","Minty Spire (QoL Compilation)","StSLib"],"gold_per_floor":[365,365,381,391,316,345,303,329,329,37,57,57,131,145,145,245,245,263,25,38,288,303,303,338,357,357,411,411,425,425,439,439,540,540,557,557,573,584,251,278,278,304,329,363,363,381,181,209,209,209],"floor_reached":51,"language":"ENG","playtime":4250,"items_purged":["Writhe","Writhe"],"score":1530,"play_id":"f258a444-0ca8-4345-8b07-3ca101a5479f","local_time":"20210131155530","is_ascension_mode":true,"campfire_choices":[{"data":"Koishi:SprinkleStarAndHeart","floor":12,"key":"SMITH"},{"data":"Koishi:Untouchable","floor":15,"key":"SMITH"},{"data":"Koishi:Ego","floor":23,"key":"SMITH"},{"data":"Koishi:ApparitionsStalkTheNight","floor":30,"key":"SMITH"},{"data":"Koishi:PerfectMindControl","floor":32,"key":"SMITH"},{"data":"Koishi:RorschachInDanmaku","floor":41,"key":"SMITH"},{"data":"Koishi:HeartAttack","floor":45,"key":"SMITH"},{"data":"Koishi:ConfinedInnocent","floor":49,"key":"SMITH"}],"circlet_count":0,"master_deck":["Koishi:Provoke","Koishi:HauntingSlash","Koishi:SprinkleStarAndHeart+1","Koishi:SubconsciousSweep","Koishi:Untouchable+1","Koishi:SubterraneanRose","Koishi:SubconsciousSweep","Koishi:RorschachInDanmaku+1","Koishi:ConfinedInnocent+1","Koishi:PerfectMindControl+1","Koishi:SubterraneanRose","Koishi:MindStellarRelief","Koishi:VengefulSpirit","Koishi:Ego+1","Koishi:BloodcurdlingScream","Koishi:TremblingHands","Koishi:SilentAndRestless","Koishi:GhostParty","Koishi:ApparitionsStalkTheNight+1","Koishi:VengefulSpirit","Koishi:RacingHeart","Koishi:UnseenTerror","Koishi:IdleWhim+1","Koishi:Prune","Koishi:Prune","Koishi:MindStellarRelief","Koishi:SprinkleStarAndHeart+1","Koishi:FreudianInstinct+1","Koishi:RuptureMind","Koishi:RorschachInDanmaku","Koishi:SubconsciousSweep","Koishi:UnseenTerror","Koishi:GrowingPain","Koishi:HeartAttack+1","Koishi:ReleaseOfTheId+1","Koishi:ApparitionsStalkTheNight+1","Gensokyo:Kunekune","Koishi:UnseenTerror+1"],"relics":["Koishi:ImaginaryFriend","Question Card","Thread and Needle","Peace Pipe","Membership Card","PreservedInsect","White Beast Statue","Pandora\u0027s Box","Koishi:AHoleWhereASisterShouldBe","Matryoshka","Nunchaku","Letter Opener","Blood Vial","Bronze Scales","Snecko Eye","Sundial","Pen Nib","Dream Catcher","Du-Vu Doll","Regal Pillow","Bag of Marbles","Kunai"],"acts_visited":["Gensokyo:Gensokyo","Gensokyo:Gensokyoer","Gensokyo:Gensokyoest"],"potions_floor_usage":[40,42,50,50,50],"damage_taken":[{"damage":0,"enemies":"Gensokyo:3_Fairies","floor":1,"turns":6},{"damage":1,"enemies":"Gensokyo:Python","floor":3,"turns":5},{"damage":4,"enemies":"Gensokyo:Gryphon","floor":4,"turns":5},{"damage":20,"enemies":"Gensokyo:Mamizou","floor":6,"turns":10},{"damage":22,"enemies":"Gensokyo:Aya","floor":8,"turns":12},{"damage":4,"enemies":"Gensokyo:Kitsune","floor":11,"turns":5},{"damage":0,"enemies":"Gensokyo:3_Kodama","floor":14,"turns":5},{"damage":0,"enemies":"Gensokyo:Reimu","floor":16,"turns":21},{"damage":14,"enemies":"Gensokyo:AngelMirror","floor":18,"turns":6},{"damage":2,"enemies":"Gensokyo:Chomper","floor":20,"turns":6},{"damage":9,"enemies":"Gensokyo:Monolith_and_Dog","floor":22,"turns":12},{"damage":10,"enemies":"Gensokyo:Tenshi","floor":24,"turns":9},{"damage":0,"enemies":"Gensokyo:Mirror_and_Dog","floor":25,"turns":6},{"damage":0,"enemies":"Gensokyo:Chomper_and_Gloop","floor":29,"turns":7},{"damage":0,"enemies":"Gensokyo:Monolith_and_Dog","floor":31,"turns":6},{"damage":0,"enemies":"Gensokyo:Eternal_Rivals","floor":33,"turns":12},{"damage":0,"enemies":"Gensokyo:3_Boulders","floor":35,"turns":5},{"damage":3,"enemies":"Gensokyo:3_Bats","floor":37,"turns":4},{"damage":0,"enemies":"Gensokyo:3_Boulders","floor":38,"turns":5},{"damage":0,"enemies":"Gensokyo:Kasen","floor":40,"turns":6},{"damage":0,"enemies":"Gensokyo:Doremy","floor":42,"turns":6},{"damage":0,"enemies":"Gensokyo:Kasen","floor":44,"turns":4},{"damage":0,"enemies":"Gensokyo:Sharpion","floor":46,"turns":3},{"damage":0,"enemies":"Gensokyo:Doremy","floor":48,"turns":4},{"damage":0,"enemies":"Gensokyo:Yuyuko","floor":50,"turns":7}],"seed_played":"2750532592577612505","potions_obtained":[{"floor":3,"key":"AttackPotion"},{"floor":8,"key":"BlessingOfTheForge"},{"floor":11,"key":"Energy Potion"},{"floor":20,"key":"EntropicBrew"},{"floor":40,"key":"Swift Potion"},{"floor":42,"key":"PowerPotion"}],"is_trial":false,"path_per_floor":["M","?","M","M","$","E","?","E","T","$","M","R","T","M","R","B",null,"M","$","M","?","M","R","E","M","T","T","?","M","R","M","R","B",null,"M","?","M","M","$","E","R","E","T","E","R","M","COS","E","R","B",null],"character_chosen":"KOISHI","items_purchased":["Membership Card","Koishi:Untouchable","Koishi:SubterraneanRose","PreservedInsect","Koishi:ApparitionsStalkTheNight","Koishi:VengefulSpirit","Koishi:AHoleWhereASisterShouldBe","Koishi:RacingHeart","Koishi:UnseenTerror","Koishi:Whimsy","Koishi:RorschachInDanmaku","Sundial","Pen Nib","Koishi:SubconsciousSweep","Koishi:UnseenTerror"],"campfire_rested":0,"item_purchase_floors":[10,10,10,10,19,19,19,19,19,19,39,39,39,39,39],"current_hp_per_floor":[56,62,62,59,59,45,66,49,49,49,49,49,49,51,51,56,64,50,50,53,53,52,52,55,61,61,61,61,63,63,63,63,63,63,63,63,63,63,63,63,63,63,63,63,63,63,63,63,63,63],"gold":209,"neow_bonus":"TWO_FIFTY_GOLD","is_daily":false,"chose_seed":false,"campfire_upgraded":8,"win_rate":0.0,"timestamp":1612126530,"path_taken":["M","?","M","M","$","E","?","E","T","$","M","R","?","M","R","BOSS","M","$","M","?","M","R","E","M","T","?","?","?","R","?","R","BOSS","M","?","M","M","$","E","R","E","T","E","R","M","COS","E","R","BOSS"],"items_purchased_type":["Relic","Card","Card","Relic","Card","Card","Relic","Card","Card","Card","Card","Relic","Relic","Card","Card"],"build_version":"2020-12-22","purchased_purges":2,"victory":true,"max_hp_per_floor":[60,66,66,66,66,66,66,66,66,66,66,66,66,66,66,66,66,66,66,66,63,63,63,63,63,63,63,63,63,63,63,63,63,63,63,63,63,63,63,63,63,63,63,63,63,63,63,63,63,63],"card_choices":[{"not_picked":["Koishi:DanmakuParanoia","Koishi:Jaunt"],"picked":"Koishi:SprinkleStarAndHeart","floor":1},{"not_picked":["Koishi:UnseenTerror","Koishi:CatchAndRose"],"picked":"Koishi:SubconsciousSweep","floor":3},{"not_picked":["Koishi:SpiritedAway","Koishi:BloodcurdlingScream"],"picked":"Koishi:JumpScare","floor":4},{"not_picked":["Koishi:MindNumbingTerror","Koishi:Catatonia"],"picked":"Koishi:ReflexRadar","floor":6},{"not_picked":["Koishi:SpiritedAway","Koishi:FourthEye","Koishi:TraumaticStroke"],"picked":"Koishi:RorschachInDanmaku","floor":8},{"not_picked":["Koishi:DreadfulBlow","Koishi:RoseHell","Koishi:SprinkleStarAndHeart"],"picked":"Koishi:SubconsciousSweep","floor":11},{"not_picked":["Koishi:DreadfulBlow","Koishi:StingingMind","Koishi:Prune"],"picked":"Koishi:RorschachInDanmaku","floor":14},{"not_picked":["Koishi:RuptureMind","Koishi:RoseHell","Koishi:FormlessExistence"],"picked":"Koishi:ConfinedInnocent","floor":16},{"not_picked":["Koishi:UnseenTerror","Koishi:StingingMind+1","Koishi:ParalyzingFear+1"],"picked":"Koishi:GhostParty","floor":18},{"not_picked":["Koishi:DanmakuParanoia","Koishi:StingingMind","Koishi:StrangeCloudFist+1","Koishi:FidgetySnatcher+1"],"picked":"SKIP","floor":20},{"not_picked":["Koishi:UnansweredLove","Koishi:StingingMind","Koishi:ReflexRadar"],"picked":"Koishi:IdleWhim+1","floor":22},{"not_picked":["Koishi:UnconsciousUprising","Koishi:ReflexRadar","Koishi:RacingHeart"],"picked":"Koishi:Prune","floor":24},{"not_picked":["Koishi:Bloodlust+1","Koishi:IdleWhim","Koishi:UnansweredLove","Koishi:TraumaticStroke+1"],"picked":"SKIP","floor":25},{"not_picked":["Koishi:PhantomBarrier","Koishi:DanmakuParanoia+1","Koishi:UnseenTerror+1"],"picked":"Koishi:Prune","floor":29},{"not_picked":["Koishi:EmbryosDream","Koishi:ReflexRadar+1","Koishi:ConditionedTeleport","Koishi:PhantomBarrier+1"],"picked":"SKIP","floor":31},{"not_picked":["Koishi:MentalBreakdown","Koishi:RoseHell","Koishi:ImGoingToCallYouNow"],"picked":"Koishi:MindStellarRelief","floor":33},{"not_picked":["Koishi:EmbersOfLove","Koishi:DreadfulBlow","Koishi:Prune"],"picked":"Koishi:SprinkleStarAndHeart+1","floor":35},{"not_picked":["Koishi:EmbryosDream+1","Koishi:JumpScare+1","Koishi:PhilosophyOfTheDespised"],"picked":"Koishi:FreudianInstinct+1","floor":37},{"not_picked":["Koishi:PhantomStrike","Koishi:UnseenTerror+1","Koishi:MassHysteria"],"picked":"Koishi:RuptureMind","floor":38},{"not_picked":["Koishi:ApparitionsStalkTheNight","Koishi:MassHysteria","Koishi:FidgetySnatcher+1"],"picked":"Koishi:GrowingPain","floor":40},{"not_picked":["Koishi:PredatoryInstincts+1","Koishi:DreadfulBlow","Koishi:EmbryosDream+1"],"picked":"Koishi:HeartAttack","floor":42},{"not_picked":["Koishi:HeartfeltFancy","Koishi:JumpScare","Koishi:StrangeCloudFist"],"picked":"Koishi:ReleaseOfTheId+1","floor":44},{"not_picked":["Koishi:VengefulSpirit","Koishi:Jaunt+1","Koishi:JumpScare"],"picked":"Koishi:ApparitionsStalkTheNight+1","floor":46},{"not_picked":["Koishi:MassHysteria","Koishi:StingingMind","Koishi:Bloodlust+1"],"picked":"Koishi:UnseenTerror+1","floor":48}],"player_experience":93006,"relics_obtained":[{"floor":6,"key":"Question Card"},{"floor":8,"key":"Thread and Needle"},{"floor":9,"key":"Peace Pipe"},{"floor":13,"key":"White Beast Statue"},{"floor":24,"key":"Matryoshka"},{"floor":26,"key":"Nunchaku"},{"floor":26,"key":"Letter Opener"},{"floor":27,"key":"Blood Vial"},{"floor":27,"key":"Bronze Scales"},{"floor":40,"key":"Dream Catcher"},{"floor":42,"key":"Du-Vu Doll"},{"floor":43,"key":"Regal Pillow"},{"floor":44,"key":"Bag of Marbles"},{"floor":48,"key":"Kunai"}],"event_choices":[],"is_beta":false,"boss_relics":[{"not_picked":["Busted Crown","Runic Pyramid"],"picked":"Pandora\u0027s Box"},{"not_picked":["Tiny House","Runic Dome"],"picked":"Snecko Eye"}],"items_purged_floors":[5,39],"is_endless":false,"potions_floor_spawned":[3,8,11,14,16,18,20,22,24,25,29,31,33,35,37,38,40,42,44,46,48],"ascension_level":9}}