{"host":"928gv66myv2vlnsd","time":1612066704,"event":{"mods":["BaseMod","Highlight Path","Minty Spire (QoL Compilation)","StSLib"],"gold_per_floor":[112,126,145,26,26,57,57,57,57],"floor_reached":8,"language":"ENG","playtime":346,"items_purged":["Strike_G"],"score":106,"play_id":"efb3429c-ede3-4711-9627-4d61d3f2510d","local_time":"20210130231824","is_ascension_mode":true,"campfire_choices":[{"floor":7,"key":"REST"}],"circlet_count":0,"master_deck":["AscendersBane","Strike_G","Strike_G","Strike_G","Strike_G","Defend_G","Defend_G","Defend_G","Defend_G","Defend_G","Survivor","Neutralize+1","Skewer","Flying Knee","Deadly Poison","Footwork"],"relics":["Ring of the Snake","Dream Catcher"],"acts_visited":["Exordium"],"potions_floor_usage":[6],"damage_taken":[{"damage":11,"enemies":"Cultist","floor":1,"turns":6},{"damage":4,"enemies":"Small Slimes","floor":2,"turns":5},{"damage":2,"enemies":"Jaw Worm","floor":3,"turns":4},{"damage":30,"enemies":"Lagavulin","floor":6,"turns":11},{"damage":32,"enemies":"Gremlin Nob","floor":8,"turns":3}],"seed_played":"-1268031639631058105","potions_obtained":[{"floor":0,"key":"LiquidMemories"},{"floor":0,"key":"DistilledChaos"},{"floor":6,"key":"SteroidPotion"}],"is_trial":false,"path_per_floor":["M","M","M","$","?","E","R","E"],"character_chosen":"THE_SILENT","items_purchased":["Footwork"],"campfire_rested":1,"item_purchase_floors":[4],"current_hp_per_floor":[48,44,42,42,42,12,31,0,0],"gold":57,"neow_bonus":"THREE_SMALL_POTIONS","is_daily":false,"chose_seed":false,"campfire_upgraded":0,"win_rate":0.0,"timestamp":1612066704,"path_taken":["M","?","M","$","?","E","R","E"],"items_purchased_type":["Card"],"build_version":"2020-12-22","purchased_purges":1,"victory":false,"max_hp_per_floor":[66,66,66,66,66,66,66,66,66],"card_choices":[{"not_picked":["Bane","Prepared"],"picked":"Skewer","floor":1},{"not_picked":["Predator","Sucker Punch"],"picked":"Flying Knee","floor":2},{"not_picked":["Setup","Dagger Spray"],"picked":"Deadly Poison","floor":3},{"not_picked":["Dagger Spray","Expertise","Grand Finale"],"picked":"SKIP","floor":6}],"player_experience":1404994,"relics_obtained":[{"floor":6,"key":"Dream Catcher"}],"event_choices":[{"damage_healed":0,"gold_gain":0,"player_choice":"Forge","damage_taken":0,"max_hp_gain":0,"max_hp_loss":0,"event_name":"Accursed Blacksmith","floor":5,"gold_loss":0,"cards_upgraded":["Neutralize"]}],"is_beta":false,"boss_relics":[],"items_purged_floors":[4],"is_endless":false,"potions_floor_spawned":[1,6],"killed_by":"Gremlin Nob","ascension_level":18}}