{"host":"g7mkzn6qfoxkk5sz","time":1612079394,"event":{"mods":["BaseMod","Colored Map","Colored Powertips","Downfall","Hermit","Marisa????????","Minty Spire (QoL Compilation)","StSLib","The Animator","The Bug Knight","The Servant 0.9.4"],"gold_per_floor":[99,112,187,202,219,239,263,263,363,38,69,69,69,79,96,192,192,192,204,220,48,67,67,67,83,97,115,12,28,28,81,140,180,180,180],"floor_reached":33,"language":"ENG","playtime":3245,"items_purged":["Slimebound:Strike_Slimebound"],"score":305,"play_id":"9e056a12-3621-47ab-a1fb-0993e0e14a63","local_time":"20210131094954","is_ascension_mode":false,"campfire_choices":[{"data":"Slimebound:Split","floor":1,"key":"SMITH"},{"floor":12,"key":"REST"},{"data":"Slimebound:MassFeed","floor":18,"key":"SMITH"},{"data":"Slimebound:LivingWall","floor":23,"key":"SMITH"}],"circlet_count":0,"master_deck":["Slimebound:Strike_Slimebound","Slimebound:Tackle","Slimebound:Defend_Slimebound","Slimebound:Defend_Slimebound","Slimebound:Defend_Slimebound","Slimebound:Defend_Slimebound","Slimebound:Split+1","Slimebound:CorrosiveSpit+1","Slimebound:ItLooksTasty","Slimebound:GoopSpray","Slimebound:Equalize+1","Slimebound:SplitMire","Slimebound:ViciousTackle","Slimebound:RallyTheTroops+1","Slimebound:LeechingTouch","expansioncontent:StudyTheSpire","Slimebound:Prepare","Slimebound:GoopTackle+1","Slimebound:SpikyOuterGoop","Slimebound:RollThrough","Slimebound:Schlurp","Slimebound:LevelUp","Slimebound:MassFeed+1","Slimebound:LivingWall+1","Slimebound:SlimeSpikes+1","Slimebound:FirmFortitude","Slimebound:PressTheAttack+1","Slimebound:BestDefense","Slimebound:LivingWall","Slimebound:AcidTongue","Slimebound:SlimeTap","Slimebound:SplitBruiser+1","Slimebound:SplitMire"],"relics":["Slimebound:AbsorbEndCombat","Ancient Tea Set","Orichalcum","Omamori","Cursed Key","Membership Card","Matryoshka","downfall:KnowingSkull"],"acts_visited":["Exordium","TheCity"],"potions_floor_usage":[9,11,22,27,28,28,32,33,33],"damage_taken":[{"damage":6,"enemies":"Jaw Worm","floor":2,"turns":4},{"damage":5,"enemies":"Small Slimes","floor":4,"turns":4},{"damage":14,"enemies":"2 Louse","floor":5,"turns":2},{"damage":4,"enemies":"Blue Slaver","floor":6,"turns":4},{"damage":39,"enemies":"downfall:Heads","floor":9,"turns":7},{"damage":6,"enemies":"downfall:FleeingMerchant","floor":10,"turns":4},{"damage":32,"enemies":"Gremlin Nob","floor":11,"turns":5},{"damage":1,"enemies":"Exordium Thugs","floor":14,"turns":3},{"damage":9,"enemies":"Large Slime","floor":15,"turns":5},{"damage":17,"enemies":"IC_STATUS_ARCHETYPE","floor":16,"turns":9},{"damage":12,"enemies":"3 Byrds","floor":19,"turns":4},{"damage":27,"enemies":"Shelled Parasite and Fungi","floor":20,"turns":6},{"damage":3,"enemies":"downfall:FleeingMerchant","floor":21,"turns":4},{"damage":11,"enemies":"Sentry and Sphere","floor":22,"turns":4},{"damage":16,"enemies":"Centurion and Healer","floor":25,"turns":6},{"damage":15,"enemies":"3 Cultists","floor":26,"turns":6},{"damage":18,"enemies":"Snake Plant","floor":27,"turns":3},{"damage":17,"enemies":"downfall:FleeingMerchant","floor":28,"turns":4},{"damage":15,"enemies":"Shelled Parasite and Fungi","floor":29,"turns":6},{"damage":34,"enemies":"Cultist and Chosen","floor":31,"turns":5},{"damage":23,"enemies":"Snake Plant","floor":32,"turns":3},{"damage":47,"enemies":"DF_ARCHETYPE_CLAW","floor":33,"turns":3}],"seed_played":"5584848815709633758","potions_obtained":[{"floor":2,"key":"ColorlessPotion"},{"floor":6,"key":"PowerPotion"},{"floor":11,"key":"FearPotion"},{"floor":15,"key":"hexamod:SoulburnPotion"},{"floor":16,"key":"SpeedPotion"},{"floor":19,"key":"bronze:BurnAndBuffPotion"},{"floor":22,"key":"Explosive Potion"},{"floor":27,"key":"SteroidPotion"},{"floor":29,"key":"BlessingOfTheForge"}],"is_trial":false,"path_per_floor":["R","M","?","M","M","M","T","?","?","$","E","R","?","M","M","B",null,"R","M","M","$","M","R","T","M","M","M","$","M","?","M","M","B"],"character_chosen":"SLIMEBOUND","items_purchased":["expansioncontent:StudyTheSpire","Slimebound:Prepare","Slimebound:GoopTackle","Slimebound:SpikyOuterGoop","Membership Card","Fruit Juice"],"campfire_rested":1,"item_purchase_floors":[10,10,10,10,21,28],"current_hp_per_floor":[71,69,69,66,52,62,62,62,31,31,9,30,30,49,46,49,71,71,73,66,83,87,87,87,81,78,76,74,71,65,51,34,0,0,0],"gold":180,"neow_bonus":"TEN_PERCENT_HP_BONUS","is_daily":false,"chose_seed":false,"campfire_upgraded":3,"win_rate":0.0,"timestamp":1612079394,"path_taken":["R","M","?","M","M","M","T","?","?","$","E","R","?","?","M","BOSS","R","M","M","$","M","R","T","M","M","M","$","M","?","M","M","BOSS"],"items_purchased_type":["Card","Card","Card","Card","Relic","Potion"],"build_version":"2020-12-22","purchased_purges":1,"victory":false,"max_hp_per_floor":[71,71,71,71,71,71,71,71,71,71,71,71,71,71,71,71,71,71,83,83,83,87,87,87,87,91,91,96,100,100,100,100,100,100,100],"card_choices":[{"not_picked":["Slimebound:GrowthPunch","Slimebound:SamplingLick"],"picked":"Slimebound:ItLooksTasty","floor":2},{"not_picked":["Slimebound:FinishingTackle","Slimebound:SlimeSpikes"],"picked":"Slimebound:GoopSpray","floor":4},{"not_picked":["Slimebound:Schlurp","Slimebound:GrowthPunch"],"picked":"Slimebound:Equalize","floor":5},{"not_picked":["Slimebound:SamplingLick","Slimebound:SplitBruiser"],"picked":"Slimebound:SplitMire","floor":6},{"not_picked":["Slimebound:SlimeSpikes","Slimebound:SplitMire"],"picked":"Slimebound:RallyTheTroops","floor":9},{"not_picked":["Slimebound:SamplingLick","Slimebound:SplitLeeching"],"picked":"Slimebound:LeechingTouch","floor":10},{"not_picked":["Slimebound:SamplingLick","Slimebound:LeechEnergy"],"picked":"Slimebound:RollThrough","floor":11},{"not_picked":["Slimebound:SelfFormingGoo","Slimebound:GoopSpray"],"picked":"Slimebound:Schlurp","floor":14},{"not_picked":["Slimebound:GoopSpray","Slimebound:RollThrough"],"picked":"Slimebound:LevelUp","floor":15},{"not_picked":["Slimebound:DuplicatedForm","Slimebound:RallyTheTroops"],"picked":"Slimebound:MassFeed","floor":16},{"not_picked":["Slimebound:Grow","Slimebound:ItLooksTasty"],"picked":"Slimebound:LivingWall","floor":19},{"not_picked":["Slimebound:LeechEnergy+1","Slimebound:Replication"],"picked":"Slimebound:SlimeSpikes+1","floor":20},{"not_picked":["Slimebound:LivingWall","Slimebound:FinishingTackle"],"picked":"Slimebound:FirmFortitude","floor":21},{"not_picked":["Slimebound:SamplingLick","Slimebound:HauntingLick+1"],"picked":"Slimebound:PressTheAttack+1","floor":22},{"not_picked":["Slimebound:RollThrough+1","Slimebound:LivingWall+1"],"picked":"Slimebound:BestDefense","floor":25},{"not_picked":["Slimebound:PressTheAttack","Slimebound:HauntingLick"],"picked":"Slimebound:LivingWall","floor":26},{"not_picked":["Slimebound:OneTwoCombo","Slimebound:Dissolve+1"],"picked":"Slimebound:AcidTongue","floor":27},{"not_picked":["Slimebound:PressTheAttack","Slimebound:LivingWall"],"picked":"Slimebound:SlimeTap","floor":28},{"not_picked":["Slimebound:GrowthPunch","Slimebound:PressTheAttack","Slimebound:FinishingTackle"],"picked":"SKIP","floor":29},{"not_picked":["Slimebound:MegaLick","Slimebound:FinishingTackle"],"picked":"Slimebound:SplitBruiser+1","floor":31},{"not_picked":["Slimebound:MegaLick+1","Slimebound:Schlurp"],"picked":"Slimebound:SplitMire","floor":32}],"player_experience":442713,"relics_obtained":[{"floor":7,"key":"Ancient Tea Set"},{"floor":11,"key":"Omamori"},{"floor":24,"key":"Matryoshka"}],"event_choices":[{"damage_healed":0,"gold_gain":0,"player_choice":"Box","damage_taken":0,"relics_obtained":["Orichalcum"],"max_hp_gain":0,"max_hp_loss":0,"event_name":"Big Fish","floor":8,"gold_loss":0,"cards_obtained":["Regret"]}],"is_beta":false,"boss_relics":[{"not_picked":["Fusion Hammer","Tiny House"],"picked":"Cursed Key"}],"items_purged_floors":[28],"is_endless":false,"potions_floor_spawned":[2,6,11,15,16,19,22,27,29],"killed_by":"DF_ARCHETYPE_CLAW","ascension_level":0}}