{"host":"flash","time":1612080737,"event":{"mods":["ATMod(°¢èªMod)","Act Like it!","Aspiration","BaseMod","Minty Spire (QoL Compilation)","Shop Mod","StSLib","¡¾ÒÅÎï¿¨ÅÆ¡¿REMEMod"],"gold_per_floor":[110,285,285,303,316,316,342,342,423,434,468,483,510,71,71,168,168,180,190,201,219,238,265,180,207,207,207,237,237,237,253,253,354,354,369,386,386,439,451,479,509,556,591,603,615,89,102,117,117,117],"floor_reached":51,"language":"ZHS","playtime":2218,"items_purged":["Doubt"],"score":1597,"play_id":"f7a95053-63e8-4021-aff3-988efbf87822","local_time":"20210131161217","is_ascension_mode":true,"campfire_choices":[{"data":"AT_MachinaRedman","floor":6.0,"key":"SMITH"},{"data":"AT_Dispersion","floor":8.0,"key":"SMITH"},{"data":"Zap","floor":15.0,"key":"SMITH"},{"data":"Turbo","floor":27.0,"key":"SMITH"},{"data":"REME_Whirling","floor":29.0,"key":"SMITH"},{"data":"Reboot","floor":32.0,"key":"SMITH"},{"data":"Echo Form","floor":49,"key":"SMITH"}],"circlet_count":0,"master_deck":["AscendersBane","Strike_B","Strike_B","Strike_B","Strike_B","Defend_B","Defend_B","Defend_B","Zap+1","Dualcast+1","AT_Dispersion+1","AT_MachinaRedman+1","Turbo+1","Sweeping Beam","REME_Whirling+1","Creative AI","Hologram+1","Reboot+1","Echo Form+1","Hologram+1","Stack+1","Leap+1","AT_RightCognition","AT_WaterDrop","AT_RobotInSpace+1","Seek+1","Recycle+1","Turbo+1","AT_HeatAcrobatics+1","Steam Power+1","Purity+1","REME_HeartOfCthun","Apotheosis+1","REME_TwoStrings+1","Electrodynamics"],"relics":["Cracked Core","AT_ATBox","REME_ComplimentaryCards","aspiration:Nostalgia","Burning Blood","REME_HourglassOfDeath","AT_DeathDance","AT_BellDemon","Ice Cream","REME_PuzzleBoxRelic","Bronze Scales","Black Star","Toxic Egg 2","Omamori","AT_RedNoBalance","StoneCalendar","Blood Vial","AT_EbonyIvory","CaptainsWheel","Singing Bowl","Lantern","Mango","Pantograph","aspiration:FaultyCoupler","Incense Burner","aspiration:RitualStick","SlaversCollar","AT_TimeSand","aspiration:FrozenJewel","Pocketwatch","aspiration:AnachronicSnailShell","AT_BladeRuinedKing","MawBank","AT_ImmortalShieldbow","Orichalcum","aspiration:HummingbirdHeart","Dead Branch","Meat on the Bone","Oddly Smooth Stone","War Paint","AT_BellowingDragoncrestRing","Pen Nib","Toolbox","AT_Manta","AT_RedTearstoneRing"],"acts_visited":["Exordium","TheCity","TheBeyond"],"potions_floor_usage":[47],"damage_taken":[{"damage":9.0,"enemies":"Jaw Worm","floor":1.0,"turns":3.0},{"damage":0.0,"enemies":"2 Louse","floor":4.0,"turns":2.0},{"damage":0.0,"enemies":"Cultist","floor":5.0,"turns":3.0},{"damage":13.0,"enemies":"Lagavulin","floor":7.0,"turns":7.0},{"damage":4.0,"enemies":"Lots of Slimes","floor":10.0,"turns":3.0},{"damage":7.0,"enemies":"Gremlin Nob","floor":11.0,"turns":3.0},{"damage":3.0,"enemies":"Red Slaver","floor":12.0,"turns":2.0},{"damage":0.0,"enemies":"Lagavulin","floor":13.0,"turns":6.0},{"damage":2.0,"enemies":"Slime Boss","floor":16.0,"turns":5.0},{"damage":6.0,"enemies":"3 Byrds","floor":18.0,"turns":3.0},{"damage":9.0,"enemies":"Shell Parasite","floor":19.0,"turns":2.0},{"damage":32.0,"enemies":"Snake Plant","floor":20.0,"turns":2.0},{"damage":32.0,"enemies":"Snecko","floor":21.0,"turns":4.0},{"damage":0.0,"enemies":"Cultist and Chosen","floor":22.0,"turns":2.0},{"damage":5.0,"enemies":"REME_1_Revenger","floor":23.0,"turns":4.0},{"damage":12.0,"enemies":"Slavers","floor":25.0,"turns":3.0},{"damage":1.0,"enemies":"Book of Stabbing","floor":28.0,"turns":3.0},{"damage":4.0,"enemies":"Centurion and Healer","floor":31.0,"turns":7.0},{"damage":33.0,"enemies":"Champ","floor":33.0,"turns":7.0},{"damage":0.0,"enemies":"3 Shapes","floor":35.0,"turns":1.0},{"damage":0.0,"enemies":"Orb Walker","floor":36.0,"turns":1.0},{"damage":35.0,"enemies":"2 Orb Walkers","floor":38.0,"turns":2.0},{"damage":17.0,"enemies":"Maw","floor":39.0,"turns":4.0},{"damage":12.0,"enemies":"Nemesis","floor":40.0,"turns":3.0},{"damage":0.0,"enemies":"Jaw Worm Horde","floor":41.0,"turns":1.0},{"damage":0.0,"enemies":"Giant Head","floor":42.0,"turns":5.0},{"damage":0,"enemies":"4 Shapes","floor":47,"turns":2},{"damage":0,"enemies":"Transient","floor":48,"turns":1},{"damage":9,"enemies":"Time Eater","floor":50,"turns":5}],"seed_played":"-6290939091414590448","potions_obtained":[{"floor":3.0,"key":"Regen Potion"},{"floor":3.0,"key":"EssenceOfSteel"},{"floor":5.0,"key":"AttackPotion"},{"floor":12.0,"key":"LiquidBronze"},{"floor":18.0,"key":"DistilledChaos"},{"floor":20.0,"key":"LiquidMemories"},{"floor":28.0,"key":"EntropicBrew"},{"floor":40.0,"key":"DuplicationPotion"}],"is_trial":false,"path_per_floor":["M","?","?","M","M","R","E","R","T","M","E","M","E","$","R","B",null,"M","M","M","M","M","E","?","E","T","R","E","R","?","M","R","B",null,"M","M","?","?","M","E","M","E","T","?","?","$","M","M","R","B",null],"character_chosen":"DEFECT","items_purchased":["REME_PuzzleBoxRelic","Reboot","Bronze Scales","AT_BellowingDragoncrestRing","Pen Nib","Toolbox"],"campfire_rested":0,"item_purchase_floors":[14,14,14,46,46,46],"current_hp_per_floor":[65,65,65,71,75,75,68,68,68,70,69,72,75,75,75,75,75,75,72,46,11,43,44,44,47,47,47,53,53,35,49,49,45,80,53,63,63,38,29,27,37,45,45,35,35,35,57,67,67,91],"gold":117,"neow_bonus":"NOSTALGIA","is_daily":false,"chose_seed":false,"campfire_upgraded":7,"win_rate":0.0,"timestamp":1612080737,"path_taken":["M","?","?","M","?","R","E","R","T","M","E","?","E","?","R","BOSS","M","M","M","M","M","E","?","E","T","R","E","R","?","M","R","BOSS","M","M","?","?","M","E","M","E","T","?","?","$","M","M","R","BOSS"],"items_purchased_type":["Relic","Card","Relic","Relic","Relic","Relic"],"build_version":"2020-12-18","purchased_purges":1,"victory":true,"max_hp_per_floor":[75,75,75,75,75,75,75,75,75,75,75,75,75,75,75,75,75,75,75,75,75,75,75,75,89,89,89,91,91,91,91,91,91,91,91,93,93,95,95,97,99,99,99,99,99,99,101,103,103,103],"card_choices":[{"not_picked":["Conserve Battery","Cold Snap"],"picked":"Turbo","floor":1.0},{"not_picked":["Hologram","Turbo"],"picked":"Sweeping Beam","floor":4.0},{"not_picked":["Sweeping Beam","Conserve Battery"],"picked":"REME_Whirling","floor":5.0},{"not_picked":["Rip and Tear","Leap","AT_HeatAcrobatics"],"picked":"SKIP","floor":7.0},{"not_picked":["Rip and Tear","Leap","AT_HeatAcrobatics"],"picked":"SKIP","floor":7.0},{"not_picked":["Barrage","Ball Lightning","Turbo"],"picked":"SKIP","floor":10.0},{"not_picked":["Doom and Gloom","Go for the Eyes","Cold Snap"],"picked":"SKIP","floor":11.0},{"not_picked":["Compile Driver","Rebound"],"picked":"Creative AI","floor":12.0},{"not_picked":["Go for the Eyes","Stack"],"picked":"Hologram","floor":13.0},{"not_picked":["Meteor Strike","Seek"],"picked":"Echo Form","floor":16.0},{"not_picked":["Static Discharge","Storm"],"picked":"Hologram+1","floor":18.0},{"not_picked":["Rebound","Sweeping Beam+1","Hologram+1"],"picked":"SKIP","floor":19.0},{"not_picked":["Ball Lightning","Redo+1"],"picked":"Stack+1","floor":20.0},{"not_picked":["Loop","Conserve Battery+1","Compile Driver"],"picked":"SKIP","floor":21.0},{"not_picked":["Compile Driver","Doom and Gloom"],"picked":"Leap+1","floor":22.0},{"not_picked":["Hologram+1","Sweeping Beam"],"picked":"AT_RightCognition","floor":23.0},{"not_picked":["Reprogram+1","Hologram+1"],"picked":"AT_WaterDrop","floor":25.0},{"not_picked":["Beam Cell","Barrage","Redo+1"],"picked":"Singing Bowl","floor":28.0},{"not_picked":["Hologram+1","Hello World+1"],"picked":"AT_RobotInSpace+1","floor":31.0},{"not_picked":["Electrodynamics","Rainbow+1"],"picked":"Seek+1","floor":33.0},{"not_picked":["Heatsinks","Doom and Gloom"],"picked":"Recycle+1","floor":35.0},{"not_picked":["Sweeping Beam","Genetic Algorithm+1","BootSequence+1"],"picked":"Singing Bowl","floor":36.0},{"not_picked":["Beam Cell","Barrage","Hologram+1"],"picked":"Singing Bowl","floor":38.0},{"not_picked":["Compile Driver","Doom and Gloom","Heatsinks+1","Barrage","Hologram+1","Hello World","Leap+1","Beam Cell","Gash"],"picked":"Turbo+1","floor":39.0},{"not_picked":["Steam+1","Barrage"],"picked":"AT_HeatAcrobatics+1","floor":40.0},{"not_picked":["Amplify+1","Turbo+1","Conserve Battery+1"],"picked":"Singing Bowl","floor":41.0},{"not_picked":["Leap+1","Streamline"],"picked":"Steam Power+1","floor":42.0},{"not_picked":["AT_Homeward+1","Dramatic Entrance"],"picked":"Purity+1","floor":44.0},{"not_picked":["Secret Technique+1","REME_TwoStrings+1"],"picked":"REME_HeartOfCthun","floor":44.0},{"not_picked":["REME_HeartOfCthun","Discovery+1"],"picked":"Apotheosis+1","floor":44.0},{"not_picked":["Beam Cell","Conserve Battery+1","Stack+1"],"picked":"Singing Bowl","floor":47},{"not_picked":["Streamline","Reinforced Body+1","Gash+1"],"picked":"Singing Bowl","floor":48}],"player_experience":673688,"relics_obtained":[{"floor":7.0,"key":"REME_HourglassOfDeath"},{"floor":9.0,"key":"AT_DeathDance"},{"floor":11.0,"key":"AT_BellDemon"},{"floor":13.0,"key":"Ice Cream"},{"floor":18.0,"key":"Toxic Egg 2"},{"floor":19.0,"key":"Omamori"},{"floor":20.0,"key":"AT_SilverBalance"},{"floor":21.0,"key":"StoneCalendar"},{"floor":22.0,"key":"Blood Vial"},{"floor":23.0,"key":"AT_EbonyIvory"},{"floor":23.0,"key":"CaptainsWheel"},{"floor":25.0,"key":"Lantern"},{"floor":25.0,"key":"Mango"},{"floor":26.0,"key":"Pantograph"},{"floor":28.0,"key":"aspiration:FaultyCoupler"},{"floor":28.0,"key":"Incense Burner"},{"floor":35.0,"key":"AT_TimeSand"},{"floor":36.0,"key":"aspiration:FrozenJewel"},{"floor":38.0,"key":"Pocketwatch"},{"floor":38.0,"key":"aspiration:AnachronicSnailShell"},{"floor":39.0,"key":"AT_BladeRuinedKing"},{"floor":40.0,"key":"MawBank"},{"floor":40.0,"key":"AT_ImmortalShieldbow"},{"floor":40.0,"key":"Orichalcum"},{"floor":41.0,"key":"aspiration:HummingbirdHeart"},{"floor":42.0,"key":"Dead Branch"},{"floor":42.0,"key":"Meat on the Bone"},{"floor":42.0,"key":"Oddly Smooth Stone"},{"floor":43.0,"key":"War Paint"},{"floor":47,"key":"AT_Manta"},{"floor":48,"key":"AT_RedTearstoneRing"}],"event_choices":[{"damage_healed":0.0,"max_hp_gain":0.0,"max_hp_loss":0.0,"gold_gain":175.0,"event_name":"Liars Game","player_choice":"AGREE","floor":2.0,"gold_loss":0.0,"damage_taken":0.0,"cards_obtained":["Doubt"]},{"damage_healed":0.0,"max_hp_gain":0.0,"max_hp_loss":0.0,"gold_gain":0.0,"event_name":"Lab","player_choice":"Got Potions","floor":3.0,"gold_loss":0.0,"damage_taken":0.0},{"damage_healed":0.0,"max_hp_gain":0.0,"max_hp_loss":0.0,"gold_gain":0.0,"event_name":"Addict","player_choice":"Obtained Relic","floor":24.0,"gold_loss":85.0,"damage_taken":0.0,"relics_obtained":["Singing Bowl"]},{"cards_removed":["Defend_B"],"damage_healed":0.0,"max_hp_gain":0.0,"max_hp_loss":0.0,"gold_gain":0.0,"event_name":"Falling","player_choice":"Removed Skill","floor":37.0,"gold_loss":0.0,"damage_taken":0.0},{"damage_healed":0.0,"max_hp_gain":0.0,"max_hp_loss":0.0,"gold_gain":0.0,"event_name":"Mysterious Sphere","player_choice":"Fight","floor":38.0,"gold_loss":0.0,"damage_taken":0.0},{"damage_healed":0.0,"max_hp_gain":0.0,"max_hp_loss":0.0,"gold_gain":0.0,"event_name":"SensoryStone","player_choice":"Memory 3","floor":44.0,"gold_loss":0.0,"damage_taken":10.0},{"damage_healed":0,"gold_gain":0,"player_choice":"2 cards matched","damage_taken":0,"max_hp_gain":0,"max_hp_loss":0,"event_name":"Match and Keep!","floor":45,"gold_loss":0,"cards_obtained":["REME_TwoStrings","Electrodynamics"]}],"is_beta":true,"boss_relics":[{"not_picked":["Empty Cage","Tiny House"],"picked":"Black Star"},{"not_picked":["REME_DuelDisc","aspiration:FutureDiary"],"picked":"SlaversCollar"}],"items_purged_floors":[14],"is_endless":false,"potions_floor_spawned":[5,7,10,12,18,20,22,25,28,36,40,41],"ascension_level":12}}