{"host":"vld99k9l4elccfy8","time":1612132713,"event":{"mods":["AchievementEnabler","BaseMod","Bestiary","Block Reminder","Colored Map","Colored Powertips","Custom Start","Highlight Path","Minty Spire (QoL Compilation)","Permanent Neow","Rare Cards Sparkle"],"gold_per_floor":[15,15,15,33,53,53,97,115,115,115,130,143,143,157,157,288,288,311,80,80,32,32,63,75,14,14,14,27,27,27,45,45,173,173,189,189,204,225,225,225,241,262,288,288,360,360,36,69,69,69],"floor_reached":51,"language":"ENG","playtime":5845,"items_purged":[],"score":692,"play_id":"1f9b84c8-50e4-4688-80d0-ec6fc170f188","local_time":"20210131153833","is_ascension_mode":false,"campfire_choices":[{"data":"Carnage","floor":6.0,"key":"SMITH"},{"floor":10.0,"key":"REST"},{"floor":15.0,"key":"REST"},{"data":"Infernal Blade","floor":24.0,"key":"SMITH"},{"data":"Double Tap","floor":27.0,"key":"SMITH"},{"data":"Bash","floor":32.0,"key":"SMITH"},{"data":"Limit Break","floor":40.0,"key":"SMITH"},{"floor":44,"key":"REST"},{"floor":46,"key":"REST"},{"data":"Chrysalis","floor":49,"key":"SMITH"}],"circlet_count":0,"master_deck":["Strike_R+1","Strike_R+1","Strike_R+1","Strike_R+1","Strike_R+1","Defend_R+1","Defend_R+1","Defend_R+1","Defend_R+1","Bash+1","Flex","Heavy Blade","Carnage+1","Entrench","Entrench","Heavy Blade","Impervious","Armaments+1","Shockwave","Flex","Necronomicurse","Infernal Blade+1","Double Tap+1","Whirlwind+1","Ghostly Armor","Limit Break+1","Ghostly Armor+1","Heavy Blade","Chrysalis+1","Panache","Apotheosis","Havoc+1","Perfected Strike+1","Disarm","Fire Breathing","Heavy Blade","Shrug It Off+1"],"relics":["Burning Blood","Golden Idol","Singing Bowl","Mummified Hand","Mark of Pain","Lantern","Necronomicon","MawBank","Matryoshka","Shuriken","Pantograph","Black Star","Pen Nib","Smiling Mask","CeramicFish","Bird Faced Urn","StrikeDummy"],"acts_visited":["Exordium","TheCity","TheBeyond"],"potions_floor_usage":[42,50,50],"damage_taken":[{"damage":0.0,"enemies":"Small Slimes","floor":1.0,"turns":3.0},{"damage":6.0,"enemies":"2 Louse","floor":4.0,"turns":4.0},{"damage":3.0,"enemies":"Cultist","floor":5.0,"turns":5.0},{"damage":26.0,"enemies":"Gremlin Nob","floor":7.0,"turns":4.0},{"damage":14.0,"enemies":"Blue Slaver","floor":8.0,"turns":3.0},{"damage":1.0,"enemies":"Exordium Thugs","floor":11.0,"turns":3.0},{"damage":11.0,"enemies":"3 Louse","floor":12.0,"turns":5.0},{"damage":2.0,"enemies":"Blue Slaver","floor":14.0,"turns":2.0},{"damage":83.0,"enemies":"Slime Boss","floor":16.0,"turns":12.0},{"damage":5.0,"enemies":"Chosen","floor":18.0,"turns":4.0},{"damage":19.0,"enemies":"Slavers","floor":23.0,"turns":4.0},{"damage":16.0,"enemies":"2 Thieves","floor":28.0,"turns":3.0},{"damage":0.0,"enemies":"Snake Plant","floor":31.0,"turns":2.0},{"damage":44.0,"enemies":"Champ","floor":33.0,"turns":9.0},{"damage":9.0,"enemies":"3 Darklings","floor":35.0,"turns":4.0},{"damage":5.0,"enemies":"3 Shapes","floor":37.0,"turns":2.0},{"damage":24.0,"enemies":"Spire Growth","floor":38.0,"turns":4.0},{"damage":10,"enemies":"Sphere and 2 Shapes","floor":41,"turns":3},{"damage":23,"enemies":"Maw","floor":42,"turns":4},{"damage":27,"enemies":"Mind Bloom Boss Battle","floor":45,"turns":6},{"damage":12,"enemies":"3 Darklings","floor":48,"turns":5},{"damage":116,"enemies":"Donu and Deca","floor":50,"turns":8}],"seed_played":"-8299971623571002576","potions_obtained":[{"floor":7.0,"key":"FairyPotion"},{"floor":8.0,"key":"GamblersBrew"},{"floor":12.0,"key":"Fire Potion"},{"floor":14.0,"key":"AttackPotion"},{"floor":18.0,"key":"Fire Potion"},{"floor":37.0,"key":"SkillPotion"},{"floor":42,"key":"SteroidPotion"},{"floor":45,"key":"Strength Potion"}],"is_trial":false,"path_per_floor":["M","?","?","M","M","R","E","M","T","R","M","M","$","M","R","B",null,"M","$","?","$","?","E","R","$","T","R","M","?","T","M","R","B",null,"M","?","M","M","?","R","M","M","T","R","?","R","$","M","R","B",null],"character_chosen":"IRONCLAD","items_purchased":["Lantern","Shockwave","Flex","Double Tap","StrikeDummy","Fire Breathing","Heavy Blade"],"campfire_rested":4,"item_purchase_floors":[19,19,21,25,47,47,47],"current_hp_per_floor":[96,72,63,63,66,66,46,38,38,66,73,70,70,74,100,23,100,100,100,100,100,84,71,71,71,71,71,61,61,61,67,67,54,100,97,97,100,82,72,72,68,51,51,81,81,102,102,96,96,36],"gold":69,"neow_bonus":"TWENTY_PERCENT_HP_BONUS","is_daily":false,"chose_seed":false,"campfire_upgraded":6,"win_rate":0.0,"timestamp":1612132713,"path_taken":["M","?","?","M","?","R","E","M","T","R","M","M","$","M","R","BOSS","M","$","?","?","?","E","R","?","T","R","M","?","?","?","R","BOSS","M","?","?","M","?","R","M","M","T","R","?","R","$","M","R","BOSS"],"items_purchased_type":["Relic","Card","Card","Card","Relic","Card","Card"],"build_version":"2020-12-22","purchased_purges":0,"victory":true,"max_hp_per_floor":[96,96,96,96,96,96,96,96,96,96,98,100,100,100,100,100,100,100,100,100,100,100,100,100,100,100,100,100,100,100,100,100,100,100,100,100,102,102,102,102,102,102,102,102,102,102,102,102,102,102],"card_choices":[{"not_picked":["Body Slam","Headbutt"],"picked":"Flex","floor":1.0},{"not_picked":["Sword Boomerang","Shockwave"],"picked":"Heavy Blade","floor":4.0},{"not_picked":["Searing Blow","Intimidate"],"picked":"Carnage","floor":5.0},{"not_picked":["Cleave","Perfected Strike"],"picked":"Entrench","floor":7.0},{"not_picked":["Warcry","Dropkick"],"picked":"Entrench","floor":8.0},{"not_picked":["Dark Embrace","Evolve","Combust"],"picked":"Singing Bowl","floor":11.0},{"not_picked":["Evolve","Sword Boomerang","Shrug It Off"],"picked":"Singing Bowl","floor":12.0},{"not_picked":["True Grit","Thunderclap"],"picked":"Heavy Blade","floor":14.0},{"not_picked":["Reaper","Barricade"],"picked":"Impervious","floor":16.0},{"not_picked":["True Grit","Pommel Strike"],"picked":"Armaments","floor":18.0},{"not_picked":["Clothesline","Seeing Red"],"picked":"Infernal Blade","floor":23.0},{"not_picked":["Anger","Shockwave"],"picked":"Whirlwind+1","floor":28.0},{"not_picked":["Iron Wave","Body Slam"],"picked":"Ghostly Armor","floor":31.0},{"not_picked":["Impervious","Reaper"],"picked":"Limit Break","floor":33.0},{"not_picked":["Warcry+1","Searing Blow+1"],"picked":"Ghostly Armor+1","floor":35.0},{"not_picked":["Clash","Clothesline","Sword Boomerang"],"picked":"Singing Bowl","floor":37.0},{"not_picked":["Headbutt+1","Twin Strike+1"],"picked":"Heavy Blade","floor":38.0},{"not_picked":["Trip","Flash of Steel"],"picked":"Chrysalis","floor":39.0},{"not_picked":["Blind","Impatience"],"picked":"Panache","floor":39.0},{"not_picked":["Bandage Up","Flash of Steel"],"picked":"Apotheosis","floor":39.0},{"not_picked":["Pommel Strike+1","Sword Boomerang"],"picked":"Havoc+1","floor":41},{"not_picked":["Whirlwind","Second Wind"],"picked":"Perfected Strike+1","floor":42},{"not_picked":["Pommel Strike","Clothesline"],"picked":"Disarm","floor":45},{"not_picked":["Corruption","Sword Boomerang+1"],"picked":"Shrug It Off+1","floor":48}],"player_experience":351222,"relics_obtained":[{"floor":7.0,"key":"Singing Bowl"},{"floor":9.0,"key":"Mummified Hand"},{"floor":22.0,"key":"Necronomicon"},{"floor":23.0,"key":"MawBank"},{"floor":26.0,"key":"Matryoshka"},{"floor":30.0,"key":"Shuriken"},{"floor":30.0,"key":"Pantograph"},{"floor":43,"key":"Smiling Mask"},{"floor":43,"key":"CeramicFish"},{"floor":45,"key":"Bird Faced Urn"}],"event_choices":[{"damage_healed":0.0,"max_hp_gain":0.0,"max_hp_loss":0.0,"gold_gain":0.0,"event_name":"Golden Idol","player_choice":"Take Damage","floor":2.0,"gold_loss":0.0,"damage_taken":24.0,"relics_obtained":["Golden Idol"]},{"damage_healed":0.0,"max_hp_gain":0.0,"max_hp_loss":0.0,"gold_gain":0.0,"event_name":"Wheel of Change","player_choice":"Damaged","floor":3.0,"gold_loss":0.0,"damage_taken":9.0},{"damage_healed":0.0,"max_hp_gain":0.0,"max_hp_loss":0.0,"gold_gain":0.0,"event_name":"Upgrade Shrine","player_choice":"Upgraded","floor":20.0,"gold_loss":0.0,"damage_taken":0.0,"cards_upgraded":["Armaments"]},{"damage_healed":0.0,"max_hp_gain":0.0,"max_hp_loss":0.0,"gold_gain":0.0,"event_name":"Cursed Tome","player_choice":"Obtained Book","floor":22.0,"gold_loss":0.0,"damage_taken":16.0},{"damage_healed":0.0,"max_hp_gain":0.0,"max_hp_loss":0.0,"gold_gain":0.0,"event_name":"Back to Basics","player_choice":"Simplicity","floor":29.0,"gold_loss":0.0,"damage_taken":0.0,"cards_upgraded":["Strike_R","Strike_R","Strike_R","Strike_R","Strike_R","Defend_R","Defend_R","Defend_R","Defend_R"]},{"damage_healed":0.0,"max_hp_gain":0.0,"max_hp_loss":0.0,"gold_gain":0.0,"event_name":"WeMeetAgain","player_choice":"Gave Potion","floor":36.0,"gold_loss":0.0,"damage_taken":0.0,"relics_obtained":["Pen Nib"]},{"damage_healed":0.0,"max_hp_gain":0.0,"max_hp_loss":0.0,"gold_gain":0.0,"event_name":"SensoryStone","player_choice":"Memory 3","floor":39.0,"gold_loss":0.0,"damage_taken":10.0},{"damage_healed":0,"gold_gain":0,"player_choice":"Fight","damage_taken":0,"max_hp_gain":0,"max_hp_loss":0,"event_name":"MindBloom","floor":45,"gold_loss":0}],"is_beta":false,"boss_relics":[{"not_picked":["Cursed Key","Fusion Hammer"],"picked":"Mark of Pain"},{"not_picked":["Velvet Choker","Runic Cube"],"picked":"Black Star"}],"items_purged_floors":[],"is_endless":false,"potions_floor_spawned":[7,8,12,14,18,23,37,42,45],"ascension_level":0}}