{"host":"2se5dq1do2gp0x9k","time":1612067306,"event":{"mods":["AchievementEnabler","BaseMod","Block Reminder","Colored Map","Colored Powertips","Minty Spire (QoL Compilation)","Relic Stats","StSLib","SuperFastMode"],"gold_per_floor":[112,112,26,46,46,46,46,46,46],"floor_reached":8,"language":"ENG","playtime":151,"items_purged":[],"score":84,"play_id":"6ef321df-ed75-4f30-92dd-b871be4f0138","local_time":"20210130202826","is_ascension_mode":true,"campfire_choices":[{"data":"Adaptation","floor":6,"key":"SMITH"}],"circlet_count":0,"master_deck":["AscendersBane","Strike_P","Strike_P","Strike_P","Strike_P","Defend_P","Defend_P","Defend_P","Defend_P","Eruption","Vigilance","FearNoEvil","Adaptation+1","ThirdEye"],"relics":["Velvet Choker","Nunchaku"],"acts_visited":["Exordium"],"potions_floor_usage":[],"damage_taken":[{"damage":4,"enemies":"2 Louse","floor":1,"turns":2},{"damage":4,"enemies":"Jaw Worm","floor":4,"turns":3},{"damage":72,"enemies":"Gremlin Nob","floor":8,"turns":3}],"seed_played":"-8101070295757212675","potions_obtained":[{"floor":4,"key":"PowerPotion"}],"is_trial":false,"path_per_floor":["M","?","$","M","?","R","?","E"],"character_chosen":"WATCHER","items_purchased":["Adaptation"],"campfire_rested":0,"item_purchase_floors":[3],"current_hp_per_floor":[57,62,62,58,58,58,47,0,0],"gold":46,"neow_bonus":"BOSS_RELIC","is_daily":false,"chose_seed":false,"campfire_upgraded":1,"win_rate":0.0,"timestamp":1612067306,"path_taken":["M","?","$","M","?","R","?","E"],"items_purchased_type":["Card"],"build_version":"2020-12-22","purchased_purges":0,"victory":false,"max_hp_per_floor":[68,73,73,73,73,73,73,73,73],"relic_stats":{"Nunchaku":[0],"counters":[3,8],"obtain_stats":[{"Nunchaku":7,"Velvet Choker":0,"PureWater":0},{"Nunchaku":2,"Velvet Choker":0,"PureWater":0},{"Nunchaku":5,"Velvet Choker":0,"PureWater":0}]},"card_choices":[{"not_picked":["Consecrate","Prostrate"],"picked":"FearNoEvil","floor":1},{"not_picked":["FollowUp","Evaluate"],"picked":"ThirdEye","floor":4}],"player_experience":4010797,"relics_obtained":[],"event_choices":[{"damage_healed":0,"gold_gain":0,"player_choice":"Donut","damage_taken":0,"max_hp_gain":5,"max_hp_loss":0,"event_name":"Big Fish","floor":2,"gold_loss":0},{"damage_healed":0,"gold_gain":0,"player_choice":"Ignored","damage_taken":0,"max_hp_gain":0,"max_hp_loss":0,"event_name":"Liars Game","floor":5,"gold_loss":0},{"damage_healed":0,"gold_gain":0,"player_choice":"Success","damage_taken":11,"relics_obtained":["Nunchaku"],"max_hp_gain":0,"max_hp_loss":0,"event_name":"Scrap Ooze","floor":7,"gold_loss":0}],"is_beta":false,"boss_relics":[],"items_purged_floors":[],"is_endless":false,"potions_floor_spawned":[4],"killed_by":"Gremlin Nob","ascension_level":18}}