{"host":"x5w9zppki4gdwvc7","time":1612099496,"event":{"mods":["AchievementEnabler","BaseMod","Colored Powertips","DeckTracker","Minty Spire (QoL Compilation)","Relic Sorter","SuperFastMode"],"gold_per_floor":[114,114,114,133,148,189,189,203,203,221,221,257,257,276,276,276,276],"floor_reached":16,"language":"ENG","playtime":816,"items_purged":[],"score":123,"play_id":"6a77890b-a1a1-496e-abd8-579430a8d689","local_time":"20210131142456","is_ascension_mode":true,"campfire_choices":[{"floor":7,"key":"REST"},{"data":"Backflip","floor":11,"key":"SMITH"},{"floor":15,"key":"REST"}],"circlet_count":0,"master_deck":["Strike_G","Strike_G","Strike_G","Strike_G","Defend_G","Defend_G","Defend_G","Defend_G","Defend_G","Survivor","Neutralize+1","Backflip+1","Injury","Flying Knee","Quick Slash","Dagger Throw","Dodge and Roll","Cloak And Dagger","Prepared"],"relics":["Ring of the Snake","Golden Idol","Blue Candle","Bottled Flame","Anchor"],"acts_visited":["Exordium"],"potions_floor_usage":[],"damage_taken":[{"damage":0,"enemies":"2 Louse","floor":1,"turns":3},{"damage":3,"enemies":"Small Slimes","floor":4,"turns":6},{"damage":2,"enemies":"Jaw Worm","floor":5,"turns":5},{"damage":64,"enemies":"Gremlin Nob","floor":6,"turns":8},{"damage":3,"enemies":"Looter","floor":8,"turns":4},{"damage":0,"enemies":"Red Slaver","floor":10,"turns":4},{"damage":26,"enemies":"Lagavulin","floor":12,"turns":7},{"damage":7,"enemies":"Large Slime","floor":14,"turns":6},{"damage":42,"enemies":"Slime Boss","floor":16,"turns":8}],"seed_played":"6806608644195842497","potions_obtained":[{"floor":4,"key":"FairyPotion"},{"floor":8,"key":"SteroidPotion"},{"floor":14,"key":"Weak Potion"}],"is_trial":false,"path_per_floor":["M","?","?","M","M","E","R","M","T","M","R","E","?","M","R","B"],"character_chosen":"THE_SILENT","items_purchased":[],"campfire_rested":2,"item_purchase_floors":[],"current_hp_per_floor":[70,70,70,67,65,1,22,19,19,19,19,21,21,14,35,0,0],"gold":276,"neow_bonus":"UPGRADE_CARD","is_daily":false,"chose_seed":false,"campfire_upgraded":1,"win_rate":0.0,"timestamp":1612099496,"path_taken":["M","?","?","M","M","E","R","M","T","?","R","E","?","?","R","BOSS"],"items_purchased_type":[],"build_version":"2020-12-22","purchased_purges":0,"victory":false,"max_hp_per_floor":[70,70,70,70,70,70,70,70,70,70,70,70,70,70,70,70,70],"card_choices":[{"not_picked":["Underhanded Strike","Sucker Punch"],"picked":"Backflip","floor":1},{"not_picked":["Sucker Punch","Outmaneuver"],"picked":"Flying Knee","floor":4},{"not_picked":["Outmaneuver","Bane","Cloak And Dagger"],"picked":"SKIP","floor":5},{"not_picked":["Outmaneuver","Bullet Time"],"picked":"Quick Slash","floor":6},{"not_picked":["Skewer","Masterful Stab"],"picked":"Dagger Throw","floor":8},{"not_picked":["Sucker Punch","Leg Sweep","Dagger Spray"],"picked":"SKIP","floor":10},{"not_picked":["Concentrate","Choke"],"picked":"Dodge and Roll","floor":12},{"not_picked":["Sucker Punch","Flechettes"],"picked":"Prepared","floor":14}],"player_experience":316358,"relics_obtained":[{"floor":6,"key":"Blue Candle"},{"floor":9,"key":"Bottled Flame"},{"floor":12,"key":"Anchor"}],"event_choices":[{"cards_removed":["Strike_G"],"damage_healed":0,"gold_gain":0,"player_choice":"Forget","damage_taken":0,"max_hp_gain":0,"max_hp_loss":0,"event_name":"Living Wall","floor":2,"gold_loss":0},{"damage_healed":0,"gold_gain":0,"player_choice":"Take Wound","damage_taken":0,"relics_obtained":["Golden Idol"],"max_hp_gain":0,"max_hp_loss":0,"event_name":"Golden Idol","floor":3,"gold_loss":0,"cards_obtained":["Injury"]},{"damage_healed":0,"gold_gain":0,"player_choice":"1 cards matched","damage_taken":0,"max_hp_gain":0,"max_hp_loss":0,"event_name":"Match and Keep!","floor":13,"gold_loss":0,"cards_obtained":["Cloak And Dagger"]}],"is_beta":false,"boss_relics":[],"items_purged_floors":[],"is_endless":false,"potions_floor_spawned":[4,8,14],"killed_by":"Slime Boss","ascension_level":2}}