{"host":"nzm1i0l8mrsm8hd2","time":1612087767,"event":{"mods":["100% Spire Juice","Act Like it!","Aspiration","BaseMod","Better Third Choice","Challenge The Spire","Conspire","Friendly Minions","Gensokyo","Jedi Mod","Minty Spire (QoL Compilation)","Pale of the Ancients","Quick Restart","Reliquary","RumiaBox-露米娅的神秘盒子","Spicy Shops","StSLib","Wide Potions"],"gold_per_floor":[109,109,130,130,80,80,128,128,128,203,225,251,11,36,36,162,162,190,15,49,49,148,215,215,236,236,314,314,314],"floor_reached":28,"language":"ZHS","playtime":1724,"items_purged":["Moonworks:Strike","Moonworks:Strike"],"score":364,"play_id":"cb09a877-c0bb-4f07-b822-e58ca22fd34c","local_time":"20210131180927","is_ascension_mode":false,"campfire_choices":[{"data":"Moonworks:LongDistanceShot","floor":6.0,"key":"SMITH"},{"data":"Moonworks:SakisCookie","floor":8.0,"key":"SMITH"},{"data":"Moonworks:Ambush","floor":15.0,"key":"SMITH"},{"data":"Moonworks:Dash","floor":24,"key":"SMITH"}],"circlet_count":0,"master_deck":["Moonworks:Strike","Moonworks:Strike","Moonworks:Defend","Moonworks:Defend+1","Moonworks:Defend","Moonworks:Defend","Moonworks:Ambush+1","Moonworks:LongDistanceShot+1","Moonworks:WindyEnchantment","conspire:SpireCoStock","Moonworks:SakisCookie+1","Moonworks:WindyEnchantment+1","Moonworks:Encore","Moonworks:Dash+1","Moonworks:MiracleRedBeanIceCream"],"relics":["Moonworks:SBBomb","Moonworks:Homemark","NeowsBlessing","Golden Idol","Baka2","MoreBug","jedi:heavyjacket","conspire:DecoderRing","aspiration:Stabinomicon","reliquary:Firecrackers","reliquary:JackalopeAntler","FossilizedHelix"],"acts_visited":["Exordium","TheCity"],"potions_floor_usage":[23],"damage_taken":[{"damage":0.0,"enemies":"Small Slimes","floor":1.0,"turns":1.0},{"damage":0.0,"enemies":"Cultist","floor":3.0,"turns":1.0},{"damage":0.0,"enemies":"Lagavulin","floor":7.0,"turns":1.0},{"damage":10.0,"enemies":"conspire:RoseBush","floor":11.0,"turns":5.0},{"damage":1.0,"enemies":"3 Sentries","floor":12.0,"turns":3.0},{"damage":0.0,"enemies":"Large Slime","floor":14.0,"turns":1.0},{"damage":3.0,"enemies":"Slime Boss","floor":16.0,"turns":5.0},{"damage":0.0,"enemies":"Spheric Guardian","floor":18.0,"turns":2.0},{"damage":0.0,"enemies":"Chosen","floor":20.0,"turns":3.0},{"damage":5,"enemies":"conspire:SneckoGhost","floor":23,"turns":4},{"damage":0,"enemies":"Snake Plant","floor":25,"turns":2},{"damage":8,"enemies":"Book of Stabbing","floor":27,"turns":4}],"seed_played":"5139895486106417978","potions_obtained":[{"floor":1.0,"key":"Block Potion"},{"floor":18.0,"key":"FairyPotion"},{"floor":20,"key":"jedi:StrikingPotion"}],"is_trial":false,"path_per_floor":["M","?","M","?","?","R","E","R","T","?","M","E","?","M","R","B",null,"M","$","M","?","?","E","R","M","T","E","?"],"character_chosen":"THE_STARBREAKER","items_purchased":[],"campfire_rested":0,"item_purchase_floors":[],"current_hp_per_floor":[60,45,45,50,50,50,50,50,50,44,39,43,30,33,33,41,65,65,65,65,49,49,47,47,51,51,48,48,48],"gold":314,"neow_bonus":"THREE_ENEMY_KILL","is_daily":false,"chose_seed":false,"campfire_upgraded":4,"win_rate":0.0,"timestamp":1612087767,"path_taken":["M","?","M","?","?","R","E","R","T","?","?","E","?","M","R","BOSS","M","$","M","?","?","E","R","M","T","E","?"],"items_purchased_type":[],"build_version":"2020-12-22","purchased_purges":2,"victory":false,"max_hp_per_floor":[60,60,60,65,65,65,65,65,65,65,65,65,65,65,65,65,65,65,65,65,65,65,65,65,65,65,65,65,65],"card_choices":[{"not_picked":["Moonworks:IntelligenceOfficer","Moonworks:EvilSpyWorkPreparation"],"picked":"Moonworks:WindyEnchantment","floor":1.0},{"not_picked":["Moonworks:CloudOfSeagulls","Moonworks:EvilSpyWorkPreparation","Moonworks:JonathanRush"],"picked":"SKIP","floor":3.0},{"not_picked":["Moonworks:CloudOfSeagulls","Moonworks:Assault"],"picked":"Moonworks:SakisCookie","floor":7.0},{"not_picked":["Moonworks:CookingTime","Moonworks:JonathanRush","Moonworks:EvilSpyWorkPreparation"],"picked":"SKIP","floor":11.0},{"not_picked":["Moonworks:ScrambledEve","Moonworks:ImOnFire"],"picked":"Moonworks:WindyEnchantment","floor":12.0},{"not_picked":["Moonworks:CloudOfSeagulls","Moonworks:ReproductionOfRecords","Moonworks:BigBangBell"],"picked":"SKIP","floor":14.0},{"not_picked":["Moonworks:LeapThroughSpace","Moonworks:FinalBattle"],"picked":"Moonworks:Encore","floor":16.0},{"not_picked":["Moonworks:StiffCrystal","Moonworks:LulusLuckyEgg","Moonworks:EvilSpyWorkPreparation"],"picked":"SKIP","floor":18.0},{"not_picked":["Moonworks:TacticalRetreat","Moonworks:CloudOfSeagulls","Moonworks:FinalSurgery"],"picked":"SKIP","floor":20},{"not_picked":["Moonworks:BigMagnum+1","Moonworks:UnpaidWork"],"picked":"Moonworks:Dash","floor":23},{"not_picked":["Moonworks:BigMagnum","Moonworks:CookingTime","Moonworks:CloudOfSeagulls+1"],"picked":"SKIP","floor":25},{"not_picked":["Moonworks:SelfDestruct","Moonworks:CrystalBarrier"],"picked":"Moonworks:MiracleRedBeanIceCream","floor":27}],"player_experience":568291,"relics_obtained":[{"floor":1.0,"key":"Baka"},{"floor":3.0,"key":"Baka2"},{"floor":7.0,"key":"MoreBug"},{"floor":9.0,"key":"jedi:heavyjacket"},{"floor":12.0,"key":"conspire:DecoderRing"},{"floor":21,"key":"aspiration:Stabinomicon"},{"floor":23,"key":"reliquary:Firecrackers"},{"floor":26,"key":"reliquary:JackalopeAntler"},{"floor":27,"key":"FossilizedHelix"}],"event_choices":[{"damage_healed":0.0,"max_hp_gain":0.0,"max_hp_loss":0.0,"gold_gain":0.0,"event_name":"Golden Idol","player_choice":"Take Damage","floor":2.0,"gold_loss":0.0,"damage_taken":15.0,"relics_obtained":["Golden Idol"]},{"damage_healed":0.0,"max_hp_gain":5.0,"max_hp_loss":0.0,"gold_gain":0.0,"event_name":"Big Fish","player_choice":"Donut","floor":4.0,"gold_loss":0.0,"damage_taken":0.0},{"damage_healed":0.0,"max_hp_gain":0.0,"max_hp_loss":0.0,"gold_gain":0.0,"event_name":"conspire:Investor","player_choice":"Invest 1","floor":5.0,"gold_loss":0.0,"damage_taken":0.0},{"damage_healed":0.0,"max_hp_gain":0.0,"max_hp_loss":0.0,"gold_gain":75.0,"event_name":"FaceTrader","player_choice":"Touch","floor":10.0,"gold_loss":0.0,"damage_taken":6.0},{"damage_healed":43.0,"max_hp_gain":0.0,"max_hp_loss":65.0,"gold_gain":0.0,"event_name":"betterThird:BetterShining","player_choice":"Upgrade","floor":13.0,"gold_loss":0.0,"damage_taken":13.0,"cards_upgraded":["Moonworks:Defend","Moonworks:WindyEnchantment"]},{"damage_healed":0,"gold_gain":0,"player_choice":"Obtained Book","damage_taken":16,"max_hp_gain":0,"max_hp_loss":0,"event_name":"Cursed Tome","floor":21,"gold_loss":0},{"damage_healed":0,"gold_gain":99,"player_choice":"Steal","damage_taken":0,"max_hp_gain":0,"max_hp_loss":0,"event_name":"betterThird:BetterNest","floor":22,"gold_loss":0}],"is_beta":false,"boss_relics":[{"not_picked":["conspire:SpecialSausage","aspiration:WatcherSkillbook"],"picked":"Moonworks:SBBomb"}],"items_purged_floors":[19,19],"is_endless":false,"potions_floor_spawned":[1,18,20],"ascension_level":0}}