{"host":"4rvakrj1idbgia3f","time":1612089745,"event":{"mods":["BaseMod","Colored Map","Colored Powertips","DeckTracker","Highlight Path","Minty Spire (QoL Compilation)","Random Character Button","StSLib"],"gold_per_floor":[12,26,45,45,60,60,89,89,159,159,159],"floor_reached":10,"language":"JPN","playtime":369,"items_purged":[],"score":136,"play_id":"60551a4a-6cb5-4f43-b362-5537cadeb66f","local_time":"20210131194225","is_ascension_mode":true,"campfire_choices":[{"data":"Dash","floor":6,"key":"SMITH"},{"data":"Corpse Explosion","floor":8,"key":"SMITH"}],"circlet_count":0,"master_deck":["AscendersBane","Strike_G","Strike_G","Strike_G","Strike_G","Defend_G","Defend_G","Defend_G","Defend_G","Survivor","Neutralize","Deadly Poison","Predator","Slice","Dash+1","Corpse Explosion+1"],"relics":["Ring of the Snake","Incense Burner","Kunai"],"acts_visited":["Exordium"],"potions_floor_usage":[7,10,10],"damage_taken":[{"damage":0,"enemies":"Small Slimes","floor":1,"turns":4},{"damage":0,"enemies":"Cultist","floor":2,"turns":3},{"damage":2,"enemies":"2 Louse","floor":3,"turns":2},{"damage":0,"enemies":"2 Fungi Beasts","floor":5,"turns":3},{"damage":30,"enemies":"Lagavulin","floor":7,"turns":7},{"damage":28,"enemies":"Gremlin Nob","floor":10,"turns":4}],"seed_played":"4481140536990752758","potions_obtained":[{"floor":4,"key":"SteroidPotion"},{"floor":4,"key":"Dexterity Potion"},{"floor":7,"key":"EssenceOfSteel"}],"is_trial":false,"path_per_floor":["M","M","M","?","M","R","E","R","T","E"],"character_chosen":"THE_SILENT","items_purchased":[],"campfire_rested":0,"item_purchase_floors":[],"current_hp_per_floor":[59,59,57,57,57,57,27,27,27,0,0],"gold":159,"neow_bonus":"REMOVE_TWO","is_daily":false,"chose_seed":false,"campfire_upgraded":2,"win_rate":0.0,"timestamp":1612089745,"path_taken":["M","M","M","?","M","R","E","R","T","E"],"items_purchased_type":[],"build_version":"2020-12-22","purchased_purges":0,"victory":false,"max_hp_per_floor":[66,66,66,66,66,66,66,66,66,66,66],"card_choices":[{"not_picked":["Cloak And Dagger","Sucker Punch"],"picked":"Deadly Poison","floor":1},{"not_picked":["Finisher","Backstab"],"picked":"Predator","floor":2},{"not_picked":["Acrobatics","Deflect"],"picked":"Slice","floor":3},{"not_picked":["Acrobatics","Backflip"],"picked":"Dash","floor":5},{"not_picked":["Distraction","Escape Plan"],"picked":"Corpse Explosion","floor":7}],"player_experience":2145031,"relics_obtained":[{"floor":7,"key":"Incense Burner"},{"floor":9,"key":"Kunai"}],"event_choices":[{"damage_healed":0,"gold_gain":0,"player_choice":"Got Potions","damage_taken":0,"max_hp_gain":0,"max_hp_loss":0,"event_name":"Lab","floor":4,"gold_loss":0}],"is_beta":false,"boss_relics":[],"items_purged_floors":[],"is_endless":false,"potions_floor_spawned":[7],"killed_by":"Gremlin Nob","ascension_level":20}}