{"host":"jw4qy1ihmjslahm8","time":1612130767,"event":{"mods":["2.2 Compatiblity","Act Like it!","BaseMod","BetterRewards","Colored Map","Downfall","Duelist Mod","GifTheSpireLib","Hallownest","HololiveMod","Hubris","Infinite Spire","KinomotoSakuraMod(ñÿîVñ{?)","Minty Spire (QoL Compilation)","Replay The Spire","StSLib","The Animator","WarShipGirlsR/??è≠èóR mod"],"gold_per_floor":[125,145,155,169,169,169,169,189,221,233,309,319,319,46,60,164,164,164],"floor_reached":17,"language":"ENG","playtime":1661,"items_purged":[],"score":159,"play_id":"7411dca6-0bb3-416b-99c5-f31691460e69","local_time":"20210131140607","is_ascension_mode":false,"campfire_choices":[{"data":"theDuelist:YamataDragon","floor":1,"key":"SMITH"},{"floor":13,"key":"REST"}],"circlet_count":0,"master_deck":["theDuelist:BabyDragon","theDuelist:CastleWalls","theDuelist:CastleWalls","theDuelist:CaveDragon","theDuelist:CaveDragon","theDuelist:LesserDragon","theDuelist:LesserDragon","theDuelist:Sparks","theDuelist:Sparks","theDuelist:YamataDragon+1","theDuelist:BlueEyesUltimate","theDuelist:CoralDragon","theDuelist:DragonCaptureJar","Sickly","animator:Curse_GriefSeed","ReplayTheSpireMod:??????????????????????","theDuelist:DragonShield+1","theDuelist:Lancephorhynchus","theDuelist:RedMedicine","ReplayTheSpireMod:Splinters","theDuelist:TyrantWing","theDuelist:CyberTwinDragon","theDuelist:ReinforcementsArmy","theDuelist:CyberDragonVier","theDuelist:WaterDragon"],"relics":["theDuelist:MillenniumPuzzle","theDuelist:CardPoolRelic","theDuelist:CardPoolBasicRelic","theDuelist:BoosterPackPoolRelic","theDuelist:CardPoolAddRelic","theDuelist:CardPoolMinusRelic","theDuelist:CardPoolSaveRelic","theDuelist:CardPoolOptionsRelic","infinitespire:Lucky Rock","theDuelist:DuelistTeaSet","theDuelist:ElectricToken","Vajra","Ornamental Fan","Gremlin Food","Hololive_TopUpMoneyS"],"acts_visited":["Exordium","TheCity"],"potions_floor_usage":[16,16,16],"damage_taken":[{"damage":0,"enemies":"2 Louse","floor":2,"turns":2},{"damage":0,"enemies":"Cultist","floor":3,"turns":3},{"damage":4,"enemies":"Jaw Worm","floor":4,"turns":2},{"damage":0,"enemies":"2 Fungi Beasts","floor":8,"turns":2},{"damage":3,"enemies":"Gremlin Nob","floor":9,"turns":3},{"damage":0,"enemies":"Blue Slaver","floor":10,"turns":2},{"damage":0,"enemies":"3 Louse","floor":12,"turns":2},{"damage":3,"enemies":"downfall:FleeingMerchant","floor":14,"turns":4},{"damage":9,"enemies":"2 Fungi Beasts","floor":15,"turns":4},{"damage":67,"enemies":"IC_STATUS_ARCHETYPE","floor":16,"turns":10}],"seed_played":"7933392206357208463","potions_obtained":[{"floor":3,"key":"theDuelist:DestructPotionPotB"},{"floor":8,"key":"theDuelist:SolderPotionB"},{"floor":9,"key":"theDuelist:SealedPackC"},{"floor":11,"key":"champ:CounterPotion"}],"is_trial":false,"path_per_floor":["R","M","M","M","?","?","T","M","E","M","?","M","R","$","M","B",null],"character_chosen":"THE_DUELIST","items_purchased":["Ornamental Fan"],"campfire_rested":1,"item_purchase_floors":[14],"current_hp_per_floor":[80,80,80,76,76,70,70,70,67,67,67,67,80,77,68,1,80,80],"gold":164,"neow_bonus":"RANDOM_COMMON_RELIC","is_daily":false,"chose_seed":false,"campfire_upgraded":1,"win_rate":0.0,"timestamp":1612130767,"path_taken":["R","M","M","M","?","?","T","?","E","M","?","M","R","$","M","BOSS"],"items_purchased_type":["Relic"],"build_version":"2020-12-22","purchased_purges":0,"victory":false,"max_hp_per_floor":[80,80,80,80,80,80,80,80,80,80,80,80,80,80,80,80,80,80],"card_choices":[{"not_picked":["theDuelist:AxeDespair","theDuelist:FiendSkull","theDuelist:ArtifactSanctum","theDuelist:JurassicImpact"],"picked":"theDuelist:BlueEyesUltimate","floor":2},{"not_picked":["theDuelist:LesserDragon","theDuelist:ScrapIronScarecrow","theDuelist:BlackBrutdrago","theDuelist:AncientRules"],"picked":"theDuelist:CoralDragon","floor":3},{"not_picked":["theDuelist:ScrapIronScarecrow","theDuelist:SafeZone","theDuelist:MiraculousDescent","theDuelist:JurassicImpact"],"picked":"theDuelist:DragonCaptureJar","floor":4},{"not_picked":["infinitespire:FinalStrike","infinitespire:UltimateForm"],"picked":"ReplayTheSpireMod:??????????????????????","floor":5},{"not_picked":["theDuelist:VeilDarkness+1","theDuelist:FireDarts","theDuelist:DragonCaptureJar","theDuelist:DefenseDraw"],"picked":"theDuelist:DragonShield+1","floor":8},{"not_picked":["theDuelist:MadSwordBeast","theDuelist:HazyFlameHydra","theDuelist:GalaxyTyranno","theDuelist:Freezadon"],"picked":"theDuelist:Lancephorhynchus","floor":9},{"not_picked":["theDuelist:RainbowOverdragon","theDuelist:DarkCreator","theDuelist:ForbiddenChalice","theDuelist:ShardGreed"],"picked":"theDuelist:RedMedicine","floor":10},{"not_picked":["theDuelist:VeilDarkness+1","theDuelist:FireDarts","theDuelist:DragonShield+1","theDuelist:DefenseZone+1"],"picked":"theDuelist:TyrantWing","floor":11},{"not_picked":["theDuelist:BlackPtera","theDuelist:BlackBrachios","theDuelist:Kabazauls","theDuelist:BarrelDragon"],"picked":"theDuelist:CyberTwinDragon","floor":12},{"not_picked":["theDuelist:RainbowOverdragon","theDuelist:HarpieFeather","theDuelist:BigEye","theDuelist:RainbowBridge"],"picked":"theDuelist:ReinforcementsArmy","floor":14},{"not_picked":["theDuelist:LesserDragon","theDuelist:CyberDinosaur","theDuelist:CyberDragonCore","theDuelist:MythicWaterDragon"],"picked":"theDuelist:CyberDragonVier","floor":15},{"not_picked":["theDuelist:StardustDragon","theDuelist:SeismicShockwave","theDuelist:DragonMastery","theDuelist:BusterBladerDDS"],"picked":"theDuelist:WaterDragon","floor":16}],"player_experience":48282,"relics_obtained":[{"floor":7,"key":"theDuelist:ElectricToken"},{"floor":9,"key":"Vajra"}],"event_choices":[{"damage_healed":0,"gold_gain":0,"player_choice":"Dig - random Duelist relic","duelist":true,"damage_taken":0,"max_hp_gain":0,"max_hp_loss":0,"event_name":"Aknamkanon\u0027s Tomb","floor":6,"gold_loss":0}],"is_beta":false,"boss_relics":[{"not_picked":["hubris:Stopwatch","Snecko Scales"],"picked":"Hololive_TopUpMoneyS"}],"items_purged_floors":[],"is_endless":false,"potions_floor_spawned":[3,8,9,15],"ascension_level":0}}