{"host":"usru02jcpe2a942d","time":1612054003,"event":{"mods":["Act Like it!","Astrologer","BaseMod","Chen","Colored Powertips","GifTheSpireLib","Highlight Path","HornydragonMod","Hubris","Infinite Spire","Jedi Mod","Minty Spire (QoL Compilation)","MostiFishMod","Pale of the Ancients","Quick Restart","Relic Stats","RumiaBox-露米娅的神秘盒子","StSLib","noobMod","【遗物卡牌】REMEMod","篝火指南"],"gold_per_floor":[115,115,139,139,160,160,179,179,179,188,188,220,267,282,282,420,420,420],"floor_reached":17,"language":"ZHS","playtime":704,"items_purged":[],"score":147,"play_id":"40c6e2d4-3fb0-43cd-a23a-d7347cc8599d","local_time":"20210131084643","is_ascension_mode":false,"campfire_choices":[{"data":"Chen:Panic","floor":6,"key":"SMITH"},{"data":"Chen:Excitement","floor":8,"key":"SMITH"},{"data":"Chen:Spray","floor":15,"key":"SMITH"}],"circlet_count":0,"master_deck":["Chen:Strike+1","Chen:Strike","Chen:Strike","Chen:Strike+1","Chen:Defend+1","Chen:Defend+1","Chen:Defend+1","Chen:Defend+1","Chen:PounceTurnTail+1","Chen:GlitterPoke","Fury+1","Chen:Panic+1","Chen:Scratch","Chen:Excitement+1","Chen:Salvo","Chen:Spray+1","Chen:Sneak","Chen:Scratch","Chen:ShikigamiForm"],"relics":["Chen:Catnip","DaveBox","ice","REME_ComplimentaryCards","DSteel32","SynthV:TestCard","Golden Idol","White Beast Statue","CeramicFish","hubris:PeanutButter","Odd Mushroom","SoulBox"],"acts_visited":["Exordium","TheCity"],"potions_floor_usage":[14],"damage_taken":[{"damage":0,"enemies":"Small Slimes","floor":1,"turns":2},{"damage":2,"enemies":"2 Louse","floor":3,"turns":2},{"damage":3,"enemies":"Jaw Worm","floor":5,"turns":2},{"damage":3,"enemies":"Exordium Wildlife","floor":7,"turns":3},{"damage":0,"enemies":"Blue Slaver","floor":12,"turns":2},{"damage":1,"enemies":"The Mushroom Lair","floor":13,"turns":4},{"damage":0,"enemies":"Large Slime","floor":14,"turns":5},{"damage":58,"enemies":"The Guardian","floor":16,"turns":9}],"seed_played":"6953531668995888131","potions_obtained":[{"floor":1,"key":"Dexterity Potion"},{"floor":3,"key":"Explosive Potion"},{"floor":5,"key":"Weak Potion"},{"floor":14,"key":"Fruit Juice"},{"floor":16,"key":"jedi:hoardpotion"}],"is_trial":false,"path_per_floor":["M","?","M","?","M","R","M","R","T","?","T","M","?","M","R","B",null],"character_chosen":"CHEN","items_purchased":[],"campfire_rested":0,"item_purchase_floors":[],"current_hp_per_floor":[77,58,56,56,53,53,50,50,50,50,50,50,49,54,54,74,83,83],"gold":420,"neow_bonus":"TEN_PERCENT_HP_BONUS","is_daily":false,"chose_seed":false,"campfire_upgraded":3,"win_rate":0.0,"timestamp":1612054003,"path_taken":["M","?","M","?","M","R","M","R","T","?","?","?","?","M","R","BOSS"],"items_purchased_type":[],"build_version":"2020-12-22","purchased_purges":0,"victory":false,"max_hp_per_floor":[77,77,77,77,77,77,77,77,77,77,77,77,77,82,82,83,83,83],"relic_stats":{"counters":[8,29],"Golden Idol":55,"CeramicFish":36,"obtain_stats":[{"DSteel32":0,"SynthV:TestCard":1,"DaveBox":0,"Golden Idol":2,"Chen:Catnip":0,"CeramicFish":9,"hubris:PeanutButter":11,"SoulBox":17,"ice":0,"Odd Mushroom":13,"White Beast Statue":4,"REME_ComplimentaryCards":0},{"DSteel32":0,"SynthV:TestCard":1,"DaveBox":0,"Golden Idol":1,"Chen:Catnip":0,"CeramicFish":4,"hubris:PeanutButter":4,"SoulBox":8,"ice":0,"Odd Mushroom":6,"White Beast Statue":2,"REME_ComplimentaryCards":0},{"DSteel32":0,"SynthV:TestCard":2,"DaveBox":0,"Golden Idol":2,"Chen:Catnip":0,"CeramicFish":9,"hubris:PeanutButter":9,"SoulBox":29,"ice":0,"Odd Mushroom":15,"White Beast Statue":4,"REME_ComplimentaryCards":0}]},"card_choices":[{"not_picked":["Chen:CatPunch","Chen:RecklessLeap"],"picked":"Chen:Panic","floor":1},{"not_picked":["Chen:SelfConfidence","Chen:TauntHiss","Chen:RecklessLeap","Chen:PentagramFlight"],"picked":"Chen:Scratch","floor":3},{"not_picked":["Chen:Honk","Chen:Sidestep","Chen:Scratch","Chen:Instinct"],"picked":"Chen:Excitement","floor":5},{"not_picked":["Chen:Afterimages","Chen:Sneak","Chen:Sidestep","Chen:Deceitful"],"picked":"Chen:Salvo","floor":7},{"not_picked":["Chen:Sweep","Chen:EmergencyEscape","Chen:Flicker","Chen:Instinct"],"picked":"Chen:Sneak","floor":12},{"not_picked":["Chen:Fadeout","Chen:Shot","Chen:MisdirectSwipe","Chen:Adaptability"],"picked":"Chen:Scratch","floor":13},{"not_picked":["Chen:Sneak","Chen:Adaptability","Chen:Sweep","Chen:Tear","Chen:FinalSpellCard"],"picked":"SKIP","floor":14},{"not_picked":["Chen:FinalSpellCard","Chen:Nimbleness","Chen:PhoenixEgg","Chen:Clarity"],"picked":"Chen:ShikigamiForm","floor":16}],"player_experience":234854,"relics_obtained":[{"floor":1,"key":"SynthV:TestCard"},{"floor":4,"key":"White Beast Statue"},{"floor":9,"key":"CeramicFish"},{"floor":11,"key":"hubris:PeanutButter"},{"floor":13,"key":"Odd Mushroom"}],"event_choices":[{"damage_healed":0,"gold_gain":0,"player_choice":"Take Damage","damage_taken":19,"relics_obtained":["Golden Idol"],"max_hp_gain":0,"max_hp_loss":0,"event_name":"Golden Idol","floor":2,"gold_loss":0},{"damage_healed":0,"gold_gain":0,"cards_transformed":["Chen:Strike"],"player_choice":"Change","damage_taken":0,"max_hp_gain":0,"max_hp_loss":0,"event_name":"Living Wall","floor":10,"gold_loss":0,"cards_obtained":["Chen:Spray"]},{"damage_healed":0,"gold_gain":0,"player_choice":"Fought Mushrooms","damage_taken":0,"max_hp_gain":0,"max_hp_loss":0,"event_name":"Mushrooms","floor":13,"gold_loss":0}],"is_beta":false,"boss_relics":[{"not_picked":["hubris:BlackHole","Cursed Key"],"picked":"SoulBox"}],"items_purged_floors":[],"is_endless":false,"potions_floor_spawned":[1,3,5,7,12,13,14,16],"ascension_level":0}}