{"host":"rk1e5mmpnpniq13w","time":1612124116,"event":{"mods":["BaseMod","Colored Powertips","Hubris","Minty Spire (QoL Compilation)","Replay The Spire","StSLib","The Bug Knight"],"gold_per_floor":[117,117,117,117,130,156,33,33,86,35,46,66,85,120,120,225,225,205,222,222,222,422,448,460,491,514,514,514,514],"floor_reached":28,"language":"ENG","playtime":1492,"items_purged":["Strike_B"],"score":306,"play_id":"dff9ca58-8532-43e0-bc3b-aa7c5b0eb056","local_time":"20210131151516","is_ascension_mode":true,"campfire_choices":[{"data":"Ball Lightning","floor":8,"key":"SMITH"},{"floor":15,"key":"DIG"},{"floor":27,"key":"REST"}],"circlet_count":0,"master_deck":["Strike_B","Strike_B","Defend_B","Defend_B","Defend_B","Defend_B","Zap+1","Dualcast","Crystallizer","Coolheaded","Ball Lightning+1","FIFO Queue+1","Sweeping Beam","ReplayGash","Glacier","Creative AI","Barrage","RitualDagger","Hologram","Rebound+1"],"relics":["Cracked Core","Replay:Bottled Flurry","InkBottle","Orichalcum","DataDisk","Anchor","Busted Crown","Ring of Hypnosis","Art of War","Dead Branch","Replay:Mystery Machine"],"acts_visited":["Exordium","TheCity"],"potions_floor_usage":[14,25,25],"damage_taken":[{"damage":2,"enemies":"Jaw Worm","floor":1,"turns":3},{"damage":7,"enemies":"Small Slimes","floor":5,"turns":3},{"damage":24,"enemies":"Lagavulin","floor":6,"turns":8},{"damage":0,"enemies":"Cultist","floor":11,"turns":2},{"damage":1,"enemies":"Blue Slaver","floor":12,"turns":4},{"damage":0,"enemies":"3 Louse","floor":13,"turns":2},{"damage":4,"enemies":"Gremlin Nob","floor":14,"turns":3},{"damage":9,"enemies":"Slime Boss","floor":16,"turns":11},{"damage":0,"enemies":"2 Thieves","floor":18,"turns":4},{"damage":0,"enemies":"Chosen","floor":19,"turns":4},{"damage":40,"enemies":"Slavers","floor":23,"turns":6},{"damage":4,"enemies":"Centurion and Healer","floor":24,"turns":5},{"damage":13,"enemies":"Book of Stabbing","floor":25,"turns":6},{"damage":64,"enemies":"Slavers","floor":28,"turns":4}],"seed_played":"3887415817194144774","potions_obtained":[{"floor":5,"key":"Explosive Potion"},{"floor":6,"key":"SteroidPotion"},{"floor":13,"key":"ColorlessPotion"},{"floor":16,"key":"Weak Potion"},{"floor":18,"key":"DistilledChaos"}],"is_trial":false,"path_per_floor":["M","?","?","?","M","E","$","R","T","$","M","M","M","E","R","B",null,"M","M","?","?","?","E","M","E","T","R","E"],"character_chosen":"DEFECT","items_purchased":["Ball Lightning","FIFO Queue+1"],"campfire_rested":1,"item_purchase_floors":[7,10],"current_hp_per_floor":[80,73,73,73,66,42,42,42,42,42,42,41,41,37,37,28,82,82,82,76,76,76,36,32,19,19,43,0,0],"gold":514,"neow_bonus":"TEN_PERCENT_HP_BONUS","is_daily":false,"chose_seed":false,"campfire_upgraded":1,"win_rate":0.0,"timestamp":1612124116,"path_taken":["M","?","?","?","M","E","$","R","T","$","M","M","M","E","R","BOSS","M","M","?","?","?","E","?","E","T","R","E"],"items_purchased_type":["Card","Card"],"build_version":"2020-12-22","purchased_purges":1,"victory":false,"max_hp_per_floor":[82,82,82,82,82,82,82,82,82,82,82,82,82,82,82,82,82,82,82,82,82,82,82,82,82,82,82,82,82],"card_choices":[{"not_picked":["Rebound","Loop"],"picked":"Crystallizer","floor":1},{"not_picked":["Stack","Leap"],"picked":"Coolheaded","floor":5},{"not_picked":["Leap","Turbo","ReplaySort"],"picked":"SKIP","floor":6},{"not_picked":["Recycle","Steam","Rip and Tear"],"picked":"SKIP","floor":11},{"not_picked":["Recycle","Steam","Rip and Tear"],"picked":"SKIP","floor":11},{"not_picked":["Panic Button","Beam Cell"],"picked":"Sweeping Beam","floor":12},{"not_picked":["Panic Button","Rebound"],"picked":"ReplayGash","floor":13},{"not_picked":["Stack","Heatsinks"],"picked":"Glacier","floor":14},{"not_picked":["Seek","Machine Learning"],"picked":"Creative AI","floor":16},{"not_picked":[],"picked":"Barrage","floor":18},{"not_picked":["BootSequence"],"picked":"SKIP","floor":19},{"not_picked":[],"picked":"Hologram","floor":23},{"not_picked":[],"picked":"Rebound+1","floor":24},{"not_picked":["Streamline"],"picked":"SKIP","floor":25}],"player_experience":400277,"relics_obtained":[{"floor":6,"key":"InkBottle"},{"floor":9,"key":"Orichalcum"},{"floor":14,"key":"DataDisk"},{"floor":15,"key":"Anchor"},{"floor":21,"key":"Ring of Hypnosis"},{"floor":23,"key":"Art of War"},{"floor":25,"key":"Dead Branch"},{"floor":26,"key":"Replay:Mystery Machine"}],"event_choices":[{"damage_healed":0,"gold_gain":0,"player_choice":"Success","damage_taken":7,"relics_obtained":["Replay:Bottled Flurry"],"max_hp_gain":0,"max_hp_loss":0,"event_name":"Scrap Ooze","floor":2,"gold_loss":0},{"damage_healed":0,"gold_gain":0,"player_choice":"Grow","damage_taken":0,"max_hp_gain":0,"max_hp_loss":0,"event_name":"Living Wall","floor":3,"gold_loss":0,"cards_upgraded":["Zap"]},{"cards_removed":["Strike_B"],"damage_healed":0,"gold_gain":0,"player_choice":"Offered Basic","damage_taken":0,"max_hp_gain":0,"max_hp_loss":0,"event_name":"Bonfire Elementals","floor":4,"gold_loss":0},{"damage_healed":0,"gold_gain":0,"player_choice":"Joined the Cult","damage_taken":6,"max_hp_gain":0,"max_hp_loss":0,"event_name":"Nest","floor":20,"gold_loss":0,"cards_obtained":["RitualDagger"]},{"damage_healed":0,"gold_gain":200,"player_choice":"Gold","damage_taken":0,"max_hp_gain":0,"max_hp_loss":0,"event_name":"Wheel of Change","floor":22,"gold_loss":0}],"is_beta":false,"boss_relics":[{"not_picked":["FrozenCore","Pandora\u0027s Box"],"picked":"Busted Crown"}],"items_purged_floors":[7],"is_endless":false,"potions_floor_spawned":[5,6,13,16,18,19],"killed_by":"Slavers","ascension_level":3}}