{"host":"ek3xvuouaw6vk9if","time":1612063583,"event":{"mods":["BaseMod","BetterRewards","Downfall","Minty Spire (QoL Compilation)","Permanent Neow","Quick Restart","Relic Stats","Replay The Spire","Robot Space Explorer","Spire Arcade","StSLib","The Marked"],"gold_per_floor":[99,118,137,74,74,86,113,131,149,149,165,165,165,66,86,181,181,181,194,129,129,129,149,164,164,236,248,248,248,248,274,274,286,297,396,396,396,408,408,408,425,450,474,484,484,518,528,538,538,554,571,571],"floor_reached":53,"language":"ENG","playtime":3426,"items_purged":["bronze:Strike","Regret"],"score":760,"play_id":"63397782-e487-4f72-abbb-964e6f970182","local_time":"20210130222623","is_ascension_mode":false,"campfire_choices":[{"floor":1,"key":"DIG"},{"data":"bronze:Overheat","floor":10,"key":"SMITH"},{"data":"bronze:Overheat","floor":12,"key":"SMITH"},{"data":"bronze:Boost","floor":18,"key":"SMITH"},{"floor":25,"key":"REST"},{"data":"bronze:HardenedForm","floor":28,"key":"SMITH"},{"data":"bronze:Optimize","floor":32,"key":"SMITH"},{"data":"bronze:SpaghettiCode","floor":37,"key":"SMITH"},{"data":"bronze:ForceShield","floor":49,"key":"SMITH"}],"circlet_count":0,"master_deck":["bronze:Defend","bronze:Goto+1","bronze:BronzeArmor","bronze:Overheat+1","bronze:ForceShield+1","bronze:Branch","bronze:ForLoop","bronze:ChildClass","bronze:WhirlingStrike","bronze:Overheat+1","bronze:ChosenStrike","bronze:Boost+1","bronze:HardenedForm+1","CommonCold","bronze:ClassDefault+1","bronze:ChosenStrike+1","bronze:Optimize+1","bronze:NullPointer","bronze:Repair","bronze:SpaghettiCode+1","Normality","bronze:Philosophize","bronze:CutThrough+1","bronze:DelayedGuard+1"],"relics":["bronze:BronzeCore","ReplayTheSpireMod:Ninjato","downfall:ShatteredFragment","Smiling Mask","FaceOfCleric","Kintsugi","The Courier","Tiny Chest","Painkiller Herb","Ornamental Fan","Akabeko","Ice Cream"],"acts_visited":["Exordium","TheCity","TheBeyond"],"potions_floor_usage":[16,16,35,46,50,52,52],"damage_taken":[{"damage":1,"enemies":"Cultist","floor":2,"turns":3},{"damage":5,"enemies":"Jaw Worm","floor":3,"turns":4},{"damage":0,"enemies":"downfall:FleeingMerchant","floor":4,"turns":4},{"damage":0,"enemies":"2 Louse","floor":6,"turns":2},{"damage":16,"enemies":"Exordium Thugs","floor":8,"turns":3},{"damage":1,"enemies":"2 Fungi Beasts","floor":9,"turns":3},{"damage":0,"enemies":"Blue Slaver","floor":11,"turns":2},{"damage":0,"enemies":"downfall:FleeingMerchant","floor":14,"turns":4},{"damage":4,"enemies":"Large Slime","floor":15,"turns":4},{"damage":11,"enemies":"WA_ARCHETYPE_RETAIN","floor":16,"turns":7},{"damage":3,"enemies":"Spheric Guardian","floor":19,"turns":3},{"damage":30,"enemies":"downfall:FleeingMerchant","floor":20,"turns":4},{"damage":3,"enemies":"3 Byrds","floor":23,"turns":3},{"damage":16,"enemies":"Snake Plant","floor":24,"turns":3},{"damage":1,"enemies":"3 Cultists","floor":27,"turns":3},{"damage":0,"enemies":"Replay:Snechameleon","floor":31,"turns":4},{"damage":7,"enemies":"Centurion and Healer","floor":33,"turns":3},{"damage":2,"enemies":"Chosen and Byrds","floor":34,"turns":3},{"damage":7,"enemies":"SI_MIRROR_ARCHETYPE","floor":35,"turns":5},{"damage":0,"enemies":"3 Darklings","floor":38,"turns":3},{"damage":10,"enemies":"Orb Walker","floor":41,"turns":2},{"damage":8,"enemies":"Nemesis","floor":42,"turns":5},{"damage":16,"enemies":"4 Shapes","floor":44,"turns":4},{"damage":19,"enemies":"Reptomancer","floor":46,"turns":6},{"damage":0,"enemies":"Sphere and 2 Shapes","floor":47,"turns":3},{"damage":3,"enemies":"Maw","floor":48,"turns":7},{"damage":26,"enemies":"Spire Growth","floor":50,"turns":4},{"damage":38,"enemies":"3 Darklings","floor":51,"turns":4},{"damage":4,"enemies":"DF_ARCHETYPE_ORBS","floor":52,"turns":9}],"seed_played":"5914070326406714377","potions_obtained":[{"floor":2,"key":"ColorlessPotion"},{"floor":6,"key":"PowerPotion"},{"floor":9,"key":"PowerPotion"},{"floor":11,"key":"Dexterity Potion"},{"floor":23,"key":"Adrenaline Potion"},{"floor":24,"key":"ColorlessPotion"},{"floor":42,"key":"BlessingOfTheForge"},{"floor":48,"key":"SteroidPotion"}],"is_trial":false,"path_per_floor":["R","M","M","$","?","M","T","M","M","R","M","R","?","$","M","B",null,"R","M","$","PTL","PTL","M","M","R","T","M","R","?","?","E","R","M","M","B",null,"T","?","?","?","?","E","T","?","?","E","?","?","T","?","?","B",null],"character_chosen":"THE_AUTOMATON","items_purchased":["bronze:Branch","bronze:Boost"],"campfire_rested":1,"item_purchase_floors":[4,14],"current_hp_per_floor":[70,69,64,64,43,43,43,27,26,26,26,26,26,27,24,14,73,73,71,42,42,42,40,25,48,48,48,48,48,48,49,49,43,42,46,82,82,83,83,83,74,74,74,59,59,51,52,60,60,45,8,15],"gold":571,"neow_bonus":"UPGRADE_CARD","is_daily":false,"chose_seed":false,"campfire_upgraded":7,"win_rate":0.0,"timestamp":1612063583,"path_taken":["R","M","M","?","?","M","T","M","M","R","?","R","?","$","M","BOSS","R","M","$","PTL","PTL","M","M","R","T","M","R","?","?","E","R","M","M","BOSS","T","?","?","?","?","E","T","?","?","E","?","?","T","?","?","BOSS"],"items_purchased_type":["Card","Card"],"build_version":"2020-12-22","purchased_purges":2,"victory":true,"max_hp_per_floor":[70,70,70,70,70,70,70,70,70,70,70,70,70,71,72,73,73,73,74,75,75,75,76,77,77,77,78,78,78,78,79,79,80,81,82,82,82,83,83,83,84,85,85,86,86,87,88,89,89,90,91,92],"relic_stats":{"FaceOfCleric":22,"counters":[29,114],"Ornamental Fan":[84],"Tiny Chest":0,"Smiling Mask":75,"obtain_stats":[{"Ice Cream":46,"bronze:BronzeCore":0,"ReplayTheSpireMod:Ninjato":1,"downfall:ShatteredFragment":5,"FaceOfCleric":13,"Ornamental Fan":42,"Tiny Chest":31,"Painkiller Herb":36,"The Courier":26,"Kintsugi":17,"Smiling Mask":7,"Akabeko":43},{"Ice Cream":24,"bronze:BronzeCore":0,"ReplayTheSpireMod:Ninjato":0,"downfall:ShatteredFragment":3,"FaceOfCleric":7,"Ornamental Fan":22,"Tiny Chest":16,"Painkiller Herb":19,"The Courier":14,"Kintsugi":10,"Smiling Mask":4,"Akabeko":22},{"Ice Cream":87,"bronze:BronzeCore":0,"ReplayTheSpireMod:Ninjato":0,"downfall:ShatteredFragment":11,"FaceOfCleric":21,"Ornamental Fan":77,"Tiny Chest":56,"Painkiller Herb":67,"The Courier":49,"Kintsugi":36,"Smiling Mask":13,"Akabeko":77}]},"card_choices":[{"not_picked":["bronze:Fortify","bronze:Invalidate"],"picked":"bronze:BronzeArmor","floor":2},{"not_picked":["bronze:Frontload","bronze:OilSpill"],"picked":"bronze:Overheat","floor":3},{"not_picked":["bronze:Turbo","bronze:Safeguard"],"picked":"bronze:ForceShield","floor":4},{"not_picked":["bronze:GetLatest","bronze:Safeguard"],"picked":"bronze:ForLoop","floor":6},{"not_picked":["bronze:Turbo","bronze:BugBarrage"],"picked":"bronze:ChildClass","floor":8},{"not_picked":["bronze:BitShift","bronze:Philosophize"],"picked":"bronze:WhirlingStrike","floor":9},{"not_picked":["bronze:BronzeOrb","bronze:DelayedSlice"],"picked":"bronze:Overheat","floor":11},{"not_picked":["bronze:DelayedSlice","bronze:CloningBeam"],"picked":"bronze:ChosenStrike","floor":14},{"not_picked":["bronze:Branch","bronze:DelayedSlice","bronze:SpaghettiCode"],"picked":"SKIP","floor":15},{"not_picked":["bronze:Virus","bronze:AlphaBuild"],"picked":"bronze:HardenedForm","floor":16},{"not_picked":["bronze:ForLoop+1","bronze:CutThrough"],"picked":"bronze:ClassDefault+1","floor":19},{"not_picked":["bronze:Deprecate","bronze:BronzeArmor"],"picked":"bronze:ChosenStrike+1","floor":20},{"not_picked":["bronze:FineTuning","bronze:Backtrace","bronze:Overload"],"picked":"SKIP","floor":23},{"not_picked":["bronze:WhirlingStrike","bronze:DarkDash","bronze:Turbo+1"],"picked":"SKIP","floor":24},{"not_picked":["bronze:ForLoop","bronze:OilSpill"],"picked":"bronze:Optimize","floor":27},{"not_picked":["bronze:Shell+1","bronze:WildBeam"],"picked":"bronze:NullPointer","floor":31},{"not_picked":["bronze:BugBarrage","bronze:BuggyMess"],"picked":"bronze:Repair","floor":33},{"not_picked":["bronze:Shield","bronze:DelayedSlice","bronze:CutThrough"],"picked":"SKIP","floor":34},{"not_picked":["bronze:HyperBeam","bronze:AlphaBuild"],"picked":"bronze:SpaghettiCode","floor":35},{"not_picked":["bronze:DarkDash+1","bronze:Shell","bronze:Deprecate"],"picked":"SKIP","floor":38},{"not_picked":["bronze:MaxOutput+1","bronze:FineTuning","bronze:Turbo+1"],"picked":"SKIP","floor":41},{"not_picked":["bronze:Frontload+1","bronze:CutThrough+1","bronze:CleanCode"],"picked":"SKIP","floor":42},{"not_picked":["bronze:Frontload+1","bronze:BugBarrage+1"],"picked":"bronze:Philosophize","floor":44},{"not_picked":["bronze:BronzeArmor+1","bronze:Deprecate+1","bronze:CutThrough"],"picked":"SKIP","floor":46},{"not_picked":["bronze:DelayedSlice+1","bronze:DarkDash+1"],"picked":"bronze:CutThrough+1","floor":47},{"not_picked":["bronze:CutThrough","bronze:Overheat+1","bronze:Repulsor+1"],"picked":"SKIP","floor":48},{"not_picked":["bronze:MaxOutput","bronze:Overheat","bronze:Invalidate"],"picked":"SKIP","floor":50},{"not_picked":["bronze:ChildClass","bronze:BugBarrage+1"],"picked":"bronze:DelayedGuard+1","floor":51}],"player_experience":737505,"relics_obtained":[{"floor":1,"key":"ReplayTheSpireMod:Ninjato"},{"floor":7,"key":"Smiling Mask"},{"floor":26,"key":"The Courier"},{"floor":31,"key":"Tiny Chest"},{"floor":42,"key":"Ornamental Fan"},{"floor":43,"key":"Akabeko"},{"floor":46,"key":"Ice Cream"}],"event_choices":[{"damage_healed":0,"gold_gain":0,"player_choice":"Trade","damage_taken":0,"relics_obtained":["FaceOfCleric"],"max_hp_gain":0,"max_hp_loss":0,"event_name":"FaceTrader","floor":13,"gold_loss":0},{"cards_removed":["bronze:Replicate"],"damage_healed":0,"gold_gain":0,"player_choice":"Removed Attack","damage_taken":0,"max_hp_gain":0,"max_hp_loss":0,"event_name":"Falling","floor":45,"gold_loss":0}],"is_beta":false,"boss_relics":[{"not_picked":["bronze:PlatinumCore","Runic Pyramid"],"picked":"Kintsugi"},{"not_picked":["Philosopher\u0027s Stone","Fusion Hammer"],"picked":"Painkiller Herb"}],"items_purged_floors":[14,20],"is_endless":false,"potions_floor_spawned":[2,6,9,11,23,24,27,42,44,48],"ascension_level":0}}