{"host":"p1xsuo25udtrkbq2","time":1612119905,"event":{"mods":["BaseMod","Colored Map","Highlight Path","Minty Spire (QoL Compilation)","Quick Restart","Rare Cards Sparkle","Relic Stats","Slay the Relics Exporter","StSLib","everything is the same but u backflip on backflip"],"gold_per_floor":[109,119,67,32,42,42,72,72,72,105,105,123,135,8,8,79,79,94,110,127,146,146,146],"floor_reached":22,"language":"ENG","playtime":1851,"items_purged":["Strike_G"],"score":356,"play_id":"965e2afb-2806-4253-a9cc-ec087f29260a","local_time":"20210131140505","is_ascension_mode":true,"campfire_choices":[{"data":"Dash","floor":6,"key":"SMITH"},{"data":"Predator","floor":8,"key":"SMITH"},{"data":"Calculated Gamble","floor":11,"key":"SMITH"},{"data":"Neutralize","floor":15,"key":"SMITH"}],"circlet_count":0,"master_deck":["AscendersBane","Strike_G","Strike_G","Defend_G","Defend_G","Defend_G","Defend_G","Survivor","Neutralize+1","Dash+1","Poisoned Stab","Predator+1","Endless Agony","Calculated Gamble+1","Masterful Stab","Backflip","PiercingWail","Bullet Time","Crippling Poison+1","All Out Attack+1","Outmaneuver+1","Setup","Acrobatics","Backflip"],"relics":["Ring of the Snake","NeowsBlessing","Darkstone Periapt","Nunchaku","Tingsha","Astrolabe"],"acts_visited":["Exordium","TheCity"],"potions_floor_usage":[10,21,22],"damage_taken":[{"damage":0,"enemies":"Jaw Worm","floor":1,"turns":1},{"damage":0,"enemies":"Cultist","floor":2,"turns":1},{"damage":0,"enemies":"2 Louse","floor":5,"turns":1},{"damage":7,"enemies":"3 Sentries","floor":7,"turns":7},{"damage":16,"enemies":"Gremlin Nob","floor":10,"turns":3},{"damage":0,"enemies":"2 Fungi Beasts","floor":12,"turns":2},{"damage":4,"enemies":"Gremlin Gang","floor":13,"turns":3},{"damage":7,"enemies":"The Guardian","floor":16,"turns":13},{"damage":15,"enemies":"Shell Parasite","floor":18,"turns":4},{"damage":19,"enemies":"2 Thieves","floor":19,"turns":4},{"damage":18,"enemies":"Centurion and Healer","floor":20,"turns":7},{"damage":3,"enemies":"Cultist and Chosen","floor":21,"turns":5},{"damage":11,"enemies":"Shelled Parasite and Fungi","floor":22,"turns":6}],"seed_played":"-2474548148540927535","potions_obtained":[{"floor":1,"key":"Strength Potion"},{"floor":7,"key":"Fire Potion"},{"floor":13,"key":"SpeedPotion"},{"floor":16,"key":"PowerPotion"},{"floor":21,"key":"Fruit Juice"}],"is_trial":false,"path_per_floor":["M","M","?","?","M","R","E","R","T","E","R","M","M","$","R","B",null,"M","M","M","M","M"],"character_chosen":"THE_SILENT","items_purchased":["PiercingWail"],"campfire_rested":0,"item_purchase_floors":[14],"current_hp_per_floor":[59,59,59,66,66,66,59,59,59,43,43,43,39,39,39,32,58,43,24,6,8,0,0],"gold":146,"neow_bonus":"THREE_ENEMY_KILL","is_daily":false,"chose_seed":false,"campfire_upgraded":4,"win_rate":0.0,"timestamp":1612119905,"path_taken":["M","M","?","?","M","R","E","R","T","E","R","M","?","$","R","BOSS","M","M","?","M","M"],"items_purchased_type":["Card"],"build_version":"2020-12-22","purchased_purges":1,"victory":false,"max_hp_per_floor":[66,66,66,66,66,66,66,66,66,66,66,66,66,66,66,66,66,66,66,66,71,71,71],"relic_stats":{"Darkstone Periapt":0,"Nunchaku":[10],"counters":[13,57],"Astrolabe":["Crippling Poison","All Out Attack","Outmaneuver"],"Tingsha":[124],"obtain_stats":[{"Darkstone Periapt":7,"Nunchaku":9,"NeowsBlessing":0,"Astrolabe":17,"Tingsha":10,"Ring of the Snake":0},{"Darkstone Periapt":4,"Nunchaku":4,"NeowsBlessing":0,"Astrolabe":8,"Tingsha":5,"Ring of the Snake":0},{"Darkstone Periapt":10,"Nunchaku":10,"NeowsBlessing":0,"Astrolabe":31,"Tingsha":13,"Ring of the Snake":0}],"Ring of the Snake":[28]},"card_choices":[{"not_picked":["Prepared","Sucker Punch"],"picked":"Dash","floor":1},{"not_picked":["Heel Hook","Prepared"],"picked":"Poisoned Stab","floor":2},{"not_picked":["Underhanded Strike","Concentrate"],"picked":"Predator","floor":5},{"not_picked":["Setup","Finisher"],"picked":"Endless Agony","floor":7},{"not_picked":["Dodge and Roll","Leg Sweep"],"picked":"Calculated Gamble","floor":10},{"not_picked":["Choke","Prepared"],"picked":"Masterful Stab","floor":12},{"not_picked":["Crippling Poison","Underhanded Strike"],"picked":"Backflip","floor":13},{"not_picked":["Unload","Grand Finale"],"picked":"Bullet Time","floor":16},{"not_picked":["Dagger Spray+1","Quick Slash"],"picked":"Setup","floor":18},{"not_picked":["Dodge and Roll","Deflect","PiercingWail"],"picked":"SKIP","floor":19},{"not_picked":["Deflect","Quick Slash"],"picked":"Acrobatics","floor":20},{"not_picked":["Slice","Poisoned Stab"],"picked":"Backflip","floor":21}],"player_experience":968562,"relics_obtained":[{"floor":7,"key":"Darkstone Periapt"},{"floor":9,"key":"Nunchaku"},{"floor":10,"key":"Tingsha"}],"event_choices":[{"damage_healed":0,"gold_gain":0,"player_choice":"Left Gold","damage_taken":0,"max_hp_gain":0,"max_hp_loss":0,"event_name":"World of Goop","floor":3,"gold_loss":52},{"damage_healed":16,"gold_gain":0,"player_choice":"Healed","damage_taken":0,"max_hp_gain":0,"max_hp_loss":0,"event_name":"The Cleric","floor":4,"gold_loss":35}],"is_beta":false,"boss_relics":[{"not_picked":["SacredBark","Empty Cage"],"picked":"Astrolabe"}],"items_purged_floors":[14],"is_endless":false,"potions_floor_spawned":[1,7,13,16,21],"killed_by":"Shelled Parasite and Fungi","ascension_level":16}}