{"host":"qbjtml023iza03hb","time":1612092938,"event":{"mods":["AchievementEnabler","BaseMod","Better Sensory Stone","Hermit","Minty Spire (QoL Compilation)","StSLib","The Animator","The Cursed"],"gold_per_floor":[126,126,51,90,1,32,48,48,48,48,76,95,134,148,148,250,250,263,263,277,45,49,49],"floor_reached":22,"language":"FRA","playtime":1428,"items_purged":["animator:Defend","animator:Strike"],"score":252,"play_id":"fe8e9b01-5c6a-4e0d-85fa-e581a53c4c2f","local_time":"20210131123538","is_ascension_mode":true,"campfire_choices":[{"data":"animator:AcuraShin","floor":8.0,"key":"SMITH"},{"data":"animator:Zero","floor":10.0,"key":"SMITH"},{"data":"animator:Souei","floor":15.0,"key":"SMITH"}],"circlet_count":0,"master_deck":["animator:Strike_Elsword","animator:Chung","animator:Raven","animator:Witch","animator:Zero+1","animator:Shigure","animator:AcuraShin+1","animator:RinTohsaka","animator:Souei+1","animator:Laby","animator:Mikaela","animator:PinaCoLada","animator:Witch+1","animator:IrohaTamaki+1","animator:Entoma+1","animator:Souei","animator:Cirno","animator:Kuroyukihime","animator:Zero","animator:Chris","animator:MisaKurobane"],"relics":["animator:LivingPicture","animator:TheMissingPiece","animator:PurgingStone","NeowsBlessing","Boot","Pantograph","animator:OldCoffin","Astrolabe"],"acts_visited":["Exordium","TheCity"],"potions_floor_usage":[20,22],"damage_taken":[{"damage":0.0,"enemies":"Cultist","floor":1.0,"turns":1.0},{"damage":0.0,"enemies":"Gremlin Nob","floor":6.0,"turns":1.0},{"damage":0.0,"enemies":"2 Louse","floor":7.0,"turns":1.0},{"damage":8.0,"enemies":"Jaw Worm","floor":11.0,"turns":3.0},{"damage":6.0,"enemies":"Lots of Slimes","floor":12.0,"turns":4.0},{"damage":4.0,"enemies":"Lagavulin","floor":13.0,"turns":4.0},{"damage":5.0,"enemies":"Exordium Thugs","floor":14.0,"turns":5.0},{"damage":13.0,"enemies":"Hexaghost","floor":16.0,"turns":7.0},{"damage":0.0,"enemies":"Spheric Guardian","floor":18.0,"turns":2.0},{"damage":25,"enemies":"2 Thieves","floor":20,"turns":4},{"damage":22,"enemies":"Chosen and Byrds","floor":22,"turns":4}],"seed_played":"-8849767523242177002","potions_obtained":[{"floor":1.0,"key":"Energy Potion"},{"floor":12.0,"key":"SneckoOil"},{"floor":14.0,"key":"Strength Potion"},{"floor":16.0,"key":"BlessingOfTheForge"},{"floor":18,"key":"Dexterity Potion"}],"is_trial":false,"path_per_floor":["M","?","$","?","$","E","M","R","T","R","M","M","E","M","R","B",null,"M","?","M","$","M"],"character_chosen":"THE_ANIMATOR","items_purchased":["animator:Zero","animator:MisaKurobane","Block Potion"],"campfire_rested":0,"item_purchase_floors":[5,21,21],"current_hp_per_floor":[66,66,66,66,66,66,66,66,66,66,58,52,48,43,43,53,66,66,39,14,14,0,0],"gold":49,"neow_bonus":"THREE_ENEMY_KILL","is_daily":false,"chose_seed":false,"campfire_upgraded":3,"win_rate":0.0,"timestamp":1612092938,"path_taken":["M","?","$","?","?","E","M","R","T","R","?","M","E","M","R","BOSS","M","?","?","?","M"],"items_purchased_type":["Card","Card","Potion"],"build_version":"2020-12-22","purchased_purges":2,"victory":false,"max_hp_per_floor":[66,66,66,66,66,66,66,66,66,66,66,66,66,66,66,66,66,66,66,66,66,66,66],"card_choices":[{"not_picked":["animator:HighElfArcher","animator:Mitsuba"],"picked":"animator:Witch","floor":1.0},{"not_picked":["animator:Boros","animator:Raven"],"picked":"animator:Shigure","floor":6.0},{"not_picked":["animator:KyokoSakura","animator:IrohaTamaki"],"picked":"animator:AcuraShin","floor":7.0},{"not_picked":["animator:Berserker","animator:Alexander"],"picked":"animator:RinTohsaka","floor":11.0},{"not_picked":["animator:ChaikaBohdan","animator:Sonic"],"picked":"animator:Souei","floor":12.0},{"not_picked":["animator:Gluttony","animator:NarberalGamma"],"picked":"animator:Laby","floor":13.0},{"not_picked":["animator:DolaStephanie","animator:Arpeggio"],"picked":"animator:Mikaela","floor":14.0},{"not_picked":["animator:GoblinSlayer","animator:Ainz"],"picked":"animator:PinaCoLada","floor":16.0},{"not_picked":["animator:Hakurou","animator:Vesta"],"picked":"animator:Souei","floor":18},{"not_picked":["animator:MaesHughes","animator:Hakurou","animator:Chris"],"picked":"SKIP","floor":20},{"not_picked":["animator:MaesHughes","animator:Hakurou"],"picked":"animator:Chris","floor":20}],"player_experience":529816,"relics_obtained":[{"floor":6.0,"key":"Boot"},{"floor":9.0,"key":"Pantograph"},{"floor":13.0,"key":"animator:OldCoffin"}],"event_choices":[{"cards_removed":["animator:Defend"],"damage_healed":0.0,"max_hp_gain":0.0,"max_hp_loss":0.0,"gold_gain":0.0,"event_name":"Living Wall","player_choice":"Forget","floor":2.0,"gold_loss":0.0,"damage_taken":0.0},{"damage_healed":0,"gold_gain":0,"player_choice":"CARD CARD CARD ","damage_taken":27,"max_hp_gain":0,"max_hp_loss":0,"event_name":"Knowing Skull","floor":19,"potions_obtained":[],"gold_loss":0,"cards_obtained":["animator:Cirno","animator:Kuroyukihime","animator:Zero"]}],"is_beta":false,"boss_relics":[{"not_picked":["Mark of Pain","Fusion Hammer"],"picked":"Astrolabe"}],"items_purged_floors":[3,21],"is_endless":false,"potions_floor_spawned":[1,12,14,16,18],"killed_by":"Chosen and Byrds","ascension_level":3}}