{"host":"ssahdsoo349p0ms1","time":1612136975,"event":{"mods":["AchievementEnabler","BaseMod","Colored Powertips","Filter the Spire","Minty Spire (QoL Compilation)","StSLib"],"gold_per_floor":[118,135,25,36,211,211,237,237,237,187,203,237,100,117,117,215,215,232,244,53,53,65,65,88,124,124,141,141,141],"floor_reached":28,"language":"ENG","playtime":1237,"items_purged":["Strike_B","Strike_B"],"score":372,"play_id":"48985e06-9b2a-4623-8bfa-521c76b67c8a","local_time":"20210131174935","is_ascension_mode":true,"campfire_choices":[{"data":"Defragment","floor":6.0,"key":"SMITH"},{"data":"Go for the Eyes","floor":8.0,"key":"SMITH"},{"floor":15.0,"key":"REST"},{"floor":23,"key":"REST"}],"circlet_count":0,"master_deck":["AscendersBane","Defend_B","Defend_B","Defend_B","Defend_B","Zap","Dualcast","Coolheaded","Defragment+1","Capacitor","Recycle","Go for the Eyes+1","Streamline","Static Discharge","Defragment","Coolheaded","Buffer","Cold Snap","Ball Lightning","Sunder","Electrodynamics","Rip and Tear","Machine Learning","Hologram","Barrage"],"relics":["Inserter","Cables","Oddly Smooth Stone","Snecko Eye","CeramicFish","Blood Vial","HornCleat"],"acts_visited":["Exordium","TheCity"],"potions_floor_usage":[],"damage_taken":[{"damage":11.0,"enemies":"2 Louse","floor":1.0,"turns":3.0},{"damage":1.0,"enemies":"Small Slimes","floor":2.0,"turns":6.0},{"damage":7.0,"enemies":"Jaw Worm","floor":4.0,"turns":6.0},{"damage":17.0,"enemies":"Lagavulin","floor":7.0,"turns":10.0},{"damage":7.0,"enemies":"Exordium Wildlife","floor":11.0,"turns":5.0},{"damage":21.0,"enemies":"3 Sentries","floor":12.0,"turns":11.0},{"damage":0.0,"enemies":"Looter","floor":14.0,"turns":5.0},{"damage":23.0,"enemies":"The Guardian","floor":16.0,"turns":14.0},{"damage":0.0,"enemies":"Chosen","floor":18.0,"turns":9.0},{"damage":42,"enemies":"3 Byrds","floor":19,"turns":4},{"damage":0,"enemies":"Snecko","floor":22,"turns":4},{"damage":12,"enemies":"Slavers","floor":25,"turns":5},{"damage":14,"enemies":"Cultist and Chosen","floor":27,"turns":4},{"damage":14,"enemies":"Gremlin Leader","floor":28,"turns":2}],"seed_played":"-8917574097153164569","potions_obtained":[{"floor":7.0,"key":"ColorlessPotion"},{"floor":14.0,"key":"SpeedPotion"},{"floor":16.0,"key":"Dexterity Potion"},{"floor":18.0,"key":"Dexterity Potion"}],"is_trial":false,"path_per_floor":["M","M","$","M","?","R","E","R","T","?","M","E","$","M","R","B",null,"M","M","$","?","M","R","T","E","T","M","E"],"character_chosen":"DEFECT","items_purchased":["Capacitor","Defragment","Sunder","Electrodynamics"],"campfire_rested":2,"item_purchase_floors":[3,13,20,20],"current_hp_per_floor":[57,56,56,49,49,49,32,32,32,32,25,4,4,4,26,3,57,57,15,15,15,15,37,37,25,25,13,1,1],"gold":141,"neow_bonus":"BOSS_RELIC","is_daily":false,"chose_seed":false,"campfire_upgraded":2,"win_rate":0.0,"timestamp":1612136975,"path_taken":["M","M","$","M","?","R","E","R","T","?","M","E","$","M","R","BOSS","M","M","$","?","M","R","?","E","T","M","E"],"items_purchased_type":["Card","Card","Card","Card"],"build_version":"2020-12-22","purchased_purges":2,"victory":false,"max_hp_per_floor":[75,75,75,75,75,75,75,75,75,75,75,75,75,75,75,75,75,75,75,75,75,75,75,75,75,75,75,75,75],"card_choices":[{"not_picked":["Hologram","Heatsinks"],"picked":"Coolheaded","floor":1.0},{"not_picked":["Fusion","Darkness"],"picked":"Defragment","floor":2.0},{"not_picked":["Rebound","Leap"],"picked":"Recycle","floor":4.0},{"not_picked":["Reinforced Body","Double Energy"],"picked":"Go for the Eyes","floor":7.0},{"not_picked":["Stack","Gash"],"picked":"Streamline","floor":11.0},{"not_picked":["Steam","Heatsinks"],"picked":"Static Discharge","floor":12.0},{"not_picked":["Steam","Beam Cell"],"picked":"Coolheaded","floor":14.0},{"not_picked":["Amplify","Reboot"],"picked":"Buffer","floor":16.0},{"not_picked":["FTL","Recycle"],"picked":"Cold Snap","floor":18.0},{"not_picked":["Turbo","Redo"],"picked":"Ball Lightning","floor":19},{"not_picked":["Streamline","Machine Learning"],"picked":"Hologram","floor":22},{"not_picked":["Auto Shields","Storm"],"picked":"Barrage","floor":25},{"not_picked":["Compile Driver","Stack","Sweeping Beam"],"picked":"SKIP","floor":27}],"player_experience":607892,"relics_obtained":[{"floor":7.0,"key":"Cables"},{"floor":12.0,"key":"Oddly Smooth Stone"},{"floor":24,"key":"CeramicFish"},{"floor":25,"key":"Blood Vial"},{"floor":26,"key":"HornCleat"}],"event_choices":[{"damage_healed":0.0,"max_hp_gain":0.0,"max_hp_loss":0.0,"gold_gain":175.0,"event_name":"Liars Game","player_choice":"AGREE","floor":5.0,"gold_loss":0.0,"damage_taken":0.0,"cards_obtained":["Doubt"]},{"cards_removed":["Doubt"],"damage_healed":0.0,"max_hp_gain":0.0,"max_hp_loss":0.0,"gold_gain":0.0,"event_name":"The Cleric","player_choice":"Card Removal","floor":10.0,"gold_loss":50.0,"damage_taken":0.0},{"damage_healed":0,"gold_gain":0,"cards_transformed":["Strike_B","Strike_B"],"player_choice":"Became Test Subject","damage_taken":0,"max_hp_gain":0,"max_hp_loss":0,"event_name":"Drug Dealer","floor":21,"gold_loss":0,"cards_obtained":["Rip and Tear","Machine Learning"]}],"is_beta":false,"boss_relics":[{"not_picked":["SlaversCollar","Empty Cage"],"picked":"Snecko Eye"}],"items_purged_floors":[3,13],"is_endless":false,"potions_floor_spawned":[7,14,16,18,27],"killed_by":"Gremlin Leader","ascension_level":10}}