{"host":"d54lcqy5t45er8jx","time":1612107416,"event":{"mods":["2.2 Compatiblity","BaseMod","CapriCore","Defuse TimeMaze Blight","Hermit","Hubris","Infinite Spire","Marisa£¨Ùöéë¡¡Øª×âÞÞ£©","Minty Spire (QoL Compilation)","Rare Cards Sparkle","Relic Stats","StSLib","The Animator","The Cursed","The Immortal","The Servant 0.9.4","WarShipGirlsR/??á´Ò³R mod"],"gold_per_floor":[116,127,146,164,164,164,198,198,224,234,264,53,83,93,93,192,192,210,237,248,261,271,271,296,296,296,321,321,353,353,370,370,466,466,466,253,288,288,288],"floor_reached":38,"language":"ENG","playtime":1526,"items_purged":["Prostrate","Fasting2","Prostrate"],"score":702,"play_id":"8c0423bf-0ee9-481e-95c0-dddf7e63f783","local_time":"20210201003656","daily_mods":["SealedDeck","Insanity","Heirloom","DeadlyEvents","Elite Swarm","Lethality","Uncertain Future"],"is_ascension_mode":false,"campfire_choices":[{"data":"Tantrum","floor":6,"key":"SMITH"},{"data":"Crescendo","floor":8,"key":"SMITH"},{"data":"FlurryOfBlows","floor":15,"key":"SMITH"},{"data":"FlurryOfBlows","floor":23,"key":"SMITH"},{"data":"MentalFortress","floor":30,"key":"SMITH"},{"data":"ClearTheMind","floor":32,"key":"SMITH"},{"data":"Vault","floor":35,"key":"SMITH"}],"circlet_count":0,"master_deck":["Consecrate","Protect","SashWhip","DeceiveReality","JustLucky","BowlingBash","WheelKick","Sanctity","Crescendo","EmptyFist","Protect","Vengeance","Protect","WindmillStrike","Halt","PathToVictory","Halt","CarveReality","JustLucky","Crescendo+1","ThirdEye","JustLucky","SashWhip","ClearTheMind","SashWhip","Wireheading","FlurryOfBlows+1","SandsOfTime+1","Worship","Crescendo","BowlingBash","Weave","Meditate+1","Pray","CutThroughFate","Protect","ReachHeaven","FollowUp","ClearTheMind","FlyingSleeves","Protect","WreathOfFlame","EmptyFist","Tantrum","Wallop","FlyingSleeves","SashWhip","DeceiveReality","EmptyMind","CutThroughFate","Nirvana","FlurryOfBlows+1","ClearTheMind+1","ClearTheMind+1","Crescendo","Tantrum+1","ClearTheMind","MentalFortress+1","Scrawl","DeusExMachina","Omniscience","ClearTheMind","LessonLearned","FearNoEvil+1","InnerPeace+1","ClearTheMind","Scrawl","FlurryOfBlows","Vault+1","Adaptation+1","Secret Weapon"],"relics":["PureWater","hubris:64BitClover","War Paint","Blood Vial","Happy Flower","Membership Card","Dream Catcher","Frozen Egg 2","Black Star","Red Mask","hubris:ToyBattleship","StrikeDummy","Art of War","TungstenRod","CloakClasp","HornCleat","Boot","infinitespire:Beetle Shell","hubris:VirtuousBlindfold","HandDrill","CeramicFish","Orichalcum"],"acts_visited":["Exordium","TheCity","TheEnding"],"potions_floor_usage":[11,11,18,19,19,24,27,27,33,37],"damage_taken":[{"damage":0,"enemies":"Cultist","floor":1,"turns":2},{"damage":0,"enemies":"2 Louse","floor":2,"turns":2},{"damage":2,"enemies":"Jaw Worm","floor":3,"turns":4},{"damage":7,"enemies":"Looter","floor":4,"turns":2},{"damage":3,"enemies":"Lagavulin","floor":7,"turns":5},{"damage":1,"enemies":"2 Fungi Beasts","floor":10,"turns":2},{"damage":7,"enemies":"Gremlin Nob","floor":11,"turns":3},{"damage":15,"enemies":"3 Sentries","floor":13,"turns":3},{"damage":3,"enemies":"Blue Slaver","floor":14,"turns":2},{"damage":0,"enemies":"Slime Boss","floor":16,"turns":3},{"damage":9,"enemies":"Shell Parasite","floor":18,"turns":2},{"damage":3,"enemies":"Masked Bandits","floor":19,"turns":3},{"damage":4,"enemies":"2 Thieves","floor":20,"turns":2},{"damage":9,"enemies":"Snake Plant","floor":21,"turns":2},{"damage":0,"enemies":"Centurion and Healer","floor":22,"turns":3},{"damage":8,"enemies":"Gremlin Leader","floor":24,"turns":3},{"damage":19,"enemies":"Slavers","floor":27,"turns":3},{"damage":13,"enemies":"Nightmare","floor":29,"turns":5},{"damage":0,"enemies":"Snecko","floor":31,"turns":3},{"damage":15,"enemies":"Collector","floor":33,"turns":4},{"damage":0,"enemies":"Shield and Spear","floor":37,"turns":3},{"damage":95,"enemies":"The Heart","floor":38,"turns":3}],"seed_played":"-7534213511702983942","potions_obtained":[{"floor":2,"key":"StancePotion"},{"floor":3,"key":"BlessingOfTheForge"},{"floor":4,"key":"Block Potion"},{"floor":7,"key":"Ambrosia"},{"floor":14,"key":"Ambrosia"},{"floor":16,"key":"Swift Potion"},{"floor":18,"key":"Swift Potion"},{"floor":19,"key":"AttackPotion"},{"floor":22,"key":"FearPotion"},{"floor":31,"key":"BlessingOfTheForge"},{"floor":33,"key":"BlessingOfTheForge"}],"is_trial":true,"path_per_floor":["M","M","M","M","?","R","E","R","T","M","E","$","E","M","R","B",null,"M","?","M","M","M","R","E","?","T","E","AVR","NM","R","M","R","B",null,"R","$","E","B"],"character_chosen":"WATCHER","items_purchased":["Membership Card","ClearTheMind","Secret Weapon","HandDrill"],"campfire_rested":0,"item_purchase_floors":[12,12,36,36],"current_hp_per_floor":[72,72,70,63,56,56,53,53,53,54,49,49,36,35,35,37,72,63,62,60,53,55,55,49,49,49,32,32,21,21,23,23,10,72,72,72,72,0,0],"gold":288,"neow_bonus":"","is_daily":false,"chose_seed":false,"campfire_upgraded":7,"win_rate":0.0,"timestamp":1612107416,"path_taken":["M","M","M","?","?","R","E","R","T","M","E","$","E","?","R","BOSS","M","?","M","M","M","R","E","?","T","E","AVR","NM","R","?","R","BOSS","R","$","E","BOSS"],"items_purchased_type":["Relic","Card","Card","Relic"],"build_version":"2020-12-22","purchased_purges":3,"victory":false,"max_hp_per_floor":[72,72,72,72,72,72,72,72,72,72,72,72,72,72,72,72,72,72,72,72,72,72,72,72,72,72,72,72,72,72,72,72,72,72,72,72,72,72,72],"relic_stats":{"Happy Flower":[14],"counters":[22,64],"CeramicFish":0,"CloakClasp":[36],"War Paint":["Meditate","ClearTheMind"],"Orichalcum":[0],"Boot":[4],"Blood Vial":28,"Dream Catcher":0,"Black Star":4,"Art of War":[1],"HandDrill":[2],"obtain_stats":[{"Happy Flower":11,"hubris:64BitClover":0,"CeramicFish":37,"hubris:VirtuousBlindfold":34,"infinitespire:Beetle Shell":29,"CloakClasp":27,"War Paint":7,"Frozen Egg 2":16,"Orichalcum":37,"Boot":29,"Blood Vial":9,"Dream Catcher":13,"HornCleat":28,"Black Star":17,"Red Mask":19,"hubris:ToyBattleship":24,"Art of War":26,"HandDrill":36,"Membership Card":12,"PureWater":0,"StrikeDummy":24,"TungstenRod":27},{"Happy Flower":7,"hubris:64BitClover":0,"CeramicFish":21,"hubris:VirtuousBlindfold":20,"infinitespire:Beetle Shell":18,"CloakClasp":17,"War Paint":5,"Frozen Egg 2":10,"Orichalcum":21,"Boot":18,"Blood Vial":5,"Dream Catcher":8,"HornCleat":17,"Black Star":10,"Red Mask":12,"hubris:ToyBattleship":16,"Art of War":16,"HandDrill":20,"Membership Card":7,"PureWater":0,"StrikeDummy":16,"TungstenRod":17},{"Happy Flower":20,"hubris:64BitClover":0,"CeramicFish":61,"hubris:VirtuousBlindfold":58,"infinitespire:Beetle Shell":51,"CloakClasp":46,"War Paint":15,"Frozen Egg 2":28,"Orichalcum":61,"Boot":51,"Blood Vial":15,"Dream Catcher":23,"HornCleat":46,"Black Star":28,"Red Mask":33,"hubris:ToyBattleship":43,"Art of War":43,"HandDrill":58,"Membership Card":20,"PureWater":0,"StrikeDummy":43,"TungstenRod":46}],"TungstenRod":17},"card_choices":[{"not_picked":["ThirdEye","Indignation"],"picked":"ClearTheMind","floor":1},{"not_picked":["Worship","SashWhip","WreathOfFlame"],"picked":"SKIP","floor":2},{"not_picked":["Protect","EmptyBody"],"picked":"MentalFortress","floor":3},{"not_picked":["WindmillStrike","FlyingSleeves"],"picked":"Scrawl","floor":4},{"not_picked":["Judgement","Wish"],"picked":"DeusExMachina","floor":7},{"not_picked":["CutThroughFate","ThirdEye","Consecrate"],"picked":"SKIP","floor":10},{"not_picked":["ConjureBlade","Ragnarok"],"picked":"Omniscience","floor":11},{"not_picked":["SpiritShield","ConjureBlade","Wish"],"picked":"SKIP","floor":13},{"not_picked":["SandsOfTime","Swivel","Evaluate"],"picked":"SKIP","floor":14},{"not_picked":["SpiritShield","ConjureBlade"],"picked":"LessonLearned","floor":16},{"not_picked":["Protect","Perseverance+1","Wallop"],"picked":"SKIP","floor":18},{"not_picked":["Crescendo+1","CrushJoints+1"],"picked":"FearNoEvil+1","floor":19},{"not_picked":["Crescendo","Consecrate"],"picked":"InnerPeace+1","floor":20},{"not_picked":["SashWhip","JustLucky","BowlingBash"],"picked":"SKIP","floor":21},{"not_picked":["Fasting2+1","CrushJoints"],"picked":"ClearTheMind","floor":22},{"not_picked":["Establishment+1","DeusExMachina"],"picked":"Scrawl","floor":24},{"not_picked":["DevaForm+1","SpiritShield","DeusExMachina"],"picked":"SKIP","floor":27},{"not_picked":["Blasphemy","SpiritShield"],"picked":"Vault","floor":29},{"not_picked":["BowlingBash","PathToVictory"],"picked":"Adaptation+1","floor":31},{"not_picked":["Brilliance","DevaForm+1","Devotion+1"],"picked":"SKIP","floor":37}],"player_experience":985827,"relics_obtained":[{"floor":7,"key":"War Paint"},{"floor":9,"key":"Blood Vial"},{"floor":11,"key":"Happy Flower"},{"floor":13,"key":"Dream Catcher"},{"floor":16,"key":"Frozen Egg 2"},{"floor":19,"key":"Red Mask"},{"floor":24,"key":"hubris:ToyBattleship"},{"floor":24,"key":"StrikeDummy"},{"floor":26,"key":"Art of War"},{"floor":27,"key":"TungstenRod"},{"floor":27,"key":"CloakClasp"},{"floor":29,"key":"Boot"},{"floor":29,"key":"infinitespire:Beetle Shell"},{"floor":37,"key":"CeramicFish"},{"floor":37,"key":"Orichalcum"}],"event_choices":[{"cards_removed":["Prostrate"],"damage_healed":0,"gold_gain":0,"player_choice":"Card Removal","damage_taken":7,"max_hp_gain":0,"max_hp_loss":0,"event_name":"Golden Wing","floor":5,"gold_loss":0},{"damage_healed":0,"gold_gain":0,"player_choice":"Fought Bandits","damage_taken":0,"max_hp_gain":0,"max_hp_loss":0,"event_name":"Masked Bandits","floor":19,"gold_loss":0},{"damage_healed":0,"gold_gain":0,"player_choice":"Read","damage_taken":0,"max_hp_gain":0,"max_hp_loss":0,"event_name":"The Library","floor":25,"gold_loss":0,"cards_obtained":["FlurryOfBlows"]}],"is_beta":false,"boss_relics":[{"not_picked":["Coffee Dripper","Cursed Key"],"picked":"Black Star"},{"not_picked":["SlaversCollar","HolyWater"],"picked":"hubris:VirtuousBlindfold"}],"items_purged_floors":[12,28,36],"is_endless":true,"potions_floor_spawned":[2,3,4,7,14,16,18,19,22,31,33],"killed_by":"The Heart","ascension_level":0}}