{"host":"t7mx8yfj1no5p62f","time":1612124827,"event":{"mods":["BaseMod","Colored Map","Colored Powertips","Minty Spire (QoL Compilation)","Relic Stats","StSLib"],"gold_per_floor":[115,128,128,147,147,187,187,206,252,252,270,301,315,315,315,414,414,433,708,728,300,319,319,358,358,358,383,408,408,448,11,11,104,131,145,163,163,182,191,191,191],"floor_reached":40,"language":"ENG","playtime":3264,"items_purged":["Regret","Strike_R"],"score":926,"play_id":"b95dd1e6-e9f6-4533-9b9f-d6a19a55c2cc","local_time":"20210131152707","is_ascension_mode":true,"campfire_choices":[{"data":"Carnage","floor":7,"key":"SMITH"},{"data":"Whirlwind","floor":10,"key":"SMITH"},{"data":"Bash","floor":15,"key":"SMITH"},{"data":"Demon Form","floor":23,"key":"SMITH"},{"floor":25,"key":"REST"},{"floor":29,"key":"REST"},{"data":"Pummel","floor":32,"key":"SMITH"}],"circlet_count":0,"master_deck":["AscendersBane","Strike_R","Defend_R","Defend_R","Defend_R","Defend_R","Bash+1","Whirlwind+1","Carnage+1","Ghostly Armor","Demon Form+1","Shrug It Off","Pummel","Burning Pact+1","Pummel+1","Uppercut+1","Sentinel+1","Dual Wield+1","Burning Pact+1"],"relics":["Busted Crown","Golden Idol","InkBottle","Lantern","Orichalcum","Black Star","Centennial Puzzle","Frozen Eye","CeramicFish","Blood Vial","Pantograph","FossilizedHelix","Toy Ornithopter","Red Skull","Astrolabe"],"acts_visited":["Exordium","TheCity","TheBeyond"],"potions_floor_usage":[6,12,24,24,30,33,36,40,40],"damage_taken":[{"damage":0,"enemies":"2 Louse","floor":1,"turns":3},{"damage":10,"enemies":"Small Slimes","floor":2,"turns":3},{"damage":0,"enemies":"Jaw Worm","floor":4,"turns":3},{"damage":10,"enemies":"3 Sentries","floor":6,"turns":4},{"damage":4,"enemies":"Red Slaver","floor":8,"turns":3},{"damage":0,"enemies":"Blue Slaver","floor":11,"turns":3},{"damage":0,"enemies":"Lagavulin","floor":12,"turns":2},{"damage":0,"enemies":"Exordium Thugs","floor":13,"turns":4},{"damage":12,"enemies":"Slime Boss","floor":16,"turns":10},{"damage":0,"enemies":"Chosen","floor":18,"turns":3},{"damage":19,"enemies":"Spheric Guardian","floor":20,"turns":4},{"damage":6,"enemies":"Cultist and Chosen","floor":22,"turns":4},{"damage":31,"enemies":"Gremlin Leader","floor":24,"turns":8},{"damage":32,"enemies":"Snake Plant","floor":27,"turns":4},{"damage":4,"enemies":"Snecko","floor":28,"turns":4},{"damage":22,"enemies":"Book of Stabbing","floor":30,"turns":4},{"damage":25,"enemies":"Collector","floor":33,"turns":7},{"damage":5,"enemies":"Orb Walker","floor":35,"turns":4},{"damage":9,"enemies":"3 Darklings","floor":36,"turns":3},{"damage":34,"enemies":"Jaw Worm Horde","floor":38,"turns":2},{"damage":29,"enemies":"Nemesis","floor":40,"turns":8}],"seed_played":"3317219939038189329","potions_obtained":[{"floor":1,"key":"Energy Potion"},{"floor":2,"key":"LiquidMemories"},{"floor":8,"key":"Regen Potion"},{"floor":13,"key":"Block Potion"},{"floor":28,"key":"SkillPotion"},{"floor":33,"key":"PowerPotion"},{"floor":38,"key":"LiquidMemories"}],"is_trial":false,"path_per_floor":["M","M","?","M","$","E","R","M","T","R","M","E","M","?","R","B",null,"M","?","M","$","M","R","E","R","T","M","M","R","E","$","R","B",null,"M","M","?","M","?","E"],"character_chosen":"IRONCLAD","items_purchased":["Centennial Puzzle","Frozen Eye","Shrug It Off","Red Skull","CultistPotion","Swift Potion"],"campfire_rested":2,"item_purchase_floors":[21,21,21,31,31,31],"current_hp_per_floor":[68,58,58,58,58,48,48,44,44,44,44,44,44,44,44,32,59,59,59,40,40,34,34,18,38,38,8,6,26,6,6,6,13,54,51,49,49,17,17,0,0],"gold":191,"neow_bonus":"BOSS_RELIC","is_daily":false,"chose_seed":false,"campfire_upgraded":5,"win_rate":0.0,"timestamp":1612124827,"path_taken":["M","M","?","M","$","E","R","M","T","R","M","E","M","?","R","BOSS","M","?","M","$","M","R","E","R","T","M","M","R","E","$","R","BOSS","M","M","?","M","?","E"],"items_purchased_type":["Relic","Relic","Card","Relic","Potion","Potion"],"build_version":"2020-12-22","purchased_purges":2,"victory":false,"max_hp_per_floor":[75,75,68,68,68,68,68,68,68,68,68,68,68,68,68,68,68,68,68,68,68,68,68,68,68,68,68,68,68,68,68,68,68,68,68,68,68,68,68,68,68],"relic_stats":{"counters":[21,90],"Golden Idol":111,"CeramicFish":63,"Astrolabe":["Uppercut","Sentinel","Dual Wield"],"Orichalcum":[198],"Blood Vial":16,"Centennial Puzzle":[30],"Busted Crown":40,"Pantograph":25,"Black Star":2,"obtain_stats":[{"Lantern":9,"Golden Idol":3,"CeramicFish":24,"Astrolabe":34,"Orichalcum":12,"Burning Blood":0,"Blood Vial":24,"Frozen Eye":21,"Centennial Puzzle":21,"Busted Crown":0,"Pantograph":26,"Black Star":17,"InkBottle":6,"FossilizedHelix":30,"Toy Ornithopter":30,"Red Skull":31},{"Lantern":5,"Golden Idol":2,"CeramicFish":13,"Astrolabe":17,"Orichalcum":7,"Burning Blood":0,"Blood Vial":13,"Frozen Eye":11,"Centennial Puzzle":11,"Busted Crown":0,"Pantograph":13,"Black Star":9,"InkBottle":4,"FossilizedHelix":16,"Toy Ornithopter":16,"Red Skull":16},{"Lantern":16,"Golden Idol":6,"CeramicFish":54,"Astrolabe":73,"Orichalcum":21,"Burning Blood":0,"Blood Vial":54,"Frozen Eye":42,"Centennial Puzzle":42,"Busted Crown":0,"Pantograph":54,"Black Star":35,"InkBottle":13,"FossilizedHelix":66,"Toy Ornithopter":66,"Red Skull":66}],"InkBottle":[19],"Toy Ornithopter":20},"card_choices":[{"not_picked":[],"picked":"Whirlwind","floor":1},{"not_picked":[],"picked":"Carnage","floor":2},{"not_picked":["Disarm"],"picked":"SKIP","floor":4},{"not_picked":[],"picked":"Ghostly Armor","floor":6},{"not_picked":["Perfected Strike"],"picked":"SKIP","floor":8},{"not_picked":["Heavy Blade"],"picked":"SKIP","floor":11},{"not_picked":["Iron Wave"],"picked":"SKIP","floor":12},{"not_picked":["Seeing Red"],"picked":"SKIP","floor":13},{"not_picked":[],"picked":"Demon Form","floor":16},{"not_picked":["Metallicize"],"picked":"SKIP","floor":18},{"not_picked":["Sentinel"],"picked":"SKIP","floor":20},{"not_picked":["Thunderclap"],"picked":"SKIP","floor":22},{"not_picked":["Sentinel"],"picked":"SKIP","floor":24},{"not_picked":[],"picked":"Pummel","floor":27},{"not_picked":[],"picked":"Burning Pact+1","floor":28},{"not_picked":[],"picked":"Pummel","floor":30},{"not_picked":["Pommel Strike"],"picked":"SKIP","floor":35},{"not_picked":["Shrug It Off"],"picked":"SKIP","floor":36},{"not_picked":["Shrug It Off"],"picked":"SKIP","floor":38}],"player_experience":1898044,"relics_obtained":[{"floor":6,"key":"InkBottle"},{"floor":9,"key":"Lantern"},{"floor":12,"key":"Orichalcum"},{"floor":24,"key":"CeramicFish"},{"floor":24,"key":"Blood Vial"},{"floor":26,"key":"Pantograph"},{"floor":30,"key":"FossilizedHelix"},{"floor":30,"key":"Toy Ornithopter"}],"event_choices":[{"damage_healed":0,"gold_gain":0,"player_choice":"Lose Max HP","damage_taken":0,"relics_obtained":["Golden Idol"],"max_hp_gain":0,"max_hp_loss":7,"event_name":"Golden Idol","floor":3,"gold_loss":0},{"damage_healed":0,"gold_gain":0,"player_choice":"Ignored","damage_taken":0,"max_hp_gain":0,"max_hp_loss":0,"event_name":"Liars Game","floor":14,"gold_loss":0},{"damage_healed":0,"gold_gain":275,"player_choice":"Desecrate","damage_taken":0,"max_hp_gain":0,"max_hp_loss":0,"event_name":"Golden Shrine","floor":19,"gold_loss":0,"cards_obtained":["Regret"]},{"damage_healed":0,"gold_gain":0,"player_choice":"Ignored","damage_taken":0,"max_hp_gain":0,"max_hp_loss":0,"event_name":"Tomb of Lord Red Mask","floor":37,"gold_loss":0},{"damage_healed":0,"gold_gain":0,"player_choice":"Copied","damage_taken":0,"max_hp_gain":0,"max_hp_loss":0,"event_name":"Duplicator","floor":39,"gold_loss":0,"cards_obtained":["Burning Pact"]}],"is_beta":false,"boss_relics":[{"not_picked":["Runic Pyramid","Ectoplasm"],"picked":"Black Star"},{"not_picked":["Sozu","Velvet Choker"],"picked":"Astrolabe"}],"items_purged_floors":[21,31],"is_endless":false,"potions_floor_spawned":[1,2,8,13,20,28,33,38],"killed_by":"Nemesis","ascension_level":20}}