{"host":"08e8lbcglknjr65a","time":1612065847,"event":{"mods":["BaseMod","Hermit","Minty Spire (QoL Compilation)","Relic Stats","StSLib","slay the spire mod where everything is the same but ironclad has a cowboy hat"],"gold_per_floor":[118,130,140,151,168,200,200,226,296,22,22,22,22,55,55,153,153,163,173,190,71,71,106,106,125,149,99,123,143,242,263,263,263,263],"floor_reached":33,"language":"ENG","playtime":1915,"items_purged":["Strike_R"],"score":469,"play_id":"36877cc0-d23a-42b8-83e4-0fd9bbb1b932","local_time":"20210130200407","is_ascension_mode":true,"campfire_choices":[{"data":"Bash","floor":11.0,"key":"SMITH"},{"data":"Inflame","floor":13.0,"key":"SMITH"},{"data":"True Grit","floor":15.0,"key":"SMITH"},{"data":"Inflame","floor":24,"key":"SMITH"},{"floor":32,"key":"REST"}],"circlet_count":0,"master_deck":["Strike_R+1","Strike_R+1","Strike_R+1","Defend_R+1","Defend_R+1","Defend_R+1","Defend_R+1","Bash+1","Cleave","Wild Strike","True Grit+1","Power Through","Power Through","Headbutt","Twin Strike","Whirlwind+1","Sword Boomerang+1","Inflame+1","Feed+1","Hemokinesis+1","Immolate+1","CurseOfTheBell","Iron Wave+1","Wild Strike+1","Second Wind","Thunderclap+1","Dropkick+1","Inflame+1","Shrug It Off+1","Seeing Red","Flex+1","Metallicize"],"relics":["Burning Blood","Bottled Flame","Lizard Tail","Molten Egg 2","Mango","Calling Bell","Anchor","Shuriken","Calipers","CeramicFish","Potion Belt"],"acts_visited":["Exordium","TheCity"],"potions_floor_usage":[23,29,31,33],"damage_taken":[{"damage":6.0,"enemies":"2 Louse","floor":1.0,"turns":4.0},{"damage":8.0,"enemies":"Jaw Worm","floor":2.0,"turns":4.0},{"damage":1.0,"enemies":"Cultist","floor":3.0,"turns":3.0},{"damage":16.0,"enemies":"Lots of Slimes","floor":4.0,"turns":4.0},{"damage":6.0,"enemies":"Blue Slaver","floor":5.0,"turns":2.0},{"damage":51.0,"enemies":"Gremlin Nob","floor":6.0,"turns":6.0},{"damage":22.0,"enemies":"Lagavulin","floor":8.0,"turns":9.0},{"damage":16.0,"enemies":"Gremlin Nob","floor":14.0,"turns":3.0},{"damage":30.0,"enemies":"The Guardian","floor":16.0,"turns":7.0},{"damage":13.0,"enemies":"2 Thieves","floor":18.0,"turns":5.0},{"damage":6.0,"enemies":"Spheric Guardian","floor":19.0,"turns":3.0},{"damage":9.0,"enemies":"Cultist and Chosen","floor":20.0,"turns":4.0},{"damage":44,"enemies":"Book of Stabbing","floor":23,"turns":5},{"damage":8,"enemies":"Snake Plant","floor":25,"turns":3},{"damage":2,"enemies":"Snecko","floor":28,"turns":3},{"damage":27,"enemies":"Chosen and Byrds","floor":29,"turns":5},{"damage":2,"enemies":"Cultist and Chosen","floor":31,"turns":4},{"damage":142,"enemies":"Champ","floor":33,"turns":11}],"seed_played":"266651264700872576","potions_obtained":[{"floor":3.0,"key":"Fire Potion"},{"floor":8.0,"key":"Strength Potion"},{"floor":14.0,"key":"Fruit Juice"},{"floor":16.0,"key":"Block Potion"},{"floor":20.0,"key":"FearPotion"},{"floor":25,"key":"EssenceOfSteel"},{"floor":28,"key":"Swift Potion"}],"is_trial":false,"path_per_floor":["M","M","M","M","M","E","?","E","T","$","R","?","R","E","R","B",null,"M","M","M","$","?","E","R","M","T","?","M","M","?","M","R","B"],"character_chosen":"IRONCLAD","items_purchased":["Whirlwind+1","Sword Boomerang+1","Inflame","Thunderclap+1","Dropkick+1"],"campfire_rested":1,"item_purchase_floors":[10,10,10,21,21],"current_hp_per_floor":[80,78,83,73,73,28,57,41,41,41,41,41,41,50,50,26,87,84,84,81,81,81,43,43,41,41,41,45,24,24,28,61,0,0],"gold":263,"neow_bonus":"TEN_PERCENT_HP_BONUS","is_daily":false,"chose_seed":false,"campfire_upgraded":4,"win_rate":0.0,"timestamp":1612065847,"path_taken":["M","M","M","M","M","E","?","E","T","$","R","?","R","E","R","BOSS","M","?","M","?","?","E","R","M","T","?","M","?","?","M","R","BOSS"],"items_purchased_type":["Card","Card","Card","Card","Card"],"build_version":"2020-12-22","purchased_purges":1,"victory":false,"max_hp_per_floor":[88,88,88,88,88,88,88,88,88,88,88,88,88,107,107,107,107,111,111,111,111,111,111,111,111,111,111,111,111,111,111,111,111,111],"relic_stats":{"Lizard Tail":55,"counters":[18,85],"Shuriken":[6],"CeramicFish":45,"obtain_stats":[{"Calling Bell":17,"Potion Belt":26,"Bottled Flame":6,"Lizard Tail":8,"Anchor":17,"Calipers":17,"Shuriken":17,"CeramicFish":23,"Molten Egg 2":9,"Mango":14,"Burning Blood":0},{"Calling Bell":9,"Potion Belt":14,"Bottled Flame":6,"Lizard Tail":7,"Anchor":9,"Calipers":9,"Shuriken":9,"CeramicFish":13,"Molten Egg 2":7,"Mango":8,"Burning Blood":0},{"Calling Bell":42,"Potion Belt":62,"Bottled Flame":23,"Lizard Tail":32,"Anchor":42,"Calipers":42,"Shuriken":42,"CeramicFish":59,"Molten Egg 2":32,"Mango":35,"Burning Blood":0}],"Burning Blood":102},"card_choices":[{"not_picked":["Clash","Wild Strike"],"picked":"Cleave","floor":1.0},{"not_picked":["Armaments","Perfected Strike"],"picked":"Wild Strike","floor":2.0},{"not_picked":["Evolve","Rampage"],"picked":"True Grit","floor":3.0},{"not_picked":["Sword Boomerang","Seeing Red"],"picked":"Power Through","floor":4.0},{"not_picked":["Armaments","Thunderclap"],"picked":"Power Through","floor":5.0},{"not_picked":["Flex","Cleave"],"picked":"Headbutt","floor":6.0},{"not_picked":["Clothesline","Exhume"],"picked":"Twin Strike","floor":8.0},{"not_picked":["Exhume","Shrug It Off"],"picked":"Hemokinesis+1","floor":14.0},{"not_picked":["Impervious","Berserk"],"picked":"Immolate+1","floor":16.0},{"not_picked":["True Grit","Shrug It Off"],"picked":"Iron Wave+1","floor":18.0},{"not_picked":["Blood for Blood+1","Clash+1"],"picked":"Wild Strike+1","floor":19.0},{"not_picked":["Heavy Blade+1","Headbutt+1"],"picked":"Second Wind","floor":20.0},{"not_picked":["Wild Strike+1","Combust"],"picked":"Inflame","floor":23},{"not_picked":["Wild Strike+1","Iron Wave+1"],"picked":"Shrug It Off+1","floor":25},{"not_picked":["Clash+1","Feel No Pain"],"picked":"Seeing Red","floor":28},{"not_picked":["Armaments+1","Combust"],"picked":"Flex+1","floor":29},{"not_picked":["Juggernaut","Iron Wave+1"],"picked":"Metallicize","floor":31}],"player_experience":57418,"relics_obtained":[{"floor":6.0,"key":"Bottled Flame"},{"floor":8.0,"key":"Lizard Tail"},{"floor":9.0,"key":"Molten Egg 2"},{"floor":14.0,"key":"Mango"},{"floor":17.0,"key":"Anchor"},{"floor":17.0,"key":"Shuriken"},{"floor":17.0,"key":"Calipers"},{"floor":23,"key":"CeramicFish"},{"floor":26,"key":"Potion Belt"}],"event_choices":[{"damage_healed":29.0,"max_hp_gain":0.0,"max_hp_loss":0.0,"gold_gain":0.0,"event_name":"Big Fish","player_choice":"Banana","floor":7.0,"gold_loss":0.0,"damage_taken":0.0},{"damage_healed":0.0,"max_hp_gain":0.0,"max_hp_loss":0.0,"gold_gain":0.0,"cards_transformed":["Strike_R"],"event_name":"Transmorgrifier","player_choice":"Transformed","floor":12.0,"gold_loss":0.0,"damage_taken":0.0,"cards_obtained":["Feed"]},{"damage_healed":0.0,"max_hp_gain":0.0,"max_hp_loss":0.0,"gold_gain":0.0,"event_name":"Back to Basics","player_choice":"Simplicity","floor":22.0,"gold_loss":0.0,"damage_taken":0.0,"cards_upgraded":["Strike_R","Strike_R","Strike_R","Defend_R","Defend_R","Defend_R","Defend_R"]},{"damage_healed":0,"gold_gain":0,"player_choice":"Bet on Murderer","damage_taken":0,"max_hp_gain":0,"max_hp_loss":0,"event_name":"The Joust","floor":27,"gold_loss":50},{"damage_healed":0,"gold_gain":99,"player_choice":"Stole From Cult","damage_taken":0,"max_hp_gain":0,"max_hp_loss":0,"event_name":"Nest","floor":30,"gold_loss":0}],"is_beta":false,"boss_relics":[{"not_picked":["SlaversCollar","Runic Cube"],"picked":"Calling Bell"}],"items_purged_floors":[10],"is_endless":false,"potions_floor_spawned":[3,8,14,16,20,25,28],"killed_by":"Champ","ascension_level":9}}