{"host":"fv1cjvqplxezqiss","time":1612136808,"event":{"mods":["BaseMod","Colored Map","Minty Spire (QoL Compilation)","StSLib"],"gold_per_floor":[19,19,29,29,44,44,79,79,79,79,109,123,123,136,136,238,238,258,41,26,26,26,60,60,92,92,92,111,130,490,490,490],"floor_reached":31,"language":"ENG","playtime":1174,"items_purged":["Strike_B"],"score":425,"play_id":"4a5776cf-622a-412e-8b99-19938e403146","local_time":"20210131184648","is_ascension_mode":true,"campfire_choices":[{"data":"Zap","floor":6,"key":"SMITH"},{"data":"Capacitor","floor":8,"key":"SMITH"},{"data":"Static Discharge","floor":10,"key":"SMITH"},{"data":"Self Repair","floor":13,"key":"SMITH"},{"data":"Consume","floor":15,"key":"SMITH"},{"data":"Defragment","floor":24,"key":"SMITH"}],"circlet_count":0,"master_deck":["AscendersBane","Strike_B","Strike_B","Strike_B","Defend_B","Defend_B","Defend_B+1","Defend_B","Zap+1","Dualcast","Barrage+1","Ball Lightning","Static Discharge+1","Capacitor+1","Self Repair+1","Consume+1","Auto Shields","Amplify","Go for the Eyes+1","Defragment+1","Chill","Leap+1","J.A.X.","Glacier+1","Reboot","Gash+1"],"relics":["FrozenCore","Du-Vu Doll","Pear","StrikeDummy","Bronze Scales","Regal Pillow","Peace Pipe","War Paint","Nilry\u0027s Codex"],"acts_visited":["Exordium","TheCity"],"potions_floor_usage":[7,16,31,31],"damage_taken":[{"damage":4,"enemies":"Small Slimes","floor":1,"turns":4},{"damage":2,"enemies":"Jaw Worm","floor":3,"turns":3},{"damage":1,"enemies":"Cultist","floor":5,"turns":3},{"damage":15,"enemies":"3 Sentries","floor":7,"turns":4},{"damage":25,"enemies":"Lagavulin","floor":11,"turns":5},{"damage":13,"enemies":"Large Slime","floor":12,"turns":4},{"damage":11,"enemies":"Looter","floor":14,"turns":2},{"damage":5,"enemies":"Hexaghost","floor":16,"turns":6},{"damage":2,"enemies":"Chosen","floor":18,"turns":6},{"damage":16,"enemies":"2 Thieves","floor":20,"turns":4},{"damage":19,"enemies":"Book of Stabbing","floor":23,"turns":7},{"damage":16,"enemies":"Gremlin Leader","floor":25,"turns":7},{"damage":10,"enemies":"Centurion and Healer","floor":28,"turns":8},{"damage":3,"enemies":"Shelled Parasite and Fungi","floor":29,"turns":5},{"damage":22,"enemies":"Slavers","floor":31,"turns":1}],"seed_played":"761508168011475835","potions_obtained":[{"floor":5,"key":"DistilledChaos"},{"floor":7,"key":"Weak Potion"},{"floor":16,"key":"Swift Potion"},{"floor":18,"key":"DuplicationPotion"},{"floor":23,"key":"SteroidPotion"}],"is_trial":false,"path_per_floor":["M","?","M","?","M","R","E","R","T","R","E","M","R","M","R","B",null,"M","$","M","?","?","E","R","E","T","?","M","M","?","E"],"character_chosen":"DEFECT","items_purchased":["Defragment","Chill"],"campfire_rested":0,"item_purchase_floors":[19,19],"current_hp_per_floor":[64,64,62,62,61,61,56,56,56,56,31,25,25,14,14,19,69,77,77,71,71,71,62,62,56,56,40,40,47,11,0,0],"gold":490,"neow_bonus":"ONE_RARE_RELIC","is_daily":false,"chose_seed":false,"campfire_upgraded":6,"win_rate":0.0,"timestamp":1612136808,"path_taken":["M","?","M","?","M","R","E","R","T","R","E","?","R","M","R","BOSS","M","$","M","?","?","E","R","E","T","?","M","M","?","E"],"items_purchased_type":["Card","Card"],"build_version":"2020-12-22","purchased_purges":1,"victory":false,"max_hp_per_floor":[75,75,75,75,75,75,85,85,85,85,85,85,85,85,85,85,85,85,85,85,85,85,85,85,85,85,85,85,85,85,85,85],"card_choices":[{"not_picked":["Streamline","Rebound"],"picked":"Barrage","floor":1},{"not_picked":["Heatsinks","Core Surge"],"picked":"Ball Lightning","floor":3},{"not_picked":["Sweeping Beam","Leap"],"picked":"Static Discharge","floor":5},{"not_picked":["Glacier","Chaos"],"picked":"Capacitor","floor":7},{"not_picked":["Melter","Rip and Tear"],"picked":"Self Repair","floor":11},{"not_picked":["Turbo","Skim"],"picked":"Consume","floor":12},{"not_picked":["Hello World","Reprogram"],"picked":"Auto Shields","floor":14},{"not_picked":["Machine Learning","Multi-Cast"],"picked":"Amplify","floor":16},{"not_picked":["Hologram","Compile Driver"],"picked":"Go for the Eyes+1","floor":18},{"not_picked":["Steam","Streamline"],"picked":"Leap+1","floor":20},{"not_picked":["Chaos","Skim+1"],"picked":"Reboot","floor":23},{"not_picked":["Sweeping Beam","Go for the Eyes"],"picked":"Gash+1","floor":25},{"not_picked":["Undo","Reinforced Body","Go for the Eyes+1"],"picked":"SKIP","floor":28},{"not_picked":["Beam Cell","Conserve Battery","Hologram"],"picked":"SKIP","floor":29}],"player_experience":624767,"relics_obtained":[{"floor":7,"key":"Pear"},{"floor":9,"key":"StrikeDummy"},{"floor":11,"key":"Bronze Scales"},{"floor":23,"key":"Regal Pillow"},{"floor":25,"key":"Peace Pipe"},{"floor":26,"key":"War Paint"},{"floor":27,"key":"Nilry\u0027s Codex"}],"event_choices":[{"damage_healed":0,"gold_gain":0,"player_choice":"Grow","damage_taken":0,"max_hp_gain":0,"max_hp_loss":0,"event_name":"Living Wall","floor":2,"gold_loss":0,"cards_upgraded":["Barrage"]},{"damage_healed":0,"gold_gain":0,"player_choice":"Ignored","damage_taken":0,"max_hp_gain":0,"max_hp_loss":0,"event_name":"WeMeetAgain","floor":4,"gold_loss":0},{"damage_healed":0,"gold_gain":0,"player_choice":"Obtain J.A.X.","damage_taken":0,"max_hp_gain":0,"max_hp_loss":0,"event_name":"Drug Dealer","floor":21,"gold_loss":0,"cards_obtained":["J.A.X."]},{"damage_healed":0,"gold_gain":0,"player_choice":"Read","damage_taken":0,"max_hp_gain":0,"max_hp_loss":0,"event_name":"The Library","floor":22,"gold_loss":0,"cards_obtained":["Glacier"]},{"damage_healed":0,"gold_gain":0,"player_choice":"Obtained Book","damage_taken":16,"max_hp_gain":0,"max_hp_loss":0,"event_name":"Cursed Tome","floor":27,"gold_loss":0},{"damage_healed":0,"gold_gain":360,"player_choice":"GOLD GOLD GOLD GOLD ","damage_taken":36,"max_hp_gain":0,"max_hp_loss":0,"event_name":"Knowing Skull","floor":30,"potions_obtained":[],"gold_loss":0,"cards_obtained":[]}],"is_beta":false,"boss_relics":[{"not_picked":["Nuclear Battery","Coffee Dripper"],"picked":"FrozenCore"}],"items_purged_floors":[19],"is_endless":false,"potions_floor_spawned":[5,7,16,18,23],"killed_by":"Slavers","ascension_level":10}}