{"host":"99l0i25nwwr6z99u","time":1612058077,"event":{"mods":["Act Like it!","BaseMod","Colored Map","Colored Powertips","Downfall","Googly Eyes","Minty Spire (QoL Compilation)","Quick Restart","StSLib"],"gold_per_floor":[99,110,125,125,136,149,149,182,194,209,11,28,28,45,64,159,159,159,177,193,293,293,48,48,33,33,66,76,76,76,88,88,88,88],"floor_reached":32,"language":"ENG","playtime":1333,"items_purged":["Pain"],"score":266,"play_id":"a2135959-e44e-434c-bcf7-a849ab721a91","local_time":"20210130205437","is_ascension_mode":false,"campfire_choices":[{"data":"Slimebound:Split","floor":1,"key":"SMITH"},{"floor":13,"key":"REST"},{"data":"Slimebound:SlimeBrawl","floor":18,"key":"SMITH"},{"data":"Slimebound:DouseInSlime","floor":30,"key":"SMITH"}],"circlet_count":0,"master_deck":["Slimebound:Strike_Slimebound","Slimebound:Tackle","Slimebound:Defend_Slimebound","Slimebound:Defend_Slimebound","Slimebound:Defend_Slimebound","Slimebound:Defend_Slimebound","Slimebound:Split+1","Slimebound:CorrosiveSpit","Slimebound:OozeBath","Slimebound:SlimeSpikes","Slimebound:FlameTackle","Slimebound:SplitLeeching","Slimebound:GoopSpray","Slimebound:Repurpose","Slimebound:HauntingLick","Slimebound:FormOfPuddle","Slimebound:SpikyOuterGoop+1","Slimebound:Gluttony+1","Slimebound:Chomp","Slimebound:Equalize","Slimebound:SlimeBrawl+1","Slimebound:DouseInSlime+1","Slimebound:ServeAndProtect","Slimebound:Prepare","Slimebound:SlimeSpikes","Slimebound:SplitAcid","Slimebound:SelfFormingGoo+1","Slimebound:SplitMire","Slimebound:ComboTackle","Slimebound:SplitBruiser+1","Slimebound:SlimeTap","Slimebound:TongueLash+1"],"relics":["Slimebound:AbsorbEndCombat","WarpedTongs","Frozen Egg 2","Orichalcum","Runic Dome","Letter Opener","Nilry\u0027s Codex","Strawberry"],"acts_visited":["Exordium","TheCity"],"potions_floor_usage":[8,20],"damage_taken":[{"damage":5,"enemies":"Jaw Worm","floor":2,"turns":4},{"damage":9,"enemies":"Cultist","floor":3,"turns":3},{"damage":4,"enemies":"Small Slimes","floor":5,"turns":3},{"damage":10,"enemies":"Exordium Wildlife","floor":6,"turns":4},{"damage":17,"enemies":"Lagavulin","floor":8,"turns":6},{"damage":10,"enemies":"3 Louse","floor":9,"turns":4},{"damage":18,"enemies":"Lots of Slimes","floor":10,"turns":3},{"damage":4,"enemies":"downfall:FleeingMerchant","floor":11,"turns":4},{"damage":10,"enemies":"Blue Slaver","floor":12,"turns":4},{"damage":18,"enemies":"Exordium Thugs","floor":14,"turns":5},{"damage":7,"enemies":"Large Slime","floor":15,"turns":5},{"damage":37,"enemies":"SI_SHIV_ARCHETYPE","floor":16,"turns":9},{"damage":8,"enemies":"Shell Parasite","floor":19,"turns":4},{"damage":13,"enemies":"3 Byrds","floor":20,"turns":5},{"damage":3,"enemies":"downfall:FleeingMerchant","floor":23,"turns":4},{"damage":4,"enemies":"downfall:FleeingMerchant","floor":25,"turns":4},{"damage":42,"enemies":"Gremlin Leader","floor":27,"turns":5},{"damage":12,"enemies":"Snake Plant","floor":28,"turns":4},{"damage":26,"enemies":"Centurion and Healer","floor":31,"turns":6},{"damage":28,"enemies":"Shelled Parasite and Fungi","floor":32,"turns":3}],"seed_played":"-8237197732116533233","potions_obtained":[{"floor":2,"key":"DistilledChaos"},{"floor":6,"key":"Swift Potion"},{"floor":10,"key":"SpeedPotion"},{"floor":14,"key":"Dexterity Potion"},{"floor":27,"key":"sneckomod:MuddlingPotion"}],"is_trial":false,"path_per_floor":["R","M","M","?","M","M","T","E","M","M","$","M","R","M","M","B",null,"R","M","M","?","?","$","T","$","?","E","M","?","R","M","M"],"character_chosen":"SLIMEBOUND","items_purchased":["Slimebound:Gluttony+1","Slimebound:Chomp","Slimebound:SelfFormingGoo+1","Slimebound:SplitMire","Slimebound:ComboTackle"],"campfire_rested":1,"item_purchase_floors":[11,11,23,23,23],"current_hp_per_floor":[65,63,58,58,56,50,50,41,37,25,27,19,38,28,31,10,65,65,65,64,64,64,65,65,65,49,28,32,32,32,22,0,0,0],"gold":88,"neow_bonus":"ONE_RANDOM_RARE_CARD","is_daily":false,"chose_seed":false,"campfire_upgraded":3,"win_rate":0.0,"timestamp":1612058077,"path_taken":["R","M","M","?","?","?","T","E","M","?","$","M","R","M","M","BOSS","R","M","M","?","?","?","T","$","?","E","M","?","R","?","M"],"items_purchased_type":["Card","Card","Card","Card","Card"],"build_version":"2020-12-22","purchased_purges":1,"victory":false,"max_hp_per_floor":[65,65,65,65,65,65,65,65,65,65,65,65,65,65,65,65,65,65,65,65,65,65,65,65,65,65,72,72,72,72,72,72,72,72],"card_choices":[{"not_picked":["Slimebound:FlameTackle","Slimebound:Replication"],"picked":"Slimebound:SlimeSpikes","floor":2},{"not_picked":["Slimebound:GoopSpray","Slimebound:ComboTackle"],"picked":"Slimebound:FlameTackle","floor":3},{"not_picked":["Slimebound:SamplingLick","Slimebound:ServeAndProtect"],"picked":"Slimebound:SplitLeeching","floor":5},{"not_picked":["Slimebound:LivingWall","Slimebound:SlimeSpikes"],"picked":"Slimebound:GoopSpray","floor":6},{"not_picked":["Slimebound:HauntingLick","Slimebound:Schlurp"],"picked":"Slimebound:Repurpose","floor":8},{"not_picked":["Slimebound:LeechingTouch","Slimebound:ProtectTheBoss+1"],"picked":"Slimebound:HauntingLick","floor":9},{"not_picked":["Slimebound:SplitLeeching","Slimebound:FlameTackle"],"picked":"Slimebound:FormOfPuddle","floor":10},{"not_picked":["Slimebound:DivideAndConquer","Slimebound:AcidTongue+1"],"picked":"Slimebound:SpikyOuterGoop+1","floor":11},{"not_picked":["Slimebound:RollThrough","Slimebound:GoopTackle","Slimebound:Chomp"],"picked":"SKIP","floor":12},{"not_picked":["Slimebound:PrepareCrush","Slimebound:Prepare"],"picked":"Slimebound:Equalize","floor":14},{"not_picked":["Slimebound:ItLooksTasty","Slimebound:Chomp"],"picked":"Slimebound:SlimeBrawl","floor":15},{"not_picked":["Slimebound:Overexert+1","Slimebound:MassFeed"],"picked":"Slimebound:DouseInSlime","floor":16},{"not_picked":["Slimebound:LeechingTouch","Slimebound:GoopTackle"],"picked":"Slimebound:ServeAndProtect","floor":19},{"not_picked":["Slimebound:PressTheAttack","Slimebound:FinishingTackle","Slimebound:Dissolve"],"picked":"SKIP","floor":20},{"not_picked":["Slimebound:AcidTongue+1","Slimebound:GoopTackle"],"picked":"Slimebound:SplitAcid","floor":23},{"not_picked":["Slimebound:SplitMire","Slimebound:PressTheAttack"],"picked":"Slimebound:SplitBruiser+1","floor":25},{"not_picked":["Slimebound:SlimeTap","Slimebound:LeechingTouch","Slimebound:Grow+1"],"picked":"SKIP","floor":27},{"not_picked":["Slimebound:LeechingTouch","Slimebound:Grow+1"],"picked":"Slimebound:SlimeTap","floor":27},{"not_picked":["Slimebound:DisruptingSlam","Slimebound:PressTheAttack+1"],"picked":"Slimebound:TongueLash+1","floor":28},{"not_picked":["Slimebound:SpikyOuterGoop+1","Slimebound:RejuvenatingLick","Slimebound:PressTheAttack"],"picked":"SKIP","floor":31}],"player_experience":965381,"relics_obtained":[{"floor":7,"key":"Frozen Egg 2"},{"floor":8,"key":"Orichalcum"},{"floor":24,"key":"Letter Opener"},{"floor":26,"key":"Nilry\u0027s Codex"},{"floor":27,"key":"Strawberry"}],"event_choices":[{"damage_healed":0,"gold_gain":0,"player_choice":"Rummage","damage_taken":0,"relics_obtained":["WarpedTongs"],"max_hp_gain":0,"max_hp_loss":0,"event_name":"Accursed Blacksmith","floor":4,"gold_loss":0,"cards_obtained":["Pain"]},{"damage_healed":0,"gold_gain":0,"cards_transformed":["Slimebound:Strike_Slimebound","Slimebound:Strike_Slimebound"],"player_choice":"Became Test Subject","damage_taken":0,"max_hp_gain":0,"max_hp_loss":0,"event_name":"Drug Dealer","floor":22,"gold_loss":0,"cards_obtained":["Slimebound:Prepare","Slimebound:SlimeSpikes"]},{"damage_healed":0,"gold_gain":0,"player_choice":"Ignored","damage_taken":0,"max_hp_gain":0,"max_hp_loss":0,"event_name":"NoteForYourself","floor":29,"gold_loss":0}],"is_beta":false,"boss_relics":[{"not_picked":["Tiny House","Velvet Choker"],"picked":"Runic Dome"}],"items_purged_floors":[11],"is_endless":false,"potions_floor_spawned":[2,6,10,14,15,16,19,27,28],"killed_by":"Shelled Parasite and Fungi","ascension_level":0}}