{"host":"fa35vd3kig5td25x","time":1612102267,"event":{"mods":["BaseMod","Colored Powertips","Minty Spire (QoL Compilation)","Relic Stats","Slay the Relics Exporter"],"gold_per_floor":[359,509,321,396,321,321,346,364,364,364,398,43,62,79,79,158,158,170,190,205,255,180,180,190,190,190,201,201,214,6,33,33,106,106,116,126,126,126,126,126],"floor_reached":39,"language":"ENG","playtime":2230,"items_purged":["Doubt","Strike_P"],"score":1043,"play_id":"94f44219-338b-4902-9458-078514dcaef3","local_time":"20210131151107","is_ascension_mode":true,"campfire_choices":[{"data":"Eruption","floor":6,"key":"SMITH"},{"data":"Ragnarok","floor":15,"key":"SMITH"},{"data":"Adaptation","floor":23,"key":"SMITH"},{"floor":25,"key":"REST"},{"floor":28,"key":"REST"},{"floor":32,"key":"REST"}],"circlet_count":0,"master_deck":["AscendersBane","Strike_P","Defend_P","Defend_P","Defend_P","Eruption+1","Vigilance","FollowUp","FlyingSleeves","Wallop","FlurryOfBlows","ClearTheMind","Ragnarok+1","SandsOfTime","Brilliance","Adaptation+1","Worship","WaveOfTheHand","CutThroughFate","Wallop","Wish","Omniscience","Tantrum"],"relics":["PureWater","Toy Ornithopter","Happy Flower","MealTicket","SlaversCollar","Mango","HandDrill","Smiling Mask","Cursed Key"],"acts_visited":["Exordium","TheCity","TheBeyond"],"potions_floor_usage":[7,11,16,20,24,33,35],"damage_taken":[{"damage":0,"enemies":"2 Louse","floor":1,"turns":5},{"damage":32,"enemies":"3 Sentries","floor":7,"turns":5},{"damage":7,"enemies":"Jaw Worm","floor":8,"turns":4},{"damage":0,"enemies":"Gremlin Nob","floor":11,"turns":3},{"damage":0,"enemies":"Small Slimes","floor":13,"turns":1},{"damage":0,"enemies":"Blue Slaver","floor":14,"turns":3},{"damage":0,"enemies":"Slime Boss","floor":16,"turns":5},{"damage":1,"enemies":"Spheric Guardian","floor":18,"turns":3},{"damage":12,"enemies":"2 Thieves","floor":19,"turns":3},{"damage":13,"enemies":"Snecko","floor":20,"turns":4},{"damage":9,"enemies":"Centurion and Healer","floor":24,"turns":7},{"damage":42,"enemies":"Snake Plant","floor":27,"turns":5},{"damage":5,"enemies":"Snecko","floor":29,"turns":5},{"damage":35,"enemies":"Book of Stabbing","floor":31,"turns":4},{"damage":20,"enemies":"Champ","floor":33,"turns":10},{"damage":34,"enemies":"3 Darklings","floor":35,"turns":6},{"damage":38,"enemies":"3 Shapes","floor":36,"turns":11},{"damage":13,"enemies":"3 Darklings","floor":39,"turns":2}],"seed_played":"-324411720359528813","potions_obtained":[{"floor":7,"key":"EssenceOfSteel"},{"floor":11,"key":"BottledMiracle"},{"floor":13,"key":"StancePotion"},{"floor":16,"key":"DistilledChaos"},{"floor":27,"key":"Ancient Potion"},{"floor":33,"key":"Regen Potion"}],"is_trial":false,"path_per_floor":["M","?","$","?","?","R","E","M","T","?","E","$","M","M","R","B",null,"M","M","M","?","?","R","M","R","T","M","R","M","$","E","R","B",null,"M","M","?","?","M"],"character_chosen":"WATCHER","items_purchased":["Strength Potion","FlyingSleeves","Ragnarok","SneckoOil","HandDrill","Wallop"],"campfire_rested":3,"item_purchase_floors":[3,3,12,12,30,30],"current_hp_per_floor":[61,61,61,50,50,50,18,11,11,11,16,31,31,31,31,36,56,55,43,35,35,35,35,31,49,63,21,43,38,53,18,40,25,63,49,11,11,11,0,0],"gold":126,"neow_bonus":"TWO_FIFTY_GOLD","is_daily":false,"chose_seed":false,"campfire_upgraded":3,"win_rate":0.0,"timestamp":1612102267,"path_taken":["M","?","$","?","?","R","E","M","T","?","E","$","M","M","R","BOSS","M","M","?","?","?","R","?","R","T","M","R","M","$","E","R","BOSS","M","M","?","?","?"],"items_purchased_type":["Potion","Card","Card","Potion","Relic","Card"],"build_version":"2020-12-22","purchased_purges":2,"victory":false,"max_hp_per_floor":[62,62,62,62,62,62,62,62,62,62,62,62,62,62,62,62,62,62,62,62,62,62,62,62,62,76,76,76,76,76,76,76,76,76,76,76,72,72,72,72],"relic_stats":{"Happy Flower":[24],"counters":[18,86],"MealTicket":30,"HandDrill":[18],"Smiling Mask":0,"Cursed Key":0,"obtain_stats":[{"SlaversCollar":17,"Happy Flower":9,"MealTicket":11,"Mango":26,"HandDrill":30,"PureWater":0,"Smiling Mask":31,"Cursed Key":34,"Toy Ornithopter":7},{"SlaversCollar":7,"Happy Flower":3,"MealTicket":4,"Mango":11,"HandDrill":13,"PureWater":0,"Smiling Mask":14,"Cursed Key":15,"Toy Ornithopter":2},{"SlaversCollar":26,"Happy Flower":14,"MealTicket":17,"Mango":43,"HandDrill":53,"PureWater":0,"Smiling Mask":57,"Cursed Key":67,"Toy Ornithopter":10}],"Toy Ornithopter":30},"card_choices":[{"not_picked":["ClearTheMind","SignatureMove"],"picked":"FollowUp","floor":1},{"not_picked":["EmptyMind","CutThroughFate"],"picked":"Wallop","floor":7},{"not_picked":["Prostrate","Fasting2"],"picked":"FlurryOfBlows","floor":8},{"not_picked":["FlyingSleeves","Evaluate"],"picked":"ClearTheMind","floor":11},{"not_picked":["WreathOfFlame","FlurryOfBlows","EmptyBody"],"picked":"SKIP","floor":13},{"not_picked":["DevaForm","Consecrate"],"picked":"SandsOfTime","floor":14},{"not_picked":["Alpha","Scrawl"],"picked":"Brilliance","floor":16},{"not_picked":["Pray","CutThroughFate"],"picked":"Adaptation","floor":18},{"not_picked":["Crescendo","CutThroughFate"],"picked":"Worship","floor":19},{"not_picked":["EmptyBody","Fasting2","Evaluate"],"picked":"SKIP","floor":20},{"not_picked":["Crescendo","Swivel"],"picked":"WaveOfTheHand","floor":24},{"not_picked":["ThirdEye","Prostrate","ClearTheMind"],"picked":"SKIP","floor":27},{"not_picked":["PathToVictory","Halt"],"picked":"CutThroughFate","floor":29},{"not_picked":["JustLucky","ClearTheMind"],"picked":"Wish","floor":31},{"not_picked":["Blasphemy","Ragnarok"],"picked":"Omniscience","floor":33},{"not_picked":["FlyingSleeves","Pray","PathToVictory+1"],"picked":"SKIP","floor":35},{"not_picked":["Pray","ThirdEye"],"picked":"Tantrum","floor":36}],"player_experience":3033368,"relics_obtained":[{"floor":7,"key":"Toy Ornithopter"},{"floor":9,"key":"Happy Flower"},{"floor":11,"key":"MealTicket"},{"floor":26,"key":"Mango"},{"floor":31,"key":"Smiling Mask"}],"event_choices":[{"damage_healed":0,"gold_gain":150,"player_choice":"AGREE","damage_taken":0,"max_hp_gain":0,"max_hp_loss":0,"event_name":"Liars Game","floor":2,"gold_loss":0,"cards_obtained":["Doubt"]},{"damage_healed":0,"gold_gain":75,"player_choice":"Gather Gold","damage_taken":11,"max_hp_gain":0,"max_hp_loss":0,"event_name":"World of Goop","floor":4,"gold_loss":0},{"cards_removed":["Defend_P"],"damage_healed":0,"gold_gain":0,"player_choice":"Card Removal","damage_taken":0,"max_hp_gain":0,"max_hp_loss":0,"event_name":"The Cleric","floor":5,"gold_loss":75},{"cards_removed":["Strike_P"],"damage_healed":0,"gold_gain":0,"player_choice":"Card Removal","damage_taken":0,"max_hp_gain":0,"max_hp_loss":0,"event_name":"Wheel of Change","floor":10,"gold_loss":0},{"damage_healed":0,"gold_gain":50,"player_choice":"Stole From Cult","damage_taken":0,"max_hp_gain":0,"max_hp_loss":0,"event_name":"Nest","floor":21,"gold_loss":0},{"cards_removed":["Strike_P"],"damage_healed":0,"gold_gain":0,"player_choice":"Gave Gold","damage_taken":0,"max_hp_gain":0,"max_hp_loss":0,"event_name":"Beggar","floor":22,"gold_loss":75},{"damage_healed":0,"gold_gain":0,"player_choice":"Max HP","damage_taken":0,"max_hp_gain":0,"max_hp_loss":4,"event_name":"Winding Halls","floor":37,"gold_loss":0},{"damage_healed":0,"gold_gain":0,"player_choice":"0 cards matched","damage_taken":0,"max_hp_gain":0,"max_hp_loss":0,"event_name":"Match and Keep!","floor":38,"gold_loss":0,"cards_obtained":[]},{"damage_healed":0,"gold_gain":0,"player_choice":"0 cards matched","damage_taken":0,"max_hp_gain":0,"max_hp_loss":0,"event_name":"Match and Keep!","floor":38,"gold_loss":0,"cards_obtained":[]}],"is_beta":false,"boss_relics":[{"not_picked":["Sozu","Philosopher\u0027s Stone"],"picked":"SlaversCollar"},{"not_picked":["Fusion Hammer","Velvet Choker"],"picked":"Cursed Key"}],"items_purged_floors":[3,12],"is_endless":false,"potions_floor_spawned":[7,11,13,16,18,19,27,33],"killed_by":"3 Darklings","ascension_level":20}}