{"host":"e1y4kviho5jwd7e6","time":1612057315,"event":{"mods":["Act Like it!","Aspiration","BaseMod","Better Altar","Better Match","Better Note","Better Skull","Better Synergies","Better Third Choice","BetterRewards","CCEM2","Colored Powertips","Communication Mod","Conjunction","Conspire","Downfall","Energized Spire","Exacting","GifTheSpireLib","Hubris","Hyrulean Relics","Minty Spire (QoL Compilation)","Quarter Circle Forward PUNCH!","Replay The Spire","Small Relic Pack","Spicy Shops","StSLib","Stuff the Spire","The Blue Laboratory","Transform Curses","Uncapped"],"gold_per_floor":[13,23,54,72,72,72,87,87,87,87,105,105,118,147,147,147,147],"floor_reached":16,"language":"ENG","playtime":408,"items_purged":[],"score":96,"play_id":"9e6b93e0-f104-4233-97f2-1767b20fc5cb","local_time":"20210130204155","is_ascension_mode":false,"campfire_choices":[{"data":"Pommel Strike","floor":6.0,"key":"SMITH"},{"data":"Uppercut","floor":12,"key":"SMITH"},{"floor":15,"key":"REST"}],"circlet_count":0,"master_deck":["Strike_R","Strike_R","Strike_R","Strike_R","Defend_R","Defend_R","Defend_R","Bash","Double Tap+1","StuffTheSpire:Slingshot","Pommel Strike+1","Uppercut+1","Pummel","Shrug It Off"],"relics":["Burning Blood","hubris:Towel"],"acts_visited":["Exordium"],"potions_floor_usage":[13,16,16],"damage_taken":[{"damage":2.0,"enemies":"2 Louse","floor":1.0,"turns":3.0},{"damage":3.0,"enemies":"Jaw Worm","floor":2.0,"turns":3.0},{"damage":0.0,"enemies":"Cultist","floor":3.0,"turns":2.0},{"damage":16.0,"enemies":"Red Slaver","floor":4.0,"turns":3.0},{"damage":13.0,"enemies":"Exordium Wildlife","floor":7.0,"turns":3.0},{"damage":10,"enemies":"Looter","floor":11,"turns":2},{"damage":20,"enemies":"Gremlin Gang","floor":13,"turns":3},{"damage":21,"enemies":"Exordium Wildlife","floor":14,"turns":3},{"damage":65,"enemies":"The Guardian","floor":16,"turns":9}],"seed_played":"-7043084040492896035","potions_obtained":[{"floor":4.0,"key":"Weak Potion"},{"floor":7.0,"key":"hexamod:SoulburnPotion"},{"floor":11,"key":"Fire Potion"},{"floor":13,"key":"Block Potion"}],"is_trial":false,"path_per_floor":["M","M","M","M","?","R","M","?","T","?","M","R","M","M","R","B"],"character_chosen":"IRONCLAD","items_purchased":[],"campfire_rested":1,"item_purchase_floors":[],"current_hp_per_floor":[80,80,80,70,70,70,63,63,63,63,59,59,45,30,54,0,0],"gold":147,"neow_bonus":"TRANSFORM_TWO_CARDS","is_daily":false,"chose_seed":false,"campfire_upgraded":2,"win_rate":0.0,"timestamp":1612057315,"path_taken":["M","M","M","M","?","R","M","?","T","?","M","R","?","M","R","BOSS"],"items_purchased_type":[],"build_version":"2020-12-22","purchased_purges":0,"victory":false,"max_hp_per_floor":[80,80,80,80,80,80,80,80,80,80,80,80,80,80,80,80,80],"card_choices":[{"not_picked":["StuffTheSpire:Incineration","Headbutt"],"picked":"Pommel Strike","floor":1.0},{"not_picked":["Carnage","Run Through","True Grit"],"picked":"SKIP","floor":2.0},{"not_picked":["ReplayTheSpireMod:Strike From Hell","Twin Strike","Warcry"],"picked":"SKIP","floor":3.0},{"not_picked":["Sword Boomerang","Exhume","StuffTheSpire:RagingBull"],"picked":"SKIP","floor":4.0},{"not_picked":["conspire:ExplosiveBarrier","Combust"],"picked":"Uppercut","floor":7.0},{"not_picked":["Clash","Twin Strike","Thunderclap"],"picked":"SKIP","floor":11},{"not_picked":["Spot Weakness","Fire Breathing"],"picked":"Pummel","floor":13},{"not_picked":["Iron Wave","Sword Boomerang","Shrug It Off"],"picked":"SKIP","floor":14},{"not_picked":["Iron Wave","Sword Boomerang"],"picked":"Shrug It Off","floor":14}],"player_experience":946426,"relics_obtained":[],"event_choices":[{"damage_healed":0,"gold_gain":0,"player_choice":"Upgraded","damage_taken":0,"max_hp_gain":0,"max_hp_loss":0,"event_name":"Upgrade Shrine","floor":10,"gold_loss":0,"cards_upgraded":["Double Tap"]}],"is_beta":false,"boss_relics":[],"items_purged_floors":[],"is_endless":false,"potions_floor_spawned":[4,7,11,13],"killed_by":"The Guardian","ascension_level":0}}