{"host":"sav7uxregyirlf69","time":1612099983,"event":{"mods":["AchievementEnabler","BaseMod","Colored Map","DeckTracker","Keyboard Shortcuts","Minty Spire (QoL Compilation)","READ ME - Guardian Mod","StSLib","SuperFastMode"],"gold_per_floor":[110,110,121,133,133,133,133,158,213,232,60,90,90,108,108,182,182,192,117,91,91,109,109,126,126,126,57,91,91,108,141,141,219,219,238,460,470,470,470,470,498,498,549,564,582,602,602,602,602,602,602],"floor_reached":50,"language":"KOR","playtime":944,"items_purged":["Strike_G"],"score":1155,"play_id":"46672171-ea4d-4059-bda9-697af8a60141","local_time":"20210131223303","is_ascension_mode":true,"campfire_choices":[{"data":"Masterful Stab","floor":6,"key":"SMITH"},{"data":"Bouncing Flask","floor":13,"key":"SMITH"},{"data":"Well Laid Plans","floor":15,"key":"SMITH"},{"data":"Catalyst","floor":23,"key":"SMITH"},{"floor":25,"key":"REST"},{"floor":29,"key":"REST"},{"floor":32,"key":"REST"},{"floor":40,"key":"REST"},{"floor":42,"key":"REST"},{"floor":47,"key":"REST"},{"floor":49,"key":"RECALL"}],"circlet_count":0,"master_deck":["AscendersBane","Strike_G","Strike_G","Defend_G","Defend_G","Defend_G","Defend_G","Survivor","Neutralize","Deadly Poison","Poisoned Stab","Masterful Stab+1","Blur","Bouncing Flask+1","Backstab","Blade Dance","Well Laid Plans+1","Adrenaline","Dagger Spray","Catalyst+1","Noxious Fumes+1","Escape Plan","Night Terror","Flash of Steel","Catalyst","Injury"],"relics":["Ring of the Snake","Akabeko","Potion Belt","Bronze Scales","Odd Mushroom","SlaversCollar","The Courier","Blue Candle","Red Mask","Cursed Key","Snake Skull"],"acts_visited":["Exordium","TheCity","TheBeyond"],"potions_floor_usage":[16,24,28,31,33,37,46,48,48,48,50,50],"damage_taken":[{"damage":0,"enemies":"Jaw Worm","floor":1,"turns":5},{"damage":0,"enemies":"Cultist","floor":3,"turns":4},{"damage":0,"enemies":"2 Louse","floor":4,"turns":2},{"damage":19,"enemies":"3 Sentries","floor":8,"turns":9},{"damage":1,"enemies":"Blue Slaver","floor":10,"turns":3},{"damage":8,"enemies":"The Mushroom Lair","floor":12,"turns":3},{"damage":7,"enemies":"Large Slime","floor":14,"turns":4},{"damage":0,"enemies":"Hexaghost","floor":16,"turns":6},{"damage":14,"enemies":"2 Thieves","floor":18,"turns":4},{"damage":9,"enemies":"Spheric Guardian","floor":22,"turns":4},{"damage":26,"enemies":"Centurion and Healer","floor":24,"turns":7},{"damage":2,"enemies":"Book of Stabbing","floor":28,"turns":3},{"damage":13,"enemies":"Snecko","floor":30,"turns":4},{"damage":11,"enemies":"Masked Bandits","floor":31,"turns":3},{"damage":17,"enemies":"Champ","floor":33,"turns":8},{"damage":6,"enemies":"3 Shapes","floor":35,"turns":5},{"damage":45,"enemies":"3 Darklings","floor":37,"turns":5},{"damage":13,"enemies":"Giant Head","floor":41,"turns":3},{"damage":20,"enemies":"Maw","floor":44,"turns":5},{"damage":20,"enemies":"Sphere and 2 Shapes","floor":45,"turns":4},{"damage":7,"enemies":"4 Shapes","floor":46,"turns":6},{"damage":8,"enemies":"Transient","floor":48,"turns":3},{"damage":32,"enemies":"Awakened One","floor":50,"turns":3}],"seed_played":"-4248445781765970850","potions_obtained":[{"floor":3,"key":"DuplicationPotion"},{"floor":4,"key":"Ancient Potion"},{"floor":12,"key":"FairyPotion"},{"floor":18,"key":"EntropicBrew"},{"floor":28,"key":"PowerPotion"},{"floor":31,"key":"FearPotion"},{"floor":44,"key":"Swift Potion"},{"floor":45,"key":"FearPotion"}],"is_trial":false,"path_per_floor":["M","?","M","M","?","R","?","E","T","M","$","?","R","M","R","B",null,"M","?","$","?","M","R","M","R","T","$","E","R","M","?","R","B",null,"M","?","M","?","?","R","E","R","T","M","M","M","R","M","R","B"],"character_chosen":"THE_SILENT","items_purchased":["Backstab","Energy Potion","Dagger Spray","DistilledChaos"],"campfire_rested":6,"item_purchase_floors":[11,11,20,27],"current_hp_per_floor":[59,59,59,59,64,64,57,38,38,37,37,29,29,22,22,22,59,45,45,45,45,36,36,10,31,31,31,29,50,37,26,47,30,61,55,55,10,10,10,31,18,39,39,19,21,14,35,27,27,0,0],"gold":602,"neow_bonus":"RANDOM_COMMON_RELIC","is_daily":false,"chose_seed":false,"campfire_upgraded":4,"win_rate":0.0,"timestamp":1612099983,"path_taken":["M","?","?","M","?","R","?","E","T","M","$","?","R","M","R","BOSS","M","?","$","?","M","R","M","R","T","?","E","R","?","?","R","BOSS","M","?","M","?","?","R","E","R","T","M","?","?","R","M","R","BOSS"],"items_purchased_type":["Card","Potion","Card","Potion"],"build_version":"2020-12-22","purchased_purges":1,"victory":false,"max_hp_per_floor":[66,66,66,66,71,71,71,71,71,71,71,71,71,71,71,71,71,71,71,71,71,71,71,71,71,71,71,71,71,71,71,71,71,71,71,71,71,71,71,71,71,71,71,71,71,71,71,71,71,71,71],"card_choices":[{"not_picked":["Outmaneuver","PiercingWail"],"picked":"Deadly Poison","floor":1},{"not_picked":["Deadly Poison","PiercingWail"],"picked":"Poisoned Stab","floor":3},{"not_picked":["Acrobatics","Quick Slash"],"picked":"Masterful Stab","floor":4},{"not_picked":["Poisoned Stab","PiercingWail"],"picked":"Blur","floor":8},{"not_picked":["Poisoned Stab","Setup"],"picked":"Bouncing Flask","floor":10},{"not_picked":["Quick Slash","Underhanded Strike"],"picked":"Blade Dance","floor":12},{"not_picked":["Sucker Punch","Flying Knee"],"picked":"Well Laid Plans","floor":14},{"not_picked":["A Thousand Cuts","Wraith Form v2"],"picked":"Adrenaline","floor":16},{"not_picked":["Bane","Caltrops","Deflect"],"picked":"SKIP","floor":18},{"not_picked":["Flying Knee","Quick Slash","Blade Dance"],"picked":"SKIP","floor":22},{"not_picked":["Slice","Deadly Poison+1"],"picked":"Noxious Fumes+1","floor":24},{"not_picked":["Doppelganger","Masterful Stab","Caltrops"],"picked":"SKIP","floor":28},{"not_picked":["Endless Agony","Quick Slash"],"picked":"Escape Plan","floor":30},{"not_picked":["Tools of the Trade","Corpse Explosion"],"picked":"Night Terror","floor":33},{"not_picked":["Deadly Poison","Dagger Spray+1","Riddle With Holes"],"picked":"SKIP","floor":35},{"not_picked":["Dagger Throw","Dagger Spray","Backstab+1"],"picked":"SKIP","floor":37},{"not_picked":["Deep Breath","The Bomb"],"picked":"Flash of Steel","floor":38},{"not_picked":["PiercingWail","Dagger Throw"],"picked":"Catalyst","floor":41},{"not_picked":["Noxious Fumes+1","Blade Dance","Dash+1"],"picked":"SKIP","floor":44},{"not_picked":["Outmaneuver+1","Concentrate","Caltrops+1"],"picked":"SKIP","floor":45},{"not_picked":["Cloak And Dagger","Bane","Crippling Poison"],"picked":"SKIP","floor":46}],"player_experience":1446251,"relics_obtained":[{"floor":8,"key":"Potion Belt"},{"floor":9,"key":"Bronze Scales"},{"floor":12,"key":"Odd Mushroom"},{"floor":26,"key":"The Courier"},{"floor":28,"key":"Blue Candle"},{"floor":31,"key":"Red Mask"},{"floor":41,"key":"Snake Skull"}],"event_choices":[{"cards_removed":["Defend_G"],"damage_healed":0,"gold_gain":0,"player_choice":"Purged","damage_taken":0,"max_hp_gain":0,"max_hp_loss":0,"event_name":"Purifier","floor":2,"gold_loss":0},{"damage_healed":0,"gold_gain":0,"player_choice":"Donut","damage_taken":0,"max_hp_gain":5,"max_hp_loss":0,"event_name":"Big Fish","floor":5,"gold_loss":0},{"cards_removed":["Strike_G"],"damage_healed":0,"gold_gain":0,"player_choice":"Card Removal","damage_taken":7,"max_hp_gain":0,"max_hp_loss":0,"event_name":"Golden Wing","floor":7,"gold_loss":0},{"damage_healed":0,"gold_gain":0,"player_choice":"Fought Mushrooms","damage_taken":0,"max_hp_gain":0,"max_hp_loss":0,"event_name":"Mushrooms","floor":12,"gold_loss":0},{"cards_removed":["Strike_G"],"damage_healed":0,"gold_gain":0,"player_choice":"Gave Gold","damage_taken":0,"max_hp_gain":0,"max_hp_loss":0,"event_name":"Beggar","floor":19,"gold_loss":75},{"damage_healed":0,"gold_gain":0,"player_choice":"Read","damage_taken":0,"max_hp_gain":0,"max_hp_loss":0,"event_name":"The Library","floor":21,"gold_loss":0,"cards_obtained":["Catalyst"]},{"damage_healed":0,"gold_gain":0,"player_choice":"Fought Bandits","damage_taken":0,"max_hp_gain":0,"max_hp_loss":0,"event_name":"Masked Bandits","floor":31,"gold_loss":0},{"damage_healed":0,"gold_gain":222,"player_choice":"Wore Mask","damage_taken":0,"max_hp_gain":0,"max_hp_loss":0,"event_name":"Tomb of Lord Red Mask","floor":36,"gold_loss":0},{"damage_healed":0,"gold_gain":0,"player_choice":"Memory 1","damage_taken":0,"max_hp_gain":0,"max_hp_loss":0,"event_name":"SensoryStone","floor":38,"gold_loss":0},{"damage_healed":0,"gold_gain":0,"player_choice":"Ignored","damage_taken":0,"max_hp_gain":0,"max_hp_loss":0,"event_name":"Mysterious Sphere","floor":39,"gold_loss":0}],"is_beta":false,"boss_relics":[{"not_picked":["Tiny House","Black Star"],"picked":"SlaversCollar"},{"not_picked":["Empty Cage","Runic Dome"],"picked":"Cursed Key"}],"items_purged_floors":[11],"is_endless":false,"potions_floor_spawned":[3,4,12,14,18,28,30,31,44,45,48],"killed_by":"Awakened One","ascension_level":20}}