{"host":"dscols65uipasqd2","time":1612067212,"event":{"mods":["2.2 Compatiblity","AchievementEnabler","Aspiration","BaseMod","Colored Powertips","Downfall","Energized Spire","GifTheSpireLib","Hermit","Hubris","Infinite Spire","JesterMod","Jorbs\u0027s Wanderer Trilogy","Magitek Elite","Marisa????????","Minty Spire (QoL Compilation)","Rare Cards Sparkle","Replay The Spire","StSLib","Stuff the Spire","The Cursed","The Disciple","The Hierophant","The Judge","The Jungle","TheFirefly"],"gold_per_floor":[99,99,99,110,128,161,161,195,195,195,227,27,46,80,92,195,195,195,215,215,215,241,251,275,308,208,222,236,236,236,249,249,249,249],"floor_reached":32,"language":"ENG","playtime":1728,"items_purged":[],"score":302,"play_id":"3f98c394-8860-4e8f-a1a1-512b9be7e4da","local_time":"20210130232652","is_ascension_mode":true,"campfire_choices":[{"floor":1,"key":"RECALL"},{"floor":9,"key":"REST"},{"floor":12,"key":"REST"},{"data":"bronze:Verify","floor":18,"key":"SMITH"},{"floor":26,"key":"REST"},{"floor":30,"key":"REST"}],"circlet_count":0,"master_deck":["bronze:Strike","bronze:Strike","bronze:Strike","bronze:Strike","bronze:Defend","bronze:Defend","bronze:Defend","bronze:Defend","bronze:Replicate","bronze:Goto","bronze:InfiniteLoop","bronze:ClassDefault","bronze:Frontload","bronze:InfiniteBeams","bronze:Shell","Parasite","bronze:Verify+1","bronze:ForceShield","bronze:Deprecate","bronze:Backtrace","bronze:HardenedForm","bronze:Optimize","StuffTheSpire:DeathNote+1","bronze:Iterate","bronze:BitShift","bronze:FineTuning","bronze:Constructor+1","Pain","bronze:Fortify"],"relics":["bronze:BronzeCore","bronze:BottledCode","infinitespire:Satchel","Quantum Egg","Tiny Chest","Sundial","downfall:HeartBlessingRed","downfall:HeartBlessingGreen","StuffTheSpire:Gunfinga","aspiration:SecretTechniqueScroll","Pet Ghost","infinitespire:EmpoweringShard","downfall:HeartBlessingBlue","WarpedTongs"],"acts_visited":["Exordium","TheCity"],"potions_floor_usage":[6,11,11,16,16,16,27],"damage_taken":[{"damage":1,"enemies":"Jaw Worm","floor":4,"turns":3},{"damage":0,"enemies":"Small Slimes","floor":5,"turns":2},{"damage":14,"enemies":"3 Sentries","floor":6,"turns":7},{"damage":36,"enemies":"Lagavulin","floor":8,"turns":5},{"damage":20,"enemies":"3 Sentries","floor":11,"turns":6},{"damage":0,"enemies":"Cultist","floor":13,"turns":3},{"damage":23,"enemies":"Lagavulin","floor":14,"turns":6},{"damage":0,"enemies":"3 Louse","floor":15,"turns":3},{"damage":3,"enemies":"WA_ARCHETYPE_RETAIN","floor":16,"turns":6},{"damage":13,"enemies":"Spheric Guardian","floor":19,"turns":6},{"damage":10,"enemies":"3 Byrds","floor":23,"turns":4},{"damage":12,"enemies":"Gremlin Leader","floor":25,"turns":6},{"damage":6,"enemies":"Centurion and Healer","floor":27,"turns":4},{"damage":11,"enemies":"Shelled Parasite and Fungi","floor":28,"turns":4},{"damage":34,"enemies":"Snake Plant","floor":31,"turns":3},{"damage":6,"enemies":"Centurion and Healer","floor":32,"turns":1}],"seed_played":"-6801441272899322756","potions_obtained":[{"floor":3,"key":"EssenceOfSteel"},{"floor":3,"key":"SteroidPotion"},{"floor":3,"key":"champ:CounterPotion"},{"floor":4,"key":"Venom Potion"},{"floor":8,"key":"Weak Potion"},{"floor":11,"key":"FearPotion"},{"floor":14,"key":"Reflective Coating"},{"floor":25,"key":"ColorlessPotion"}],"is_trial":false,"path_per_floor":["R","?","?","M","M","E","T","E","R","?","E","R","M","E","M","B",null,"R","M","?","?","T","M","T","E","R","M","M","?","R","M","M"],"character_chosen":"THE_AUTOMATON","items_purchased":[],"campfire_rested":4,"item_purchase_floors":[],"current_hp_per_floor":[70,60,60,59,59,45,45,9,27,42,22,40,40,17,17,14,60,60,47,27,27,27,17,17,5,36,30,19,19,40,6,0,0,0],"gold":249,"neow_bonus":"ONE_RANDOM_RARE_CARD","is_daily":false,"chose_seed":false,"campfire_upgraded":1,"win_rate":0.0,"timestamp":1612067212,"path_taken":["R","?","?","?","M","E","T","E","R","?","E","R","M","E","M","BOSS","R","M","?","?","?","M","T","E","R","?","M","?","R","?","M"],"items_purchased_type":[],"build_version":"2020-12-22","purchased_purges":0,"victory":false,"max_hp_per_floor":[70,60,60,60,60,60,60,60,60,60,60,60,60,60,60,60,60,60,60,60,60,60,60,60,60,70,70,70,70,70,70,70,70,70],"card_choices":[{"not_picked":["bronze:BugBarrage","bronze:OilSpill"],"picked":"bronze:ClassDefault","floor":4},{"not_picked":["bronze:CutThrough","bronze:ForceShield"],"picked":"bronze:Frontload","floor":5},{"not_picked":["bronze:Branch","bronze:CutThrough"],"picked":"bronze:InfiniteBeams","floor":6},{"not_picked":["bronze:BugBarrage","bronze:BronzeOrb"],"picked":"bronze:Shell","floor":8},{"not_picked":["bronze:Separator","bronze:BronzeArmor"],"picked":"bronze:Verify","floor":11},{"not_picked":["bronze:BugBarrage","bronze:InfiniteBeams"],"picked":"bronze:ForceShield","floor":13},{"not_picked":["bronze:Repulsor","bronze:Flail"],"picked":"bronze:Deprecate","floor":14},{"not_picked":["bronze:Boost","bronze:WildBeam"],"picked":"bronze:Backtrace","floor":15},{"not_picked":["bronze:SpaghettiCode","bronze:Virus"],"picked":"bronze:HardenedForm","floor":16},{"not_picked":["bronze:WhirlingStrike+1","bronze:Safeguard"],"picked":"bronze:Optimize","floor":19},{"not_picked":["bronze:Shield","bronze:ForceShield"],"picked":"bronze:Iterate","floor":23},{"not_picked":["bronze:WildBeam","bronze:Overheat"],"picked":"bronze:BitShift","floor":25},{"not_picked":["bronze:Invalidate","bronze:Terminator"],"picked":"bronze:FineTuning","floor":27},{"not_picked":["bronze:Repulsor+1","bronze:ClassDefault+1"],"picked":"bronze:Constructor+1","floor":28},{"not_picked":["bronze:Overheat","bronze:BugBarrage"],"picked":"bronze:Fortify","floor":31}],"player_experience":513003,"relics_obtained":[{"floor":6,"key":"infinitespire:Satchel"},{"floor":7,"key":"Quantum Egg"},{"floor":8,"key":"Tiny Chest"},{"floor":11,"key":"Sundial"},{"floor":14,"key":"StuffTheSpire:Gunfinga"},{"floor":24,"key":"Pet Ghost"},{"floor":25,"key":"infinitespire:EmpoweringShard"}],"event_choices":[{"damage_healed":0,"gold_gain":0,"player_choice":"Got Potions","damage_taken":0,"max_hp_gain":0,"max_hp_loss":0,"event_name":"Lab","floor":3,"gold_loss":0},{"damage_healed":15,"gold_gain":0,"player_choice":"Healed and dodged fight","damage_taken":0,"max_hp_gain":0,"max_hp_loss":0,"event_name":"Mushrooms","floor":10,"gold_loss":0,"cards_obtained":["Parasite"]}],"is_beta":false,"boss_relics":[{"not_picked":["Abe\u0027s Treasure","StuffTheSpire:ModemDavis"],"picked":"aspiration:SecretTechniqueScroll"}],"items_purged_floors":[],"is_endless":false,"potions_floor_spawned":[4,8,11,14,25],"killed_by":"Centurion and Healer","ascension_level":1}}