{"host":"7gewg82ormp6yt4e","time":1612101209,"event":{"mods":["BaseMod","Block Reminder","Colored Map","DeckTracker","Highlight Path","Minty Spire (QoL Compilation)","Relic Stats","StSLib","ojb\u0027s Info Mod"],"gold_per_floor":[114,114,389,406,45,45,56,56,80,80,109,123,398,426,426,501,501,541,541,10,10,72,72,15,70,94,94,94,123,137,182,182,253,253,293,141,183,183,16,16,47,47,47,103,145,189,86,142,142,172,172,172,172,3,35,35,35],"floor_reached":56,"language":"JPN","playtime":4645,"items_purged":["Regret","Strike_P","Defend_P"],"score":2079,"play_id":"fb209522-26ba-49ab-a456-2fd424455918","local_time":"20210131225329","is_ascension_mode":true,"campfire_choices":[{"data":"Eruption","floor":6.0,"key":"SMITH"},{"data":"BowlingBash","floor":8.0,"key":"SMITH"},{"data":"FlyingSleeves","floor":10.0,"key":"SMITH"},{"data":"WaveOfTheHand","floor":15.0,"key":"SMITH"},{"floor":23.0,"key":"REST"},{"data":"Tantrum","floor":28.0,"key":"SMITH"},{"data":"CrushJoints","floor":32.0,"key":"SMITH"},{"data":"1","floor":40.0,"key":"LIFT"},{"floor":42.0,"key":"RECALL"},{"data":"2","floor":49.0,"key":"LIFT"},{"data":"3","floor":53.0,"key":"LIFT"}],"circlet_count":0,"master_deck":["AscendersBane","Strike_P+1","Defend_P+1","Eruption+1","Vigilance+1","Prostrate+1","InnerPeace+1","BowlingBash+1","Pray+1","FlyingSleeves+1","WaveOfTheHand+1","Wish+1","DeusExMachina+1","LessonLearned+1","Worship+1","Sanctity+1","Prostrate+1","Secret Technique+1","Meditate+1","CarveReality+1","ClearTheMind+1","EmptyFist+1","Tantrum+1","Prostrate+1","CrushJoints+1","ForeignInfluence+1","Establishment+1","CrushJoints+1","Consecrate+1","InnerPeace+1","Vault+1","BattleHymn+1","ThirdEye+1","Dark Shackles+1"],"relics":["Busted Crown","Membership Card","Toy Ornithopter","Orichalcum","Omamori","Toxic Egg 2","Astrolabe","Bag of Preparation","Potion Belt","Damaru","Red Mask","Lantern","TeardropLocket","Calling Bell","Regal Pillow","Molten Egg 2","Girya","Kunai","Boot","Eternal Feather","Anchor","Mercury Hourglass","Gremlin Horn","Strawberry","Oddly Smooth Stone","Centennial Puzzle"],"acts_visited":["Exordium","TheCity","TheBeyond","TheEnding"],"potions_floor_usage":[56,56,56],"damage_taken":[{"damage":0.0,"enemies":"Cultist","floor":1.0,"turns":3.0},{"damage":3.0,"enemies":"Jaw Worm","floor":4.0,"turns":6.0},{"damage":0.0,"enemies":"2 Louse","floor":7.0,"turns":2.0},{"damage":6.0,"enemies":"3 Sentries","floor":11.0,"turns":3.0},{"damage":5.0,"enemies":"Red Slaver","floor":12.0,"turns":3.0},{"damage":4.0,"enemies":"Gremlin Nob","floor":14.0,"turns":3.0},{"damage":43.0,"enemies":"Hexaghost","floor":16.0,"turns":11.0},{"damage":13.0,"enemies":"2 Thieves","floor":18.0,"turns":2.0},{"damage":0.0,"enemies":"Masked Bandits","floor":22.0,"turns":2.0},{"damage":9.0,"enemies":"Slavers","floor":25.0,"turns":3.0},{"damage":0.0,"enemies":"Gremlin Leader","floor":29.0,"turns":2.0},{"damage":7.0,"enemies":"Shell Parasite","floor":30.0,"turns":3.0},{"damage":1.0,"enemies":"Shelled Parasite and Fungi","floor":31.0,"turns":2.0},{"damage":9.0,"enemies":"Champ","floor":33.0,"turns":5.0},{"damage":0.0,"enemies":"3 Shapes","floor":35.0,"turns":3.0},{"damage":0.0,"enemies":"Orb Walker","floor":37.0,"turns":2.0},{"damage":3.0,"enemies":"Giant Head","floor":41.0,"turns":4.0},{"damage":1.0,"enemies":"Nemesis","floor":44.0,"turns":3.0},{"damage":0.0,"enemies":"Sphere and 2 Shapes","floor":45.0,"turns":3.0},{"damage":0.0,"enemies":"3 Darklings","floor":46.0,"turns":2.0},{"damage":1.0,"enemies":"Giant Head","floor":48.0,"turns":5.0},{"damage":18.0,"enemies":"Donu and Deca","floor":50.0,"turns":5.0},{"damage":22.0,"enemies":"Awakened One","floor":51.0,"turns":6.0},{"damage":30.0,"enemies":"Shield and Spear","floor":55.0,"turns":4.0},{"damage":65,"enemies":"The Heart","floor":56,"turns":5}],"seed_played":"70485210294086535","potions_obtained":[{"floor":4.0,"key":"LiquidMemories"},{"floor":7.0,"key":"Explosive Potion"},{"floor":12.0,"key":"ColorlessPotion"},{"floor":14.0,"key":"SneckoOil"},{"floor":16.0,"key":"Regen Potion"},{"floor":22.0,"key":"AttackPotion"},{"floor":25.0,"key":"Block Potion"},{"floor":31.0,"key":"SpeedPotion"},{"floor":33.0,"key":"SneckoOil"},{"floor":41.0,"key":"Energy Potion"},{"floor":46.0,"key":"Fire Potion"},{"floor":48.0,"key":"Strength Potion"}],"is_trial":false,"path_per_floor":["M","?","?","M","$","R","M","R","T","R","E","M","?","E","R","B",null,"M","T","$","?","?","R","$","E","T","?","R","E","M","M","R","B",null,"M","$","M","?","$","R","E","R","T","E","M","M","$","E","R","B","B",null,"R","$","E","B"],"character_chosen":"WATCHER","items_purchased":["Membership Card","BowlingBash","Toy Ornithopter","Pray","SteroidPotion","Potion Belt","Damaru","Secret Technique+1","Meditate+1","Fire Potion","LiquidMemories","PowerPotion","CarveReality","ClearTheMind+1","Tantrum","Prostrate+1","Kunai","Consecrate+1","Eternal Feather","Strength Potion","LiquidBronze","Dark Shackles+1","LiquidMemories","Oddly Smooth Stone"],"campfire_rested":1,"item_purchase_floors":[5,5,5,5,5,20,20,20,20,20,20,20,20,20,24,24,36,36,39,39,47,54,54,54],"current_hp_per_floor":[61,54,54,51,51,51,51,51,51,51,50,45,45,46,46,3,52,54,54,54,35,35,56,56,57,57,57,57,62,55,54,54,45,66,66,66,71,71,71,73,73,73,73,72,72,72,72,78,80,62,40,70,80,80,50,0,0],"gold":35,"neow_bonus":"BOSS_RELIC","is_daily":false,"chose_seed":false,"campfire_upgraded":6,"win_rate":0.0,"timestamp":1612101209,"path_taken":["M","?","?","M","$","R","?","R","T","R","E","M","?","E","R","BOSS","M","?","$","?","?","R","?","E","T","?","R","E","M","M","R","BOSS","M","$","M","?","$","R","E","R","T","E","M","?","$","E","R","BOSS","BOSS","R","$","E","BOSS"],"items_purchased_type":["Relic","Card","Relic","Card","Potion","Relic","Relic","Card","Card","Potion","Potion","Potion","Card","Card","Card","Card","Relic","Card","Relic","Potion","Potion","Card","Potion","Relic"],"build_version":"2020-12-22","purchased_purges":3,"victory":false,"max_hp_per_floor":[68,68,68,68,68,68,68,68,68,68,68,68,68,68,68,68,68,68,68,68,73,73,73,73,73,73,73,73,73,73,73,73,73,73,73,73,73,73,73,73,73,73,73,73,73,73,73,80,80,80,80,80,80,80,80,80,80],"relic_stats":{"Regal Pillow":0,"Gremlin Horn":[9,9],"counters":[25,92],"Astrolabe":["LessonLearned","Worship","Sanctity"],"Eternal Feather":14,"Bag of Preparation":[40],"Orichalcum":[90],"Boot":[5],"Mercury Hourglass":[121],"Centennial Puzzle":[2],"Busted Crown":46,"Kunai":[21],"obtain_stats":[{"Lantern":25,"Regal Pillow":34,"Gremlin Horn":44,"Bag of Preparation":19,"TeardropLocket":29,"Boot":38,"Centennial Puzzle":55,"Strawberry":48,"Red Mask":22,"Kunai":36,"Toxic Egg 2":14,"Potion Belt":20,"Girya":34,"Astrolabe":17,"Damaru":20,"Oddly Smooth Stone":54,"Eternal Feather":39,"Omamori":11,"Orichalcum":9,"Mercury Hourglass":43,"Calling Bell":34,"Anchor":41,"Busted Crown":0,"Molten Egg 2":34,"Membership Card":5,"PureWater":0,"Toy Ornithopter":5},{"Lantern":10,"Regal Pillow":14,"Gremlin Horn":18,"Bag of Preparation":8,"TeardropLocket":11,"Boot":16,"Centennial Puzzle":24,"Strawberry":21,"Red Mask":9,"Kunai":15,"Toxic Egg 2":6,"Potion Belt":8,"Girya":14,"Astrolabe":7,"Damaru":8,"Oddly Smooth Stone":23,"Eternal Feather":16,"Omamori":4,"Orichalcum":3,"Mercury Hourglass":17,"Calling Bell":14,"Anchor":17,"Busted Crown":0,"Molten Egg 2":14,"Membership Card":2,"PureWater":0,"Toy Ornithopter":2},{"Lantern":38,"Regal Pillow":50,"Gremlin Horn":62,"Bag of Preparation":33,"TeardropLocket":40,"Boot":55,"Centennial Puzzle":87,"Strawberry":72,"Red Mask":35,"Kunai":53,"Toxic Egg 2":20,"Potion Belt":33,"Girya":50,"Astrolabe":31,"Damaru":33,"Oddly Smooth Stone":83,"Eternal Feather":55,"Omamori":14,"Orichalcum":11,"Mercury Hourglass":59,"Calling Bell":50,"Anchor":59,"Busted Crown":0,"Molten Egg 2":50,"Membership Card":9,"PureWater":0,"Toy Ornithopter":9}],"Toy Ornithopter":58},"card_choices":[{"not_picked":[],"picked":"Prostrate","floor":1.0},{"not_picked":[],"picked":"InnerPeace","floor":4.0},{"not_picked":[],"picked":"FlyingSleeves","floor":7.0},{"not_picked":["Weave"],"picked":"SKIP","floor":11.0},{"not_picked":[],"picked":"WaveOfTheHand","floor":12.0},{"not_picked":[],"picked":"Wish+1","floor":14.0},{"not_picked":[],"picked":"DeusExMachina+1","floor":16.0},{"not_picked":[],"picked":"Prostrate+1","floor":18.0},{"not_picked":[],"picked":"EmptyFist+1","floor":22.0},{"not_picked":["SashWhip"],"picked":"SKIP","floor":25.0},{"not_picked":["SashWhip"],"picked":"SKIP","floor":25.0},{"not_picked":["SashWhip"],"picked":"SKIP","floor":25.0},{"not_picked":[],"picked":"CrushJoints","floor":29.0},{"not_picked":[],"picked":"ForeignInfluence+1","floor":30.0},{"not_picked":["FollowUp"],"picked":"SKIP","floor":31.0},{"not_picked":[],"picked":"Establishment","floor":33.0},{"not_picked":[],"picked":"CrushJoints+1","floor":35.0},{"not_picked":[],"picked":"InnerPeace+1","floor":37.0},{"not_picked":["Crescendo+1"],"picked":"SKIP","floor":41.0},{"not_picked":[],"picked":"Vault+1","floor":44.0},{"not_picked":[],"picked":"BattleHymn","floor":45.0},{"not_picked":[],"picked":"ThirdEye+1","floor":46.0},{"not_picked":["Consecrate+1"],"picked":"SKIP","floor":48.0},{"not_picked":["EmptyFist+1"],"picked":"SKIP","floor":55.0}],"player_experience":2730436,"relics_obtained":[{"floor":9.0,"key":"Orichalcum"},{"floor":11.0,"key":"Omamori"},{"floor":14.0,"key":"Toxic Egg 2"},{"floor":19.0,"key":"Bag of Preparation"},{"floor":22.0,"key":"Red Mask"},{"floor":25.0,"key":"Lantern"},{"floor":29.0,"key":"TeardropLocket"},{"floor":34.0,"key":"Regal Pillow"},{"floor":34.0,"key":"Molten Egg 2"},{"floor":34.0,"key":"Girya"},{"floor":41.0,"key":"Anchor"},{"floor":43.0,"key":"Mercury Hourglass"},{"floor":44.0,"key":"Gremlin Horn"},{"floor":48.0,"key":"Strawberry"},{"floor":55.0,"key":"Centennial Puzzle"}],"event_choices":[{"cards_removed":["Strike_P"],"damage_healed":0.0,"max_hp_gain":0.0,"max_hp_loss":0.0,"gold_gain":0.0,"event_name":"Golden Wing","player_choice":"Card Removal","floor":2.0,"gold_loss":0.0,"damage_taken":7.0},{"damage_healed":0.0,"max_hp_gain":0.0,"max_hp_loss":0.0,"gold_gain":275.0,"event_name":"Golden Shrine","player_choice":"Desecrate","floor":3.0,"gold_loss":0.0,"damage_taken":0.0,"cards_obtained":["Regret"]},{"damage_healed":0.0,"max_hp_gain":0.0,"max_hp_loss":0.0,"gold_gain":275.0,"event_name":"Golden Shrine","player_choice":"Desecrate","floor":13.0,"gold_loss":0.0,"damage_taken":0.0,"cards_obtained":["Regret"]},{"damage_healed":0.0,"max_hp_gain":5.0,"max_hp_loss":0.0,"gold_gain":0.0,"event_name":"Forgotten Altar","player_choice":"Shed Blood","floor":21.0,"gold_loss":0.0,"damage_taken":24.0},{"damage_healed":0.0,"max_hp_gain":0.0,"max_hp_loss":0.0,"gold_gain":0.0,"event_name":"Masked Bandits","player_choice":"Fought Bandits","floor":22.0,"gold_loss":0.0,"damage_taken":0.0},{"damage_healed":0.0,"max_hp_gain":0.0,"max_hp_loss":0.0,"gold_gain":0.0,"event_name":"Vampires","player_choice":"Ignored","floor":27.0,"gold_loss":0.0,"damage_taken":0.0},{"damage_healed":0.0,"max_hp_gain":0.0,"max_hp_loss":0.0,"gold_gain":0.0,"event_name":"WeMeetAgain","player_choice":"Gave Potion","floor":38.0,"gold_loss":0.0,"damage_taken":0.0,"relics_obtained":["Boot"]}],"is_beta":false,"boss_relics":[{"not_picked":["Sozu","VioletLotus"],"picked":"Astrolabe"},{"not_picked":["Tiny House","SacredBark"],"picked":"Calling Bell"}],"items_purged_floors":[5,20,47],"is_endless":false,"potions_floor_spawned":[4,7,12,14,16,22,25,31,33,41,46,48],"killed_by":"The Heart","ascension_level":20}}