{"host":"nyffms3wv8okr3l3","time":1612129272,"event":{"mods":["Astrologer","Bard","BaseMod","Beaked The Cultist","Bestiary","BetterRewards","Colored Powertips","Downfall","Fiend Mod","Gremlin Mod","Hermit","Hubris","Hunter ??","Infinite Spire","Marisa????????","Minty Spire (QoL Compilation)","Replay The Spire","StSLib","Synergy Search","The Forsaken"],"gold_per_floor":[119,119,119,138,112,147,96,108,162,162,180,194,206,206,206,206,206],"floor_reached":16,"language":"ENG","playtime":803,"items_purged":[],"score":127,"play_id":"ff6020c1-2f86-4e8f-a7b8-b9d0c735e518","local_time":"20210131194112","is_ascension_mode":false,"campfire_choices":[{"data":"hermit:Snapshot","floor":10,"key":"SMITH"},{"data":"hermit:WideOpen","floor":10,"key":"SMITH"},{"floor":15,"key":"REST"}],"circlet_count":0,"master_deck":["hermit:Strike_Hermit","hermit:Strike_Hermit","hermit:Strike_Hermit","hermit:Strike_Hermit","hermit:Defend_Hermit","hermit:Defend_Hermit","hermit:Defend_Hermit","hermit:Defend_Hermit","hermit:Snapshot+1","hermit:Covet","hermit:WideOpen+1","Gremlin:Pretaliation","hermit:Quickdraw","hermit:Purgatory","hermit:Glare","hermit:Headshot","hermit:Snipe","hermit:Determination","hermit:Horror"],"relics":["hermit:Momento","NeowsBlessing","hubris:Icosahedron","hubris:DisguiseKit","Replay:Arrowhead","Anchor"],"acts_visited":["Exordium"],"potions_floor_usage":[16],"damage_taken":[{"damage":0,"enemies":"Cultist","floor":1,"turns":1},{"damage":0,"enemies":"Jaw Worm","floor":4,"turns":1},{"damage":0,"enemies":"Gremlin Nob","floor":6,"turns":1},{"damage":2,"enemies":"Small Slimes","floor":8,"turns":3},{"damage":20,"enemies":"2 Fungi Beasts","floor":11,"turns":1},{"damage":5,"enemies":"3 Louse","floor":12,"turns":3},{"damage":0,"enemies":"Large Slime","floor":13,"turns":4},{"damage":82,"enemies":"Fading Forest","floor":16,"turns":11}],"seed_played":"1238543296486873738","potions_obtained":[{"floor":1,"key":"ColorlessPotion"},{"floor":12,"key":"Strength Potion"},{"floor":13,"key":"Energy Potion"}],"is_trial":false,"path_per_floor":["M","?","?","M","$","E","$","M","T","R","M","M","M","?","R","B"],"character_chosen":"HERMIT","items_purchased":["hermit:Quickdraw","hermit:Glare"],"campfire_rested":1,"item_purchase_floors":[5,7],"current_hp_per_floor":[75,75,75,75,75,75,75,73,73,73,53,48,48,48,70,0,0],"gold":206,"neow_bonus":"THREE_ENEMY_KILL","is_daily":false,"chose_seed":false,"campfire_upgraded":2,"win_rate":0.0,"timestamp":1612129272,"path_taken":["M","?","?","M","?","E","$","M","T","R","M","M","M","?","R","BOSS"],"items_purchased_type":["Card","Card"],"build_version":"2020-12-22","purchased_purges":0,"victory":false,"max_hp_per_floor":[75,75,75,75,75,75,75,75,75,75,75,75,75,75,75,75,75],"card_choices":[{"not_picked":["hermit:Feint","hermit:FullyLoaded"],"picked":"hermit:WideOpen","floor":1},{"not_picked":["hermit:Dive","hermit:Midnight","hermit:LowProfile"],"picked":"Gremlin:Pretaliation","floor":4},{"not_picked":["hermit:PistolWhip","hermit:Roulette","Gremlin:Astound"],"picked":"hermit:Purgatory","floor":6},{"not_picked":["hermit:Coalescence","hermit:Roulette","Gremlin:GlitterGuard"],"picked":"hermit:Headshot","floor":8},{"not_picked":["hermit:Maintenance","hermit:Misfire","Gremlin:Tadah"],"picked":"hermit:Snipe","floor":11},{"not_picked":["hermit:Cheat","hermit:LuckOfTheDraw","Gremlin:Revel"],"picked":"hermit:Determination","floor":12},{"not_picked":["hermit:ShadowCloak","hermit:Headshot","Gremlin:Flurry"],"picked":"hermit:Horror","floor":13}],"player_experience":54098,"relics_obtained":[{"floor":6,"key":"Replay:Arrowhead"},{"floor":9,"key":"Anchor"}],"event_choices":[{"damage_healed":0,"gold_gain":0,"player_choice":"Searched \u00271\u0027 times","damage_taken":0,"max_hp_gain":0,"max_hp_loss":0,"event_name":"Dead Adventurer","floor":14,"gold_loss":0}],"is_beta":false,"boss_relics":[],"items_purged_floors":[],"is_endless":false,"potions_floor_spawned":[1,12,13],"killed_by":"Fading Forest","ascension_level":0}}