{"host":"5gzbaq21mzbu77pn","time":1612068103,"event":{"mods":["2.2 Compatiblity","Aspiration","Bard","Bartender","BaseMod","Beaked The Cultist","BetterRewards","Colored Powertips","Conspire","Downfall","Energized Spire","GifTheSpireLib","Gold Saver","Gremlin Mod","GungeonMod","Hubris","Infinite Spire","Koishi","Magitek Elite","Minty Spire (QoL Compilation)","Quick Restart","Replay The Spire","Shop Mod","StSLib","Stuff the Spire","Synergy Search","The Blackbeard","The Clintock","The Cursed","The Disciple","The Hayseed","The Poker Player","The Saiyan","The Senshi","TheBandit"],"gold_per_floor":[211,223,235,245,262,262,262,279,279,290,290,290,290,319,329,426,426,426,445,460,460,460,460,486,496,526,426,446,431,431,446,466,570,570,570,570,570,570],"floor_reached":36,"language":"ENG","playtime":3579,"items_purged":[],"score":411,"play_id":"2953f21f-4c2d-43a2-96bd-619fc8674c6f","local_time":"20210131054143","is_ascension_mode":false,"campfire_choices":[{"data":"bronze:HardenedForm","floor":1,"key":"SMITH"},{"data":"bronze:Repair","floor":6,"key":"SMITH"},{"data":"bronze:DarkDash","floor":9,"key":"SMITH"},{"data":"bronze:Branch","floor":11,"key":"SMITH"},{"data":"bronze:Goto","floor":13,"key":"SMITH"},{"data":"bronze:HardenedForm","floor":18,"key":"SMITH"},{"floor":27,"key":"REST"},{"floor":35,"key":"DIG"}],"circlet_count":0,"master_deck":["bronze:Strike","bronze:Strike","bronze:Strike","bronze:Defend","bronze:Defend","bronze:Defend","bronze:Replicate","bronze:Goto+1","bronze:HardenedForm+1","bronze:DarkDash+1","bronze:Branch+1","bronze:Repair+1","bronze:BitShift","bronze:Branch+1","bronze:Return","bronze:WhirlingStrike","bronze:HardenedForm+1","bronze:MaxOutput","bronze:DigitalCarnage","infinitespire:NeuralNetwork","hubris:Fate","bronze:BronzeOrb","bronze:Shell+1","bronze:Repulsor+1","bronze:FollowUp","bronze:DarkDash+1","bronze:Turbo","bronze:DelayedSlice","bronze:CleanCode"],"relics":["bronze:BronzeCore","infinitespire:Beetle Shell","Garlic","Empty Cage","Choco_Feather","Vajra","Ancient Tea Set","downfall:HeartBlessingGreen","DemoMod:OrangeGuonStone"],"acts_visited":["Exordium","TheCity","TheBeyond"],"potions_floor_usage":[4,14,14,26,33,33,33],"damage_taken":[{"damage":2,"enemies":"2 Louse","floor":2,"turns":4},{"damage":1,"enemies":"Jaw Worm","floor":3,"turns":4},{"damage":0,"enemies":"Small Slimes","floor":4,"turns":3},{"damage":4,"enemies":"2 Fungi Beasts","floor":5,"turns":4},{"damage":1,"enemies":"Lots of Slimes","floor":8,"turns":5},{"damage":9,"enemies":"Blue Slaver","floor":10,"turns":4},{"damage":0,"enemies":"Lagavulin","floor":14,"turns":5},{"damage":6,"enemies":"Large Slime","floor":15,"turns":6},{"damage":28,"enemies":"SI_SHIV_ARCHETYPE","floor":16,"turns":13},{"damage":6,"enemies":"Shell Parasite","floor":19,"turns":5},{"damage":19,"enemies":"Chosen and Byrds","floor":20,"turns":7},{"damage":0,"enemies":"Cultist and Chosen","floor":25,"turns":5},{"damage":58,"enemies":"Gremlin Leader","floor":26,"turns":11},{"damage":0,"enemies":"Snake Plant","floor":28,"turns":5},{"damage":0,"enemies":"downfall:FleeingMerchant","floor":29,"turns":4},{"damage":7,"enemies":"Centurion and Healer","floor":31,"turns":6},{"damage":0,"enemies":"Chosen and Byrds","floor":32,"turns":6},{"damage":59,"enemies":"IC_MUSHROOM_ARCHETYPE","floor":33,"turns":7},{"damage":72,"enemies":"2 Orb Walkers","floor":36,"turns":5}],"seed_played":"115102620526633169","potions_obtained":[{"floor":3,"key":"Slimebound:ThreeZeroPotion"},{"floor":4,"key":"SteroidPotion"},{"floor":10,"key":"Dexterity Potion"},{"floor":16,"key":"bronze:CleanCodePotion"},{"floor":20,"key":"infinitespire:BlackPotion"},{"floor":31,"key":"champ:CounterPotion"},{"floor":32,"key":"Dexterity Potion"}],"is_trial":false,"path_per_floor":["R","M","M","M","M","R","T","M","R","M","R","?","R","E","M","B",null,"R","M","M","AVR","?","?","T","M","E","R","M","$","?","M","M","B",null,"R","?"],"character_chosen":"THE_AUTOMATON","items_purchased":[],"campfire_rested":1,"item_purchase_floors":[],"current_hp_per_floor":[70,68,67,67,63,63,63,70,70,70,70,70,70,70,64,44,70,70,66,57,57,57,57,57,67,34,55,65,65,65,63,70,11,70,70,0,0,0],"gold":570,"neow_bonus":"ONE_RANDOM_RARE_CARD","is_daily":false,"chose_seed":false,"campfire_upgraded":6,"win_rate":0.0,"timestamp":1612068103,"path_taken":["R","M","M","M","M","R","T","M","R","M","R","?","R","E","M","BOSS","R","M","M","AVR","?","?","T","M","E","R","M","$","?","?","M","BOSS","R","?"],"items_purchased_type":[],"build_version":"2020-12-22","purchased_purges":0,"victory":false,"max_hp_per_floor":[70,70,70,70,70,70,70,70,70,70,70,70,70,70,70,70,70,70,70,70,70,70,70,70,70,70,70,70,70,70,70,70,70,70,70,70,70,70],"card_choices":[{"not_picked":["bronze:Safeguard","bronze:Shell","bronze:Deprecate"],"picked":"SKIP","floor":2},{"not_picked":["bronze:Backtrace","bronze:WildBeam"],"picked":"bronze:DarkDash","floor":3},{"not_picked":["bronze:BitShift","bronze:Shield"],"picked":"bronze:Branch","floor":4},{"not_picked":["bronze:Frontload","bronze:WildBeam"],"picked":"bronze:Repair","floor":5},{"not_picked":["bronze:Turbo","bronze:Backtrace"],"picked":"bronze:BitShift","floor":8},{"not_picked":["bronze:Invalidate","bronze:Philosophize"],"picked":"bronze:Branch","floor":10},{"not_picked":["bronze:FindAndReplace","bronze:DarkDash"],"picked":"bronze:Return","floor":14},{"not_picked":["bronze:BitShift","bronze:BronzeArmor"],"picked":"bronze:WhirlingStrike","floor":15},{"not_picked":["bronze:RecursiveStrike","bronze:FindAndReplace"],"picked":"bronze:HardenedForm","floor":16},{"not_picked":["bronze:GetLatest+1","bronze:Repair"],"picked":"bronze:MaxOutput","floor":19},{"not_picked":["bronze:MaxOutput","bronze:Frontload+1"],"picked":"bronze:DigitalCarnage","floor":20},{"not_picked":["bronze:BugBarrage","bronze:WildBeam+1"],"picked":"bronze:BronzeOrb","floor":25},{"not_picked":["bronze:Return","bronze:Branch"],"picked":"bronze:Shell+1","floor":26},{"not_picked":["bronze:CutThrough+1","bronze:ItsAFeature"],"picked":"bronze:Repulsor+1","floor":28},{"not_picked":["bronze:DigitalCarnage","bronze:Branch"],"picked":"bronze:FollowUp","floor":29},{"not_picked":["bronze:BronzeOrb+1","bronze:CutThrough"],"picked":"bronze:Turbo","floor":31},{"not_picked":["bronze:Overheat","bronze:Iterate"],"picked":"bronze:DelayedSlice","floor":32},{"not_picked":["bronze:Mutator","bronze:Verify"],"picked":"bronze:CleanCode","floor":33}],"player_experience":898956,"relics_obtained":[{"floor":7,"key":"infinitespire:Beetle Shell"},{"floor":14,"key":"Garlic"},{"floor":24,"key":"Vajra"},{"floor":26,"key":"Ancient Tea Set"},{"floor":35,"key":"DemoMod:OrangeGuonStone"}],"event_choices":[{"damage_healed":0,"gold_gain":0,"player_choice":"Ignored","damage_taken":0,"max_hp_gain":0,"max_hp_loss":0,"event_name":"Vampires","floor":22,"gold_loss":0},{"damage_healed":0,"gold_gain":0,"player_choice":"Fight","damage_taken":0,"max_hp_gain":0,"max_hp_loss":0,"event_name":"Mysterious Sphere","floor":36,"gold_loss":0}],"is_beta":false,"boss_relics":[{"not_picked":["energizedSpire:SpiderWeb","conspire:SlowCooker"],"picked":"Empty Cage"},{"not_picked":["StuffTheSpire:RunicConfusion","aspiration:PoetsPen_weak","hubris:VirtuousBlindfold"]}],"items_purged_floors":[],"is_endless":false,"potions_floor_spawned":[3,4,10,16,20,31,32],"killed_by":"2 Orb Walkers","ascension_level":0}}