{"host":"87mnajev72vv2sjg","time":1612061566,"event":{"mods":["BaseMod","BetterRewards","Colored Map","Curses Come First","Infinite Spire","Minty Spire (QoL Compilation)","Replay The Spire","Shop Mod","StSLib","SuperFastMode","The Bug Knight"],"gold_per_floor":[115,131,145,160,110,110,136,136,162,12,47,47,47,47,47,47,47],"floor_reached":16,"language":"ENG","playtime":859,"items_purged":[],"score":108,"play_id":"8997c2f7-8520-49fb-b458-e65cfa9c7dbb","local_time":"20210130215246","is_ascension_mode":false,"campfire_choices":[{"floor":6,"key":"REST"},{"floor":15,"key":"REST"}],"circlet_count":0,"master_deck":["HollowMod:NailStrikeStart","HollowMod:NailStrikeStart","HollowMod:NailStrikeStart","HollowMod:NailStrikeStart","HollowMod:QuickDashStart","HollowMod:QuickDashStart","HollowMod:QuickDashStart","HollowMod:QuickDashStart","HollowMod:FocusHealStart","HollowMod:PogoStrike","HollowMod:VengefulVoid","HollowMod:GreatSlash","HollowMod:MantisMark+1","HollowMod:PerfectDash","HollowMod:Weaversong"],"relics":["HollowMod:VesselMask","Happy Flower","infinitespire:Satchel","HollowMod:StagPassRelic","Juzu Bracelet","Golden Idol"],"acts_visited":["Exordium"],"potions_floor_usage":[16],"damage_taken":[{"damage":7,"enemies":"2 Louse","floor":1,"turns":3},{"damage":1,"enemies":"Jaw Worm","floor":2,"turns":5},{"damage":19,"enemies":"infinitespire:Voidling","floor":3,"turns":4},{"damage":33,"enemies":"Large Slime","floor":4,"turns":7},{"damage":34,"enemies":"HollowMod:MossKnight","floor":7,"turns":15},{"damage":17,"enemies":"Replay:BlueRogue","floor":11,"turns":5},{"damage":41,"enemies":"The Guardian","floor":16,"turns":12}],"seed_played":"-4488402352147391216","potions_obtained":[{"floor":2,"key":"Death Potion"},{"floor":3,"key":"Elixir"},{"floor":7,"key":"FearPotion"}],"is_trial":false,"path_per_floor":["M","M","M","M","?","R","E","?","T","?","E","$","?","?","R","B"],"character_chosen":"THE_BUGKNIGHT","items_purchased":[],"campfire_rested":2,"item_purchase_floors":[],"current_hp_per_floor":[81,80,61,34,34,58,36,36,36,36,25,25,5,5,29,0,0],"gold":47,"neow_bonus":"TEN_PERCENT_HP_BONUS","is_daily":false,"chose_seed":false,"campfire_upgraded":0,"win_rate":0.0,"timestamp":1612061566,"path_taken":["M","M","M","M","?","R","E","?","T","?","E","?","?","?","R","BOSS"],"items_purchased_type":[],"build_version":"2020-12-22","purchased_purges":0,"victory":false,"max_hp_per_floor":[82,82,82,82,82,82,82,82,82,82,82,82,82,82,82,82,82],"card_choices":[{"not_picked":["HollowMod:DoubleDash","HollowMod:SiblingsSouls"],"picked":"HollowMod:VengefulVoid","floor":1},{"not_picked":["HollowMod:GoodIntentions","HollowMod:ShapeofUnn"],"picked":"HollowMod:GreatSlash","floor":2},{"not_picked":["HollowMod:DreamGate","HollowMod:CycloneSlash"],"picked":"HollowMod:NewGlowingWomb","floor":3},{"not_picked":["HollowMod:ShapeofUnn","HollowMod:DashSlash"],"picked":"HollowMod:MantisMark","floor":4},{"not_picked":["HollowMod:NewLittleFool","HollowMod:FallenFury"],"picked":"HollowMod:PerfectDash","floor":7},{"not_picked":["HollowMod:BaldurShell","HollowMod:SoulSplash"],"picked":"HollowMod:Weaversong","floor":11}],"player_experience":314104,"relics_obtained":[{"floor":7,"key":"Happy Flower"},{"floor":9,"key":"infinitespire:Satchel"},{"floor":11,"key":"Juzu Bracelet"}],"event_choices":[{"cards_removed":["HollowMod:NewGlowingWomb"],"damage_healed":0,"gold_gain":0,"player_choice":"Card Removal","damage_taken":0,"max_hp_gain":0,"max_hp_loss":0,"event_name":"The Cleric","floor":5,"gold_loss":50},{"damage_healed":0,"gold_gain":0,"player_choice":"Grow","damage_taken":0,"max_hp_gain":0,"max_hp_loss":0,"event_name":"Living Wall","floor":8,"gold_loss":0,"cards_upgraded":["HollowMod:MantisMark"]},{"damage_healed":0,"gold_gain":0,"player_choice":"Take Damage","damage_taken":20,"relics_obtained":["Golden Idol"],"max_hp_gain":0,"max_hp_loss":0,"event_name":"Golden Idol","floor":13,"gold_loss":0},{"damage_healed":0,"gold_gain":0,"player_choice":"Ignored","damage_taken":0,"max_hp_gain":0,"max_hp_loss":0,"event_name":"Golden Wing","floor":14,"gold_loss":0}],"is_beta":false,"boss_relics":[],"items_purged_floors":[],"is_endless":false,"potions_floor_spawned":[2,3,7],"killed_by":"The Guardian","ascension_level":0}}