{"host":"d7fiu2yjkssjxoz6","time":1612122642,"event":{"mods":["AchievementEnabler","BaseMod","Duelist Mod","Minty Spire (QoL Compilation)","StSLib"],"gold_per_floor":[145,145,165,176,192,225,242,254,278,278,298,329,329,14,14,91,91,101,80,93,93,106,106,116,116,116,116,128,128,128,128],"floor_reached":30,"language":"ENG","playtime":1770,"items_purged":[],"score":682,"play_id":"f5368356-5416-4a7e-a85a-0c8b935a029c","local_time":"20210131115042","is_ascension_mode":true,"campfire_choices":[{"floor":10,"key":"REST"},{"floor":13,"key":"REST"},{"floor":15,"key":"RECALL"},{"data":"theDuelist:OjamaBlack","floor":23,"key":"SMITH"},{"data":"theDuelist:OrbitalBombardment","floor":27,"key":"SMITH"},{"data":"theDuelist:UndergroundArachnid","floor":29,"key":"SMITH"}],"circlet_count":0,"master_deck":["theDuelist:OjamaCountry","theDuelist:OjamaBlack","theDuelist:OjamaYellow","theDuelist:BigFire","theDuelist:OjamaCountry","theDuelist:ClearKuriboh","theDuelist:OjamaPajama","theDuelist:OjamaYellow","theDuelist:BlockGolem","theDuelist:OjamaBlack+1","theDuelist:DarkFactory","AscendersBane","theDuelist:OjamaGreen","theDuelist:Ojamuscle","theDuelist:PowerGiant","theDuelist:OjamaTrio","theDuelist:OjamaGreen","theDuelist:FlyingSaucer","theDuelist:FlyingSaucer","theDuelist:MillenniumShield","theDuelist:ScrapFactory","theDuelist:RainbowKuriboh","theDuelist:GraniteLoyalist+1","theDuelist:FlyingSaucer","theDuelist:UndergroundArachnid+1","theDuelist:WormApocalypse","theDuelist:OrbitalBombardment+1","Bite","Bite","Bite","Bite","Bite","Injury","theDuelist:GraniteLoyalist"],"relics":["theDuelist:MillenniumPuzzle","theDuelist:CardPoolRelic","theDuelist:CardPoolBasicRelic","theDuelist:BoosterPackPoolRelic","theDuelist:CardPoolAddRelic","theDuelist:CardPoolMinusRelic","theDuelist:CardPoolSaveRelic","theDuelist:CardPoolOptionsRelic","GremlinMask","Ornamental Fan","theDuelist:MillenniumArmor","Bottled Lightning","Cursed Key","Shuriken"],"acts_visited":["Exordium","TheCity"],"potions_floor_usage":[22],"damage_taken":[{"damage":0.0,"enemies":"Cultist","floor":1.0,"turns":4.0},{"damage":9.0,"enemies":"2 Louse","floor":3.0,"turns":2.0},{"damage":8.0,"enemies":"Jaw Worm","floor":4.0,"turns":2.0},{"damage":0.0,"enemies":"Looter","floor":5.0,"turns":3.0},{"damage":17.0,"enemies":"3 Sentries","floor":6.0,"turns":3.0},{"damage":9.0,"enemies":"3 Louse","floor":7.0,"turns":4.0},{"damage":18,"enemies":"Large Slime","floor":8,"turns":2},{"damage":4,"enemies":"Exordium Wildlife","floor":11,"turns":4},{"damage":0,"enemies":"Lagavulin","floor":12,"turns":3},{"damage":0,"enemies":"The Guardian","floor":16,"turns":6},{"damage":0,"enemies":"Spheric Guardian","floor":18,"turns":2},{"damage":6,"enemies":"2 Thieves","floor":19,"turns":4},{"damage":1,"enemies":"Centurion and Healer","floor":20,"turns":4},{"damage":0,"enemies":"Snecko","floor":22,"turns":3},{"damage":0,"enemies":"3 Cultists","floor":24,"turns":4},{"damage":5,"enemies":"Centurion and Healer","floor":28,"turns":3},{"damage":59,"enemies":"Gremlin Leader","floor":30,"turns":2}],"seed_played":"-3538271126006215587","potions_obtained":[{"floor":5.0,"key":"Strength Potion"},{"floor":6.0,"key":"theDuelist:BottledKuriboh"},{"floor":7,"key":"theDuelist:FusionPotion"},{"floor":8,"key":"DistilledChaos"},{"floor":24,"key":"Energy Potion"}],"is_trial":false,"path_per_floor":["M","?","M","M","M","E","M","M","T","R","M","E","R","$","R","B",null,"M","M","M","?","M","R","M","?","T","R","M","R","E"],"character_chosen":"THE_DUELIST","items_purchased":["Bottled Lightning","theDuelist:ScrapFactory"],"campfire_rested":2,"item_purchase_floors":[14,14],"current_hp_per_floor":[70,70,61,53,53,36,27,9,9,32,28,28,51,51,51,51,71,71,65,64,64,64,64,64,53,53,53,51,51,0,0],"gold":128,"neow_bonus":"TEN_PERCENT_HP_BONUS","is_daily":false,"chose_seed":false,"campfire_upgraded":3,"win_rate":0.0,"timestamp":1612122642,"path_taken":["M","?","?","M","M","E","M","M","T","R","?","E","R","$","R","BOSS","M","M","M","?","M","R","M","?","T","R","M","R","E"],"items_purchased_type":["Relic","Card"],"build_version":"2020-12-22","purchased_purges":0,"victory":false,"max_hp_per_floor":[77,77,77,77,77,77,77,77,77,77,77,77,77,77,77,77,77,77,77,77,77,77,77,77,53,53,53,53,53,53,53],"card_choices":[{"not_picked":["theDuelist:HammerShot","theDuelist:AttackTheMoon"],"picked":"theDuelist:PowerGiant","floor":1.0},{"not_picked":["theDuelist:GilfordLegend","theDuelist:EvilswarmHeliotrope","theDuelist:PotGreed","theDuelist:PotAvarice"],"picked":"theDuelist:DarkFactory","floor":3.0},{"not_picked":["theDuelist:OneForOne","theDuelist:GiantSoldierSteel","theDuelist:Cloning","theDuelist:WingedKuribohLv10"],"picked":"theDuelist:BlockGolem","floor":4.0},{"not_picked":["theDuelist:Hinotama","theDuelist:WormApocalypse","theDuelist:SilverApples","theDuelist:WormBarses"],"picked":"theDuelist:FlyingSaucer","floor":5.0},{"not_picked":["theDuelist:AttackTheMoon","theDuelist:LightningRodLord","theDuelist:WingedKuriboh","theDuelist:FuryFire"],"picked":"theDuelist:ClearKuriboh","floor":6.0},{"not_picked":["theDuelist:DarkTinker","theDuelist:OjamaCountry","theDuelist:RainbowFlower","theDuelist:SummonedSkull"],"picked":"theDuelist:OjamaPajama","floor":7},{"not_picked":["theDuelist:Hinotama","theDuelist:Fissure"],"picked":"theDuelist:BigFire","floor":8},{"not_picked":["theDuelist:Hinotama","theDuelist:WormApocalypse","theDuelist:PowerWall","theDuelist:GreenGraveOni"],"picked":"theDuelist:FlyingSaucer","floor":11},{"not_picked":["theDuelist:UltraPolymerization","theDuelist:SlotMachine","theDuelist:PotForbidden","theDuelist:Mathematician"],"picked":"theDuelist:MillenniumShield","floor":12},{"not_picked":["theDuelist:RainbowOverdragon","theDuelist:RainbowKuriboh","theDuelist:RainbowOverdragon"],"picked":"theDuelist:RainbowKuriboh","floor":16},{"not_picked":["theDuelist:GaiaMidNightSun","theDuelist:GauntletWarrior","theDuelist:GilfordLegend","theDuelist:Mudora"],"picked":"theDuelist:GraniteLoyalist+1","floor":18},{"not_picked":["theDuelist:Hinotama","theDuelist:SilverApples","theDuelist:ScrapFactory","theDuelist:SphereKuriboh"],"picked":"theDuelist:FlyingSaucer","floor":19},{"not_picked":["theDuelist:GeneralGantal","theDuelist:MillenniumScorpion","theDuelist:DummyGolem","theDuelist:NaturiaSunflower"],"picked":"theDuelist:UndergroundArachnid","floor":20},{"not_picked":["theDuelist:BigFire","theDuelist:ScrapFactory","theDuelist:PowerWall+1","theDuelist:BigEye"],"picked":"theDuelist:WormApocalypse","floor":22},{"not_picked":["theDuelist:RainbowLife","theDuelist:RainbowGravity","theDuelist:MirrorForce","theDuelist:LightningDarts+1"],"picked":"theDuelist:OrbitalBombardment","floor":24},{"not_picked":["theDuelist:WingedKuriboh","theDuelist:FlameTiger+1","theDuelist:Fissure+1","theDuelist:Mathematician"],"picked":"theDuelist:GraniteLoyalist","floor":28}],"player_experience":344103,"relics_obtained":[{"floor":6.0,"key":"Ornamental Fan"},{"floor":12,"key":"theDuelist:MillenniumArmor"},{"floor":26,"key":"Shuriken"}],"event_choices":[{"damage_healed":0.0,"max_hp_gain":0.0,"max_hp_loss":0.0,"gold_gain":0.0,"event_name":"FaceTrader","player_choice":"Trade","floor":2.0,"gold_loss":0.0,"damage_taken":0.0,"relics_obtained":["GremlinMask"]},{"damage_healed":0,"gold_gain":0,"player_choice":"Ignored","damage_taken":0,"max_hp_gain":0,"max_hp_loss":0,"event_name":"Beggar","floor":21,"gold_loss":0},{"damage_healed":0,"gold_gain":0,"player_choice":"Became a vampire","damage_taken":0,"max_hp_gain":0,"max_hp_loss":24,"event_name":"Vampires","floor":25,"gold_loss":0,"cards_obtained":["Bite","Bite","Bite","Bite","Bite"]}],"is_beta":false,"boss_relics":[{"not_picked":["theDuelist:ElectricKey","Velvet Choker"],"picked":"Cursed Key"}],"items_purged_floors":[],"is_endless":false,"potions_floor_spawned":[5,6,7,8,12,24],"killed_by":"Gremlin Leader","ascension_level":18}}