{"host":"gc0hqzwg2gd3zszy","time":1612078609,"event":{"mods":["BaseMod","DeckTracker","Minty Spire (QoL Compilation)","Relic Stats","SuperFastMode"],"gold_per_floor":[111,261,261,275,275,275,313,337,337,337,353,369,369,369],"floor_reached":13,"language":"KOR","playtime":193,"items_purged":[],"score":220,"play_id":"35a52345-4847-4b36-8d24-9d28f9beae2a","local_time":"20210131163649","is_ascension_mode":true,"campfire_choices":[{"data":"Hello World","floor":6.0,"key":"SMITH"},{"floor":10.0,"key":"REST"}],"circlet_count":0,"master_deck":["AscendersBane","Strike_B","Strike_B","Strike_B","Strike_B","Defend_B","Defend_B","Defend_B","Defend_B","Zap","Dualcast","Gash","Doubt","Hello World+1","Steam Power","Beam Cell","Hologram","Go for the Eyes"],"relics":["Cracked Core","NeowsBlessing","Golden Idol","Bottled Flame","Strawberry"],"acts_visited":["Exordium"],"potions_floor_usage":[12],"damage_taken":[{"damage":0.0,"enemies":"Cultist","floor":1.0,"turns":1.0},{"damage":0.0,"enemies":"2 Louse","floor":4.0,"turns":1.0},{"damage":0.0,"enemies":"3 Sentries","floor":7.0,"turns":1.0},{"damage":7.0,"enemies":"Jaw Worm","floor":8.0,"turns":3.0},{"damage":36.0,"enemies":"Exordium Thugs","floor":11.0,"turns":4.0},{"damage":11,"enemies":"Looter","floor":12,"turns":2},{"damage":19,"enemies":"Gremlin Nob","floor":13,"turns":3}],"seed_played":"1393175685795956940","potions_obtained":[{"floor":7.0,"key":"Explosive Potion"},{"floor":11.0,"key":"Strength Potion"}],"is_trial":false,"path_per_floor":["M","?","?","M","?","R","E","M","T","R","M","M","E"],"character_chosen":"DEFECT","items_purchased":[],"campfire_rested":1,"item_purchase_floors":[],"current_hp_per_floor":[64,64,40,40,30,30,30,23,30,53,17,6,0,0],"gold":369,"neow_bonus":"THREE_ENEMY_KILL","is_daily":false,"chose_seed":false,"campfire_upgraded":1,"win_rate":0.0,"timestamp":1612078609,"path_taken":["M","?","?","M","?","R","E","M","T","R","M","M","E"],"items_purchased_type":[],"build_version":"2020-12-22","purchased_purges":0,"victory":false,"max_hp_per_floor":[71,71,71,71,71,71,71,71,78,78,78,78,78,78],"relic_stats":{"counters":[7,15],"Golden Idol":22,"obtain_stats":[{"Bottled Flame":7,"NeowsBlessing":0,"Golden Idol":3,"Strawberry":9,"Cracked Core":0},{"Bottled Flame":3,"NeowsBlessing":0,"Golden Idol":1,"Strawberry":4,"Cracked Core":0},{"Bottled Flame":3,"NeowsBlessing":0,"Golden Idol":1,"Strawberry":6,"Cracked Core":0}]},"card_choices":[{"not_picked":["Steam Power","Reprogram"],"picked":"Gash","floor":1.0},{"not_picked":["Cold Snap","Barrage"],"picked":"Hello World","floor":4.0},{"not_picked":["Hologram","Coolheaded"],"picked":"Steam Power","floor":7.0},{"not_picked":["Double Energy","Skim"],"picked":"Beam Cell","floor":8.0},{"not_picked":["Conserve Battery","Consume"],"picked":"Hologram","floor":11.0},{"not_picked":["Heatsinks","Redo"],"picked":"Go for the Eyes","floor":12}],"player_experience":1382121,"relics_obtained":[{"floor":7.0,"key":"Bottled Flame"},{"floor":9.0,"key":"Strawberry"}],"event_choices":[{"damage_healed":0.0,"max_hp_gain":0.0,"max_hp_loss":0.0,"gold_gain":150.0,"event_name":"Liars Game","player_choice":"AGREE","floor":2.0,"gold_loss":0.0,"damage_taken":0.0,"cards_obtained":["Doubt"]},{"damage_healed":0.0,"max_hp_gain":0.0,"max_hp_loss":0.0,"gold_gain":0.0,"event_name":"Golden Idol","player_choice":"Take Damage","floor":3.0,"gold_loss":0.0,"damage_taken":24.0,"relics_obtained":["Golden Idol"]},{"damage_healed":0.0,"max_hp_gain":0.0,"max_hp_loss":0.0,"gold_gain":0.0,"event_name":"Wheel of Change","player_choice":"Damaged","floor":5.0,"gold_loss":0.0,"damage_taken":10.0}],"is_beta":false,"boss_relics":[],"items_purged_floors":[],"is_endless":false,"potions_floor_spawned":[7,11],"killed_by":"Gremlin Nob","ascension_level":20}}