{"host":"sz8c8ni79nvzjmmg","time":1612105916,"event":{"mods":["AchievementEnabler","BaseMod","DeckTracker","Keyboard Shortcuts","Minty Spire (QoL Compilation)","SuperFastMode"],"gold_per_floor":[11,29,29,39,52,52,52,66,92,92,107,107,107,122,122,122,122],"floor_reached":16,"language":"KOR","playtime":496,"items_purged":[],"score":188,"play_id":"bb3862e5-6d48-4cdf-b8b3-24202428c9aa","local_time":"20210201001156","is_ascension_mode":true,"campfire_choices":[{"floor":6,"key":"REST"},{"floor":15,"key":"REST"}],"circlet_count":0,"master_deck":["AscendersBane","Strike_G","Strike_G","Strike_G","Strike_G","Strike_G+1","Defend_G","Defend_G","Defend_G","Defend_G","Survivor+1","Neutralize","Grand Finale","Calculated Gamble","Acrobatics","Acrobatics"],"relics":["Ring of the Snake","Regal Pillow","Golden Idol"],"acts_visited":["Exordium"],"potions_floor_usage":[5,8,16],"damage_taken":[{"damage":0.0,"enemies":"2 Louse","floor":1.0,"turns":4.0},{"damage":9.0,"enemies":"Jaw Worm","floor":2.0,"turns":8.0},{"damage":4,"enemies":"Small Slimes","floor":4,"turns":4},{"damage":33,"enemies":"Exordium Wildlife","floor":5,"turns":8},{"damage":13,"enemies":"3 Louse","floor":8,"turns":6},{"damage":0,"enemies":"Blue Slaver","floor":11,"turns":2},{"damage":0,"enemies":"2 Fungi Beasts","floor":14,"turns":2},{"damage":34,"enemies":"Hexaghost","floor":16,"turns":9}],"seed_played":"7010952569278724002","potions_obtained":[{"floor":2.0,"key":"LiquidMemories"},{"floor":4,"key":"SkillPotion"},{"floor":5,"key":"AttackPotion"},{"floor":14,"key":"SpeedPotion"}],"is_trial":false,"path_per_floor":["M","M","?","M","M","R","$","M","T","?","M","?","?","M","R","B"],"character_chosen":"THE_SILENT","items_purchased":[],"campfire_rested":2,"item_purchase_floors":[],"current_hp_per_floor":[59,50,50,46,13,32,32,19,19,19,19,1,1,1,34,0,0],"gold":122,"neow_bonus":"THREE_RARE_CARDS","is_daily":false,"chose_seed":false,"campfire_upgraded":0,"win_rate":0.0,"timestamp":1612105916,"path_taken":["M","M","?","M","M","R","$","M","T","?","M","?","?","M","R","BOSS"],"items_purchased_type":[],"build_version":"2020-12-22","purchased_purges":0,"victory":false,"max_hp_per_floor":[66,66,66,66,66,66,66,66,66,60,60,60,60,60,60,60,60],"card_choices":[{"not_picked":["Phantasmal Killer","Adrenaline"],"picked":"Grand Finale","floor":0.0},{"not_picked":["Bane","Cloak And Dagger","Eviscerate"],"picked":"SKIP","floor":1.0},{"not_picked":["Dodge and Roll","Noxious Fumes"],"picked":"Calculated Gamble","floor":2.0},{"not_picked":["Underhanded Strike","Cloak And Dagger"],"picked":"Acrobatics","floor":4},{"not_picked":["Dodge and Roll","Distraction","Cloak And Dagger"],"picked":"SKIP","floor":5},{"not_picked":["Dagger Spray","Deflect","Flying Knee"],"picked":"SKIP","floor":8},{"not_picked":["Dagger Spray","Outmaneuver","Doppelganger"],"picked":"SKIP","floor":11},{"not_picked":["Poisoned Stab","Bane"],"picked":"Acrobatics","floor":14}],"player_experience":1235583,"relics_obtained":[{"floor":9,"key":"Regal Pillow"}],"event_choices":[{"cards_removed":["Defend_G"],"damage_healed":0,"gold_gain":0,"player_choice":"Forget","damage_taken":0,"max_hp_gain":0,"max_hp_loss":0,"event_name":"Living Wall","floor":3,"gold_loss":0},{"damage_healed":0,"gold_gain":0,"player_choice":"Lose Max HP","damage_taken":0,"relics_obtained":["Golden Idol"],"max_hp_gain":0,"max_hp_loss":6,"event_name":"Golden Idol","floor":10,"gold_loss":0},{"damage_healed":0,"gold_gain":0,"player_choice":"Entered Light","damage_taken":18,"max_hp_gain":0,"max_hp_loss":0,"event_name":"Shining Light","floor":12,"gold_loss":0,"cards_upgraded":["Strike_G","Survivor"]},{"damage_healed":0,"gold_gain":0,"player_choice":"0 cards matched","damage_taken":0,"max_hp_gain":0,"max_hp_loss":0,"event_name":"Match and Keep!","floor":13,"gold_loss":0,"cards_obtained":[]}],"is_beta":false,"boss_relics":[],"items_purged_floors":[],"is_endless":false,"potions_floor_spawned":[2,4,5,14],"killed_by":"Hexaghost","ascension_level":20}}