{"host":"h3ybbam5olp21xet","time":1612125335,"event":{"mods":["BaseMod","BetterRewards","Downfall","Hermit","Hubris","Infinite Spire","Minty Spire (QoL Compilation)","Replay The Spire","StSLib","The Bug Knight","The Cursed"],"gold_per_floor":[119,119,138,86,106,106,136,211,211,228,306,319,319,336,336,431,431,443,463,483,494,21,49,49,49,49,83,102,102,114,134,134,232,232,251,263,313,313,313,313,346,362,439,453,453,471,571,196,196,295,295,302,302,302,300,298,298,307,307,307,307,21,22,22,32,32,123,123,128,128,128,125,132,136,136,136,136,136,147,161,470,470,470,561,561,573,573,573,584,558,602,623,612,612],"floor_reached":93,"language":"ENG","playtime":3973,"items_purged":[],"score":2019,"play_id":"dd8c0127-f39a-418a-bbc4-7b6efcfb629d","local_time":"20210131143535","daily_mods":["Draft","Hoarder","Heirloom"],"is_ascension_mode":false,"campfire_choices":[{"data":"hermit:CalledShot","floor":6,"key":"SMITH"},{"data":"hermit:GoldenBullet","floor":15,"key":"SMITH"},{"floor":25,"key":"REST"},{"floor":29,"key":"REST"},{"floor":32,"key":"REST"},{"data":"infinitespire:Punishment","floor":40,"key":"SMITH"},{"data":"infinitespire:Punishment","floor":49,"key":"SMITH"},{"floor":57,"key":"REST"},{"floor":59,"key":"REST"},{"data":"infinitespire:Punishment","floor":64,"key":"SMITH"},{"floor":66,"key":"DIG"},{"floor":75,"key":"REST"},{"floor":78,"key":"REST"},{"floor":83,"key":"DIG"}],"circlet_count":0,"master_deck":["hermit:CalledShot","hermit:CalledShot","hermit:CalledShot+1","hermit:WideOpen","hermit:WideOpen","hermit:WideOpen","hermit:Dive","hermit:Dive+1","hermit:Dive","hermit:CalledShot","hermit:CalledShot","hermit:CalledShot","hermit:Glare","hermit:Glare","hermit:Glare","hermit:Enervate","hermit:Enervate","hermit:Enervate","hermit:Glare","hermit:Glare","hermit:Glare","hermit:Deadeye","hermit:Deadeye","hermit:Deadeye","hermit:Enervate","hermit:Enervate","hermit:Enervate","hermit:Desperado","hermit:Desperado","hermit:Desperado","hermit:TrackingShot","hermit:TrackingShot","hermit:TrackingShot","hermit:SprayPray","hermit:SprayPray","hermit:SprayPray","hermit:CursedWeapon","hermit:CursedWeapon+1","hermit:CursedWeapon","hermit:Vantage","hermit:Vantage","hermit:Vantage","hermit:GoldenBullet","hermit:GoldenBullet+1","hermit:GoldenBullet+1","hermit:CalledShot","hermit:CalledShot","hermit:CalledShot","hermit:SprayPray","hermit:SprayPray","hermit:SprayPray","hermit:FatalDesire","hermit:FatalDesire","hermit:FatalDesire","hermit:Snipe","hermit:Snipe","hermit:Snipe","Amnesia","Amnesia","Amnesia","hermit:Roughhouse","hermit:Roughhouse","hermit:Roughhouse","hermit:Magnum","hermit:Magnum","hermit:Magnum","hermit:Roulette","hermit:Roulette","hermit:Roulette","hermit:Grudge+1","hermit:Grudge+1","hermit:Grudge+1","hermit:CalledShot+1","hermit:CalledShot+1","hermit:CalledShot+1","hermit:FatalDesire+1","hermit:FatalDesire+1","hermit:CalledShot+1","hermit:CalledShot+1","hermit:CalledShot+1","Replay:Fractal Strike","Replay:Fractal Strike","Replay:Fractal Strike","hermit:Headshot","hermit:Headshot","hermit:Headshot","hermit:Magnum+1","hermit:Magnum+1","hermit:Magnum+1","hermit:Ricochet","hermit:Ricochet","hermit:Ricochet","hermit:Quickdraw","hermit:Quickdraw","hermit:Quickdraw","hermit:Reprieve+1","hermit:Reprieve+1","hermit:Reprieve+1","hermit:Vantage+1","hermit:Vantage+1","hermit:Vantage+1","hermit:Quickdraw+1","hermit:Quickdraw+1","hermit:Quickdraw+1","infinitespire:Starlight","infinitespire:Starlight","infinitespire:Starlight","infinitespire:Punishment+1","infinitespire:Punishment+1","infinitespire:Punishment+1","Pot Of Greed","Pot Of Greed","Pot Of Greed","Pot Of Greed","Pot Of Greed","Pot Of Greed","Pot Of Greed","Pot Of Greed","Pot Of Greed","Pot Of Greed","Pot Of Greed","Pot Of Greed","Pot Of Greed","Pot Of Greed","Pot Of Greed","Pot Of Greed","Pot Of Greed","Pot Of Greed","Pot Of Greed","Pot Of Greed","Pot Of Greed","Pot Of Greed","Pot Of Greed","Pot Of Greed","Pot Of Greed","Pot Of Greed","Pot Of Greed","Pot Of Greed","Pot Of Greed","Pot Of Greed","ReplayTheSpireMod:Echoes of Time","ReplayTheSpireMod:Echoes of Time","ReplayTheSpireMod:Echoes of Time","hermit:Roulette+1","hermit:Roulette+1","hermit:Roulette+1","infinitespire:Collect","infinitespire:Collect","infinitespire:Collect","hermit:Enervate+1","hermit:Enervate+1","hermit:Enervate+1","ReplayTheSpireMod:Book of Names","ReplayTheSpireMod:Book of Names","ReplayTheSpireMod:Book of Names","Pain","Pain","Pain","hermit:LuckOfTheDraw","hermit:LuckOfTheDraw","hermit:LuckOfTheDraw","hermit:FromBeyond+1","hermit:FromBeyond+1","hermit:FromBeyond+1","ReplayTheSpireMod:Restless Dread","ReplayTheSpireMod:Restless Dread","ReplayTheSpireMod:Restless Dread","Injury","Injury","Injury","Pot Of Greed","Pot Of Greed","Pot Of Greed","hermit:Reprieve+1","hermit:Reprieve+1","hermit:Reprieve+1","hermit:ItchyTrigger","hermit:ItchyTrigger","hermit:ItchyTrigger","infinitespire:Punishment+1","infinitespire:Punishment","infinitespire:Punishment","hermit:Quickdraw+1","hermit:Quickdraw+1","hermit:Quickdraw+1","hubris:Greed","hubris:Greed","hubris:Greed","hubris:Sloth","hubris:Sloth","hubris:Sloth","hermit:BigShot+1","hermit:BigShot+1","hermit:BigShot+1","Swift Strike+1","Swift Strike+1","Swift Strike+1","Pot Of Greed+1","Pot Of Greed+1","Pot Of Greed+1","Replay:Dark Deal+1","Replay:Dark Deal+1","Replay:Dark Deal+1","hermit:Quickdraw+1","hermit:Quickdraw+1","hermit:Quickdraw+1","hermit:FromBeyond+1","hermit:FromBeyond+1","hermit:FromBeyond+1","ReplayTheSpireMod:Book of Names","ReplayTheSpireMod:Book of Names","ReplayTheSpireMod:Book of Names","infinitespire:Execution","infinitespire:Execution","infinitespire:Execution","hubris:Greed","hubris:Greed","hubris:Greed","hubris:NaturalOne","hubris:NaturalOne","hubris:NaturalOne"],"relics":["Unceasing Top","infinitespire:Lychee Nut","hubris:AstralHammer","Mummified Hand","ChewingGum","Golden Egg","infinitespire:Lucky Rock","Gambling Chip","hubris:Reverence","HollowMod:StagPassRelic","hermit:DentedPlate","hubris:Spice","Turnip","Grinning Jar","infinitespire:PuzzleCube","Toolbox","Runic Dome","downfall:ExtraCursedKey","Guardian:PocketSentry","Replay:Accelerometer","bronze:BronzeIdol","Bottled Tornado","hubris:Icosahedron","Molten Egg 2","hubris:NiceRug","Bag of Preparation","Painkiller Herb","infinitespire:Bottled Soul"],"acts_visited":["Exordium","TheCity","TheBeyond","Exordium","TheCity","TheBeyond"],"potions_floor_usage":[12,21,23,30,33,36,37,47,47,84,90],"damage_taken":[{"damage":7,"enemies":"2 Louse","floor":1,"turns":2},{"damage":2,"enemies":"Jaw Worm","floor":3,"turns":2},{"damage":2,"enemies":"Cultist","floor":5,"turns":1},{"damage":20,"enemies":"3 Sentries","floor":7,"turns":4},{"damage":12,"enemies":"Exordium Thugs","floor":10,"turns":3},{"damage":12,"enemies":"Exordium Wildlife","floor":12,"turns":2},{"damage":15,"enemies":"2 Fungi Beasts","floor":14,"turns":3},{"damage":42,"enemies":"Fading Forest","floor":16,"turns":11},{"damage":13,"enemies":"Spheric Guardian","floor":18,"turns":3},{"damage":14,"enemies":"Shell Parasite","floor":19,"turns":2},{"damage":7,"enemies":"Sentry and Sphere","floor":20,"turns":3},{"damage":2,"enemies":"Snake Plant","floor":21,"turns":2},{"damage":25,"enemies":"Slavers","floor":23,"turns":3},{"damage":14,"enemies":"Nightmare","floor":27,"turns":4},{"damage":0,"enemies":"Snecko","floor":28,"turns":2},{"damage":0,"enemies":"Centurion and Healer","floor":30,"turns":2},{"damage":12,"enemies":"Shelled Parasite and Fungi","floor":31,"turns":2},{"damage":20,"enemies":"Collector","floor":33,"turns":3},{"damage":43,"enemies":"3 Shapes","floor":35,"turns":2},{"damage":7,"enemies":"Orb Walker","floor":36,"turns":2},{"damage":4,"enemies":"Mind Bloom Boss Battle","floor":37,"turns":4},{"damage":77,"enemies":"Nightmare","floor":41,"turns":6},{"damage":5,"enemies":"Transient","floor":42,"turns":5},{"damage":19,"enemies":"3 Darklings","floor":44,"turns":4},{"damage":0,"enemies":"Spire Growth","floor":46,"turns":1},{"damage":23,"enemies":"infinitespire:Three Voidlings","floor":47,"turns":2},{"damage":26,"enemies":"Nightmare_Alpha","floor":47,"turns":4},{"damage":3,"enemies":"Replay:Hell Engine","floor":50,"turns":2},{"damage":0,"enemies":"2 Louse","floor":52,"turns":1},{"damage":10,"enemies":"Small Slimes","floor":55,"turns":2},{"damage":0,"enemies":"Cultist","floor":56,"turns":1},{"damage":6,"enemies":"Gremlin Nob","floor":58,"turns":1},{"damage":0,"enemies":"2 Fungi Beasts","floor":63,"turns":1},{"damage":0,"enemies":"Exordium Wildlife","floor":65,"turns":1},{"damage":0,"enemies":"The Guardian","floor":67,"turns":1},{"damage":0,"enemies":"2 Thieves","floor":69,"turns":1},{"damage":0,"enemies":"3 Byrds","floor":72,"turns":2},{"damage":0,"enemies":"Sentry and Sphere","floor":73,"turns":2},{"damage":73,"enemies":"Slavers","floor":74,"turns":3},{"damage":0,"enemies":"Snecko","floor":79,"turns":2},{"damage":0,"enemies":"Snake Plant","floor":80,"turns":1},{"damage":10,"enemies":"hubris:Merchant","floor":81,"turns":2},{"damage":0,"enemies":"Champ","floor":84,"turns":2},{"damage":0,"enemies":"Orb Walker","floor":86,"turns":1},{"damage":15,"enemies":"3 Shapes","floor":89,"turns":1},{"damage":22,"enemies":"Transient","floor":90,"turns":5},{"damage":0,"enemies":"Nemesis","floor":91,"turns":1},{"damage":0,"enemies":"Maw","floor":92,"turns":1},{"damage":10,"enemies":"Writhing Mass","floor":93,"turns":1}],"seed_played":"-5603038035867721860","potions_obtained":[{"floor":1,"key":"hermit:Tonic"},{"floor":5,"key":"BlessingOfTheForge"},{"floor":12,"key":"bronze:BurnAndBuffPotion"},{"floor":16,"key":"PowerPotion"},{"floor":19,"key":"LifebloodPotion"},{"floor":20,"key":"DistilledChaos"},{"floor":21,"key":"Energy Potion"},{"floor":23,"key":"LifebloodPotion"},{"floor":31,"key":"PowerPotion"},{"floor":33,"key":"AttackPotion"},{"floor":36,"key":"champ:CounterPotion"},{"floor":42,"key":"Fire Potion"},{"floor":47,"key":"hexamod:SoulburnPotion"},{"floor":50,"key":"sneckomod:MuddlingPotion"},{"floor":52,"key":"Strength Potion"},{"floor":58,"key":"FearPotion"},{"floor":81,"key":"EntropicBrew"},{"floor":81,"key":"PowerPotion"},{"floor":81,"key":"ColorlessPotion"},{"floor":84,"key":"ColorlessPotion"},{"floor":90,"key":"SpeedPotion"},{"floor":92,"key":"LiquidMemories"}],"is_trial":true,"path_per_floor":["M","?","M","$","M","R","E","?","T","M","?","M","?","M","R","B",null,"M","M","M","M","$","E","AVR","R","T","NM","M","R","M","M","R","B",null,"M","M","?","AVR","?","R","NM","M","T","M","?","M","?","$","R","B",null,"M","?","?","M","M","R","E","R","T","?","$","M","R","M","R","B",null,"M","AVR","?","M","M","E","R","?","T","R","M","M","$","?","R","B",null,"?","?","AVR","?","?","E","?","?"],"character_chosen":"HERMIT","items_purchased":["Adrenaline Potion","Golden Egg","hermit:FatalDesire","hermit:CalledShot","infinitespire:PuzzleCube","Toolbox","hermit:Enervate","bronze:BronzeIdol","hermit:Reprieve"],"campfire_rested":7,"item_purchase_floors":[4,22,22,22,48,48,48,62,62],"current_hp_per_floor":[52,52,53,53,51,51,37,26,26,19,19,10,56,45,45,28,56,45,34,32,33,33,13,13,29,29,21,24,40,43,34,50,35,67,27,23,33,33,84,84,20,49,57,58,58,80,71,71,71,71,71,71,49,54,47,47,76,70,97,97,78,78,78,78,78,78,78,78,78,78,78,73,73,12,29,29,29,46,49,49,33,33,25,25,25,25,25,25,10,4,4,4,0,0],"gold":612,"neow_bonus":"","is_daily":false,"chose_seed":false,"campfire_upgraded":5,"win_rate":0.0,"timestamp":1612125335,"path_taken":["M","?","M","$","M","R","E","?","T","M","?","M","?","?","R","BOSS","M","M","M","M","$","E","AVR","R","T","NM","M","R","?","M","R","BOSS","M","M","?","AVR","?","R","NM","M","T","M","?","M","?","$","R","BOSS","M","?","?","M","M","R","E","R","T","?","$","M","R","M","R","BOSS","M","AVR","?","M","M","E","R","?","T","R","?","M","$","?","R","BOSS","?","?","AVR","?","?","E","?","?"],"items_purchased_type":["Potion","Relic","Card","Card","Relic","Relic","Card","Relic","Card"],"build_version":"2020-12-22","purchased_purges":0,"victory":false,"max_hp_per_floor":[56,56,56,56,56,56,56,56,56,56,56,56,56,56,56,56,56,56,56,56,56,56,56,56,56,56,56,56,56,56,56,56,56,88,88,88,96,96,84,84,84,84,92,92,92,92,92,92,92,92,92,92,92,97,97,97,97,97,97,97,97,97,97,97,97,89,89,81,81,81,81,73,73,57,57,57,57,57,49,49,33,33,25,25,25,25,25,25,25,25,25,25,25,25],"card_choices":[{"not_picked":["hermit:LowProfile","hermit:Manifest"],"picked":"hermit:CalledShot","floor":0},{"not_picked":["hermit:DeadMansHand","hermit:Virtue"],"picked":"hermit:WideOpen","floor":0},{"not_picked":["hermit:Horror","hermit:HoleUp"],"picked":"hermit:Dive","floor":0},{"not_picked":["hermit:LoneWolf","hermit:Snipe"],"picked":"hermit:CalledShot","floor":0},{"not_picked":["hermit:Cheat","hermit:BodyArmor"],"picked":"hermit:Glare","floor":0},{"not_picked":["hermit:Determination","hermit:Glare"],"picked":"hermit:Enervate","floor":0},{"not_picked":["hermit:TakeCover","hermit:LowProfile"],"picked":"hermit:Glare","floor":0},{"not_picked":["hermit:HighCaliber","hermit:Brawl"],"picked":"hermit:Deadeye","floor":0},{"not_picked":["hermit:Gestalt","hermit:NoHoldsBarred"],"picked":"hermit:Enervate","floor":0},{"not_picked":["hermit:HighCaliber","hermit:HoleUp"],"picked":"hermit:Desperado","floor":0},{"not_picked":["hermit:Midnight","hermit:Quickdraw"],"picked":"hermit:TrackingShot","floor":0},{"not_picked":["hermit:Desperado","hermit:HighCaliber"],"picked":"hermit:SprayPray","floor":0},{"not_picked":["hermit:Coalescence","hermit:Manifest"],"picked":"hermit:CursedWeapon","floor":0},{"not_picked":["hermit:Manifest","hermit:LowProfile"],"picked":"hermit:Vantage","floor":0},{"not_picked":["hermit:LoneWolf","hermit:WideOpen"],"picked":"hermit:GoldenBullet","floor":0},{"not_picked":["hermit:SprayPray","hermit:Manifest","hermit:HoleUp"],"picked":"SKIP","floor":1},{"not_picked":["hermit:BodyArmor","hermit:TakeAim","hermit:Horror"],"picked":"SKIP","floor":3},{"not_picked":["hermit:Desperado","hermit:Horror"],"picked":"hermit:CalledShot","floor":5},{"not_picked":["hermit:TakeCover","hermit:Grudge"],"picked":"hermit:SprayPray","floor":7},{"not_picked":["hermit:Desperado","hermit:Dive"],"picked":"hermit:FatalDesire","floor":10},{"not_picked":["hermit:FlashPowder","hermit:Misfire"],"picked":"hermit:Snipe","floor":12},{"not_picked":["hermit:Malice","hermit:WideOpen"],"picked":"hermit:Roughhouse","floor":14},{"not_picked":["hermit:Adapt","hermit:Roughhouse"],"picked":"hermit:Magnum","floor":16},{"not_picked":["hermit:HighCaliber","hermit:LoneWolf"],"picked":"hermit:Roulette","floor":18},{"not_picked":["hermit:Vantage","hermit:Snipe","hermit:TakeCover"],"picked":"SKIP","floor":19},{"not_picked":["hermit:HeroicBravado","hermit:ShadowCloak"],"picked":"hermit:Grudge+1","floor":20},{"not_picked":["hermit:Roulette","hermit:Midnight"],"picked":"hermit:CalledShot+1","floor":21},{"not_picked":["hermit:Dive","hermit:Snipe","hermit:Misfire"],"picked":"SKIP","floor":23},{"not_picked":["hermit:Virtue","hermit:TrackingShot"],"picked":"hermit:Headshot","floor":27},{"not_picked":["hermit:Glare","hermit:Ricochet"],"picked":"hermit:Magnum","floor":28},{"not_picked":["hermit:TrackingShot","hermit:Misfire"],"picked":"hermit:Ricochet","floor":30},{"not_picked":["hermit:HoleUp","hermit:Dive"],"picked":"hermit:Quickdraw","floor":31},{"not_picked":["hermit:DeadOrAlive","hermit:RoundhouseKick"],"picked":"hermit:Reprieve","floor":33},{"not_picked":["hermit:TakeCover","hermit:Misfire+1","hermit:TakeAim"],"picked":"SKIP","floor":35},{"not_picked":["hermit:Scavenge+1","hermit:Misfire"],"picked":"hermit:Vantage+1","floor":36},{"not_picked":["hermit:Desperado","hermit:TakeCover"],"picked":"hermit:Quickdraw+1","floor":37},{"not_picked":["infinitespire:Menacing","infinitespire:UltimateForm"],"picked":"ReplayTheSpireMod:Echoes of Time","floor":41},{"not_picked":["hermit:Spite+1","hermit:Virtue","hermit:Grudge"],"picked":"SKIP","floor":41},{"not_picked":["hermit:Vantage+1","hermit:ShadowCloak+1"],"picked":"hermit:Roulette+1","floor":42},{"not_picked":["hubris:SpiceAddiction","hermit:Roughhouse","hermit:WideOpen"],"picked":"SKIP","floor":44},{"not_picked":["hermit:Headshot+1","hermit:LowProfile+1","hermit:GoldenBullet+1"],"picked":"SKIP","floor":46},{"not_picked":["infinitespire:Gouge","infinitespire:FinalStrike"],"picked":"infinitespire:Collect","floor":47},{"not_picked":["hermit:Roulette","hermit:Vantage","hermit:Malice"],"picked":"SKIP","floor":52},{"not_picked":["infinitespire:SealOfDarkness+","infinitespire:Fortify"],"picked":"ReplayTheSpireMod:Book of Names","floor":53},{"not_picked":["hermit:Midnight","hermit:HoleUp","hermit:LoneWolf"],"picked":"SKIP","floor":55},{"not_picked":["hermit:HoleUp","hermit:Gestalt"],"picked":"hermit:LuckOfTheDraw","floor":56},{"not_picked":["hermit:Feint","hermit:Coalescence"],"picked":"hermit:FromBeyond","floor":58},{"not_picked":["hubris:SpiceAddiction","hermit:CalledShot"],"picked":"hermit:ItchyTrigger","floor":63},{"not_picked":["hermit:HighCaliber","hermit:Scavenge","hermit:Roulette"],"picked":"SKIP","floor":65},{"not_picked":["hermit:HoleUp","hermit:SprayPray","hermit:Horror"],"picked":"SKIP","floor":69},{"not_picked":["hermit:CursedWeapon","hermit:Manifest"],"picked":"hubris:SpiceAddiction","floor":72},{"not_picked":["hermit:Headshot","hermit:FullyLoaded+1","hermit:BodyArmor+1"],"picked":"SKIP","floor":73},{"not_picked":["hermit:Coalescence","hermit:HeroicBravado"],"picked":"hubris:SpiceAddiction","floor":74},{"not_picked":["hermit:FullyLoaded","hubris:SpiceAddiction"],"picked":"hubris:SpiceAddiction","floor":79},{"not_picked":["hubris:SpiceAddiction","hermit:Roulette+1"],"picked":"hermit:BigShot+1","floor":80},{"not_picked":[],"picked":"Swift Strike+1","floor":81},{"not_picked":[],"picked":"Replay:Dark Deal","floor":81},{"not_picked":["hermit:Misfire+1"],"picked":"SKIP","floor":81},{"not_picked":["hermit:Headshot+1"],"picked":"SKIP","floor":81},{"not_picked":["hermit:GhostlyPresence"],"picked":"SKIP","floor":81},{"not_picked":["hermit:Snipe"],"picked":"SKIP","floor":81},{"not_picked":["hermit:ShadowCloak"],"picked":"SKIP","floor":81},{"not_picked":["hermit:RoundhouseKick+1","hubris:SpiceAddiction"],"picked":"hermit:FromBeyond","floor":84},{"not_picked":["ReplayTheSpireMod:Echoes of Time","infinitespire:Fortify"],"picked":"ReplayTheSpireMod:Book of Names","floor":85},{"not_picked":["hermit:Manifest+1","hubris:SpiceAddiction","hermit:Scavenge"],"picked":"SKIP","floor":86},{"not_picked":["hermit:LuckOfTheDraw","hermit:Spite+1","hermit:PistolWhip+1"],"picked":"SKIP","floor":89},{"not_picked":["hermit:Gestalt+1","hermit:NoHoldsBarred+1","hermit:Snipe"],"picked":"SKIP","floor":90},{"not_picked":["hermit:ItchyTrigger+1","hermit:Scavenge+1","hermit:WideOpen+1"],"picked":"SKIP","floor":91},{"not_picked":["hermit:BodyArmor+1","hubris:SpiceAddiction","hermit:Glare"],"picked":"SKIP","floor":92}],"player_experience":638823,"relics_obtained":[{"floor":7,"key":"hubris:AstralHammer"},{"floor":9,"key":"Mummified Hand"},{"floor":23,"key":"infinitespire:Lucky Rock"},{"floor":26,"key":"hubris:Reverence"},{"floor":27,"key":"HollowMod:StagPassRelic"},{"floor":37,"key":"hubris:Spice"},{"floor":41,"key":"Grinning Jar"},{"floor":43,"key":"hubris:Spice"},{"floor":58,"key":"Guardian:PocketSentry"},{"floor":60,"key":"Replay:Accelerometer"},{"floor":66,"key":"hubris:Spice"},{"floor":74,"key":"hubris:Spice"},{"floor":77,"key":"Molten Egg 2"},{"floor":81,"key":"Bag of Preparation"},{"floor":81,"key":"hubris:Spice"},{"floor":81,"key":"hubris:Spice"},{"floor":83,"key":"hubris:Spice"}],"event_choices":[{"damage_healed":0,"gold_gain":0,"player_choice":"Grow","damage_taken":0,"max_hp_gain":0,"max_hp_loss":0,"event_name":"Living Wall","floor":2,"gold_loss":0,"cards_upgraded":["hermit:GoldenBullet"]},{"damage_healed":0,"gold_gain":75,"player_choice":"Gather Gold","damage_taken":11,"max_hp_gain":0,"max_hp_loss":0,"event_name":"World of Goop","floor":8,"gold_loss":0},{"damage_healed":0,"gold_gain":78,"player_choice":"Gained Gold","damage_taken":0,"max_hp_gain":0,"max_hp_loss":0,"event_name":"Golden Wing","floor":11,"gold_loss":0},{"damage_healed":0,"gold_gain":0,"player_choice":"Fight","damage_taken":0,"max_hp_gain":0,"max_hp_loss":0,"event_name":"MindBloom","floor":37,"gold_loss":0},{"damage_healed":84,"gold_gain":0,"player_choice":"Heal","damage_taken":0,"max_hp_gain":0,"max_hp_loss":12,"event_name":"The Moai Head","floor":39,"gold_loss":0},{"cards_removed":["hermit:FatalDesire"],"damage_healed":0,"gold_gain":0,"player_choice":"Removed Power","damage_taken":0,"max_hp_gain":0,"max_hp_loss":0,"event_name":"Falling","floor":45,"gold_loss":0},{"damage_healed":0,"gold_gain":0,"player_choice":"Entered Light","damage_taken":19,"max_hp_gain":0,"max_hp_loss":0,"event_name":"Shining Light","floor":61,"gold_loss":0,"cards_upgraded":["hermit:CursedWeapon","hermit:Dive"]},{"damage_healed":0,"gold_gain":0,"player_choice":"Copied","damage_taken":0,"max_hp_gain":0,"max_hp_loss":0,"event_name":"Duplicator","floor":76,"gold_loss":0,"cards_obtained":["hermit:Quickdraw"]},{"damage_healed":0,"gold_gain":0,"player_choice":"Read","damage_taken":0,"max_hp_gain":0,"max_hp_loss":0,"event_name":"The Library","floor":82,"gold_loss":0,"cards_obtained":["hermit:Quickdraw"]}],"is_beta":false,"boss_relics":[{"not_picked":["Empty Cage","Honey Jar"],"picked":"ChewingGum"},{"not_picked":["hubris:BlackHole","Fusion Hammer"],"picked":"hermit:DentedPlate"},{"not_picked":["hubris:VirtuousBlindfold","hubris:HollowSoul"],"picked":"Runic Dome"},{"not_picked":["hubris:Spice","Sozu"],"picked":"hubris:Spice"},{"not_picked":["hubris:Spice","ReplayTheSpireMod:SealedPack"],"picked":"Painkiller Herb"}],"items_purged_floors":[],"is_endless":true,"potions_floor_spawned":[1,5,12,16,19,20,21,23,31,33,36,42,46,47,50,52,55,58,63,73,79,80,84,89,90,92],"killed_by":"Writhing Mass","ascension_level":0}}