{"host":"Jedit","time":1612098838,"event":{"mods":["BaseMod","Minty Spire (QoL Compilation)","Relic Stats","StSLib"],"gold_per_floor":[118,118,130,143,48,83,3,37,37,37,51,61,76,95,95,95,95],"floor_reached":16,"language":"ENG","playtime":698,"items_purged":[],"score":228,"play_id":"4ff2fd75-f4d9-4bab-a40c-ae7e787c31ac","local_time":"20210131131358","is_ascension_mode":true,"campfire_choices":[{"floor":15.0,"key":"REST"}],"circlet_count":0,"master_deck":["AscendersBane","Strike_G","Strike_G","Strike_G","Strike_G","Strike_G","Defend_G","Defend_G","Defend_G","Defend_G","Defend_G","Survivor","Neutralize","Deadly Poison","Endless Agony","Dagger Spray","Deadly Poison","Endless Agony","Noxious Fumes","Dodge and Roll","Blade Dance","PiercingWail","PiercingWail","Distraction","Crippling Poison"],"relics":["Ring of the Snake","NeowsBlessing","Dream Catcher","Dead Branch","Potion Belt","Frozen Egg 2"],"acts_visited":["Exordium"],"potions_floor_usage":[16],"damage_taken":[{"damage":0.0,"enemies":"2 Louse","floor":1.0,"turns":1.0},{"damage":0.0,"enemies":"Cultist","floor":3.0,"turns":1.0},{"damage":0.0,"enemies":"Small Slimes","floor":4.0,"turns":1.0},{"damage":37.0,"enemies":"Gremlin Nob","floor":6.0,"turns":4.0},{"damage":1.0,"enemies":"3 Sentries","floor":8.0,"turns":5.0},{"damage":19.0,"enemies":"Exordium Thugs","floor":11.0,"turns":4.0},{"damage":0.0,"enemies":"Gremlin Gang","floor":12.0,"turns":1.0},{"damage":0.0,"enemies":"Looter","floor":13.0,"turns":1.0},{"damage":0.0,"enemies":"Blue Slaver","floor":14.0,"turns":2.0},{"damage":25,"enemies":"The Guardian","floor":16,"turns":10}],"seed_played":"2450436628528769272","potions_obtained":[{"floor":2.0,"key":"GhostInAJar"},{"floor":2.0,"key":"Block Potion"},{"floor":4.0,"key":"Strength Potion"},{"floor":6.0,"key":"Energy Potion"},{"floor":11.0,"key":"Fire Potion"},{"floor":14.0,"key":"DistilledChaos"}],"is_trial":false,"path_per_floor":["M","?","M","M","$","E","?","E","T","$","M","M","M","M","R","B"],"character_chosen":"THE_SILENT","items_purchased":["Deadly Poison","Endless Agony"],"campfire_rested":1,"item_purchase_floors":[5,5],"current_hp_per_floor":[59,59,59,59,59,22,22,21,21,21,2,2,2,2,21,0,0],"gold":95,"neow_bonus":"THREE_ENEMY_KILL","is_daily":false,"chose_seed":false,"campfire_upgraded":0,"win_rate":0.0,"timestamp":1612098838,"path_taken":["M","?","?","M","$","E","?","E","T","$","M","M","M","M","R","BOSS"],"items_purchased_type":["Card","Card"],"build_version":"2020-12-18","purchased_purges":0,"victory":false,"max_hp_per_floor":[66,66,66,66,66,66,66,66,66,66,66,66,66,66,66,66,66],"relic_stats":{"Dream Catcher":1,"counters":[10,30],"Dead Branch":[56],"obtain_stats":[{"Potion Belt":8,"Dream Catcher":6,"NeowsBlessing":0,"Dead Branch":7,"Frozen Egg 2":9,"Ring of the Snake":0},{"Potion Belt":5,"Dream Catcher":4,"NeowsBlessing":0,"Dead Branch":4,"Frozen Egg 2":5,"Ring of the Snake":0},{"Potion Belt":12,"Dream Catcher":7,"NeowsBlessing":0,"Dead Branch":7,"Frozen Egg 2":12,"Ring of the Snake":0}],"Ring of the Snake":[22]},"card_choices":[{"not_picked":["Quick Slash","Caltrops"],"picked":"Deadly Poison","floor":1.0},{"not_picked":["Poisoned Stab","Distraction"],"picked":"Endless Agony","floor":3.0},{"not_picked":["Choke","Backstab"],"picked":"Dagger Spray","floor":4.0},{"not_picked":["Concentrate","All Out Attack"],"picked":"Noxious Fumes","floor":6.0},{"not_picked":["Deflect","Accuracy"],"picked":"Dodge and Roll","floor":8.0},{"not_picked":["PiercingWail","Dagger Spray"],"picked":"Blade Dance","floor":11.0},{"not_picked":["Outmaneuver","Poisoned Stab"],"picked":"PiercingWail","floor":12.0},{"not_picked":["Predator","Deadly Poison"],"picked":"PiercingWail","floor":13.0},{"not_picked":["Leg Sweep","Backstab"],"picked":"Distraction","floor":14.0},{"not_picked":["Eviscerate","Prepared"],"picked":"Crippling Poison","floor":15.0}],"player_experience":3466023,"relics_obtained":[{"floor":6.0,"key":"Dream Catcher"},{"floor":8.0,"key":"Potion Belt"},{"floor":9.0,"key":"Frozen Egg 2"}],"event_choices":[{"damage_healed":0.0,"max_hp_gain":0.0,"max_hp_loss":0.0,"gold_gain":0.0,"event_name":"Lab","player_choice":"Got Potions","floor":2.0,"gold_loss":0.0,"damage_taken":0.0},{"damage_healed":0.0,"max_hp_gain":0.0,"max_hp_loss":0.0,"gold_gain":0.0,"event_name":"WeMeetAgain","player_choice":"Paid Gold","floor":7.0,"gold_loss":80.0,"damage_taken":0.0,"relics_obtained":["Dead Branch"]}],"is_beta":true,"boss_relics":[],"items_purged_floors":[],"is_endless":false,"potions_floor_spawned":[4,6,11,14],"killed_by":"The Guardian","ascension_level":20}}