{"host":"e5u7qs1emxzejr12","time":1612100899,"event":{"mods":["100% Spire Juice","2.2 Compatiblity","Act Like it!","Arknights","Ascension Unlocker","Bard","BaseMod","CapriCore","Card Forge","Colored Powertips","Custom Start","GifTheSpireLib","GungeonMod","Highlight Path","Marisa（F雨　魔理沙）","Minty Spire (QoL Compilation)","MostiFishMod","Pale of the Ancients","Prisma Mod","Quick Restart","Relic Filter Mod","Reliquary","Replay The Spire","StSLib","SuperFastMode","The Blackbeard","WarShipGirlsR/战舰少女R mod","篝火指南"],"gold_per_floor":[113,132,145,295,320,77,112,132,132,164,164,164,183,198,198,198,198],"floor_reached":16,"language":"ZHS","playtime":1082,"items_purged":[],"score":224,"play_id":"34cb7912-0c39-46f3-a20a-f2f91f2fd021","local_time":"20210131214819","is_ascension_mode":true,"campfire_choices":[{"floor":11,"key":"REST"},{"floor":15,"key":"RECALL"}],"circlet_count":0,"master_deck":["AscendersBane","bard:Strike+1","bard:Strike+1","bard:Defend+1","bard:Defend+1","bard:Defend+1","bard:Riposte+1","bard:Inspire+1","bard:Sift+1","bard:Thunderwave+1","bard:Doot+1","bard:LocateObject+1","bard:Flourish+1","bard:InspiringSong+1","bard:Sift+1","bard:SixFourTime+1"],"relics":["bard:PitchPipe","bard:BagPipes","Hammer of Thor","Seething Fire","Anvil of the Gods","DaveBox","HaiYi:Twilight","NeowsBlessing","SynthV:TestCard","ClockworkSouvenir","Smiling Mask","Onion Ring","DemoMod:PoisonVial"],"acts_visited":["Exordium"],"potions_floor_usage":[16],"damage_taken":[{"damage":0.0,"enemies":"Cultist","floor":1.0,"turns":1.0},{"damage":0.0,"enemies":"Small Slimes","floor":2.0,"turns":2.0},{"damage":0.0,"enemies":"Jaw Worm","floor":3.0,"turns":1.0},{"damage":23,"enemies":"Gremlin Nob","floor":7,"turns":5},{"damage":4,"enemies":"Large Slime","floor":8,"turns":4},{"damage":7,"enemies":"Lagavulin","floor":10,"turns":6},{"damage":0,"enemies":"Lots of Slimes","floor":13,"turns":2},{"damage":4,"enemies":"Exordium Thugs","floor":14,"turns":3},{"damage":41,"enemies":"Hexaghost","floor":16,"turns":10}],"seed_played":"2711676863906933967","potions_obtained":[{"floor":7,"key":"Dexterity Potion"},{"floor":8,"key":"DemoMod:LeadSkinPotion"},{"floor":10,"key":"Adrenaline Potion"}],"is_trial":false,"path_per_floor":["M","M","M","?","T","R","E","M","T","E","R","?","M","M","R","B"],"character_chosen":"BARD","items_purchased":["bard:Doot","ClockworkSouvenir"],"campfire_rested":1,"item_purchase_floors":[6,6],"current_hp_per_floor":[59,59,59,59,59,59,36,32,32,25,44,44,44,40,40,0,0],"gold":198,"neow_bonus":"THREE_ENEMY_KILL","is_daily":false,"chose_seed":false,"campfire_upgraded":0,"win_rate":0.0,"timestamp":1612100899,"path_taken":["M","M","?","?","?","R","E","M","T","E","R","?","M","M","R","BOSS"],"items_purchased_type":["Card","Relic"],"build_version":"2020-12-22","purchased_purges":0,"victory":false,"max_hp_per_floor":[66,66,66,66,66,66,66,66,66,66,66,66,66,66,66,66,66],"card_choices":[{"not_picked":["bard:HideousLaughter","bard:TinyHut"],"picked":"bard:Sift","floor":1.0},{"not_picked":["bard:LingeringEcho","bard:Fermata","bard:Gamble","bard:Balestra","bard:Aphasia"],"picked":"SKIP","floor":2.0},{"not_picked":["bard:StudiedStrike","bard:EnGarde","bard:TinyHut","bard:Focused"],"picked":"bard:Thunderwave","floor":3.0},{"not_picked":["bard:BucklerBash","bard:Demoralize","bard:Parry","bard:EchoEcho"],"picked":"bard:LocateObject","floor":7},{"not_picked":["bard:Parry","bard:Balestra","bard:Accelerando","bard:FaerieFire"],"picked":"bard:Flourish","floor":8},{"not_picked":["bard:Blink","bard:FingerOfDeath","bard:ViciousMockery","bard:Aphasia"],"picked":"bard:InspiringSong","floor":10},{"not_picked":["bard:PrismaticSpray","bard:Doot","bard:Fermata","bard:Thunderwave"],"picked":"bard:Sift","floor":13},{"not_picked":["bard:Demoralize","bard:Rest","bard:CuttingWords","bard:TinyHut"],"picked":"bard:SixFourTime","floor":14}],"player_experience":75153,"relics_obtained":[{"floor":1.0,"key":"SynthV:TestCard"},{"floor":7,"key":"Smiling Mask"},{"floor":9,"key":"Onion Ring"},{"floor":10,"key":"DemoMod:PoisonVial"}],"event_choices":[{"damage_healed":0.0,"max_hp_gain":0.0,"max_hp_loss":0.0,"gold_gain":150.0,"event_name":"Liars Game","player_choice":"AGREE","floor":4.0,"gold_loss":0.0,"damage_taken":0.0,"cards_obtained":["Doubt"]},{"damage_healed":0,"gold_gain":0,"player_choice":"Got Potions","damage_taken":0,"max_hp_gain":0,"max_hp_loss":0,"event_name":"Lab","floor":12,"gold_loss":0}],"is_beta":false,"boss_relics":[],"items_purged_floors":[],"is_endless":false,"potions_floor_spawned":[7,8,10,13],"killed_by":"Hexaghost","ascension_level":20}}