{"host":"gzk4gkgy3zij1c51","time":1612103998,"event":{"mods":["BaseMod","Colored Map","Downfall","Highlight Path","Marked Mod","Minty Spire (QoL Compilation)","Relic Stats","StSLib","everything is the same but u backflip on backflip"],"gold_per_floor":[118,118,128,146,1,1,29,29,110,110,139,154,174,174,174,278,278,293,306,316,16,30,30,30],"floor_reached":23,"language":"ENG","playtime":1459,"items_purged":[],"score":304,"play_id":"2b4d687f-3fd7-4b1e-b25a-f10c9388973d","local_time":"20210131143958","is_ascension_mode":true,"campfire_choices":[{"data":"BattleHymn","floor":6,"key":"SMITH"},{"data":"TalkToTheHand","floor":8,"key":"SMITH"},{"data":"Tantrum","floor":10,"key":"SMITH"},{"data":"Collect","floor":15,"key":"SMITH"}],"circlet_count":0,"master_deck":["Strike_P","Strike_P","Strike_P","Strike_P","Defend_P","Defend_P","Defend_P","Defend_P","Eruption+1","Vigilance","Injury","CutThroughFate+1","MentalFortress","Swift Strike","Consecrate","Tantrum+1","ReachHeaven","BattleHymn+1","TalkToTheHand+1","PathToVictory","MarkedMod:FirstStrike","Collect+1","DevaForm","CurseOfTheBell","ThirdEye","SashWhip","Pray+1","Wireheading"],"relics":["PureWater","Dead Branch","Bag of Marbles","bronze:DecasWashers","Whetstone","Calling Bell","Regal Pillow","Sundial","GoldenEye","ClockworkSouvenir","Dream Catcher"],"acts_visited":["Exordium","TheCity"],"potions_floor_usage":[11,12,12,16,16,16,19,22,23],"damage_taken":[{"damage":0,"enemies":"2 Louse","floor":1,"turns":2},{"damage":0,"enemies":"Cultist","floor":3,"turns":3},{"damage":4,"enemies":"Small Slimes","floor":4,"turns":3},{"damage":0,"enemies":"Lagavulin","floor":7,"turns":3},{"damage":0,"enemies":"3 Sentries","floor":11,"turns":3},{"damage":0,"enemies":"Exordium Wildlife","floor":12,"turns":3},{"damage":0,"enemies":"2 Fungi Beasts","floor":13,"turns":2},{"damage":28,"enemies":"The Guardian","floor":16,"turns":10},{"damage":11,"enemies":"Spheric Guardian","floor":18,"turns":3},{"damage":7,"enemies":"Chosen","floor":19,"turns":5},{"damage":17,"enemies":"Centurion and Healer","floor":20,"turns":6},{"damage":31,"enemies":"Shelled Parasite and Fungi","floor":22,"turns":5},{"damage":20,"enemies":"Gremlin Leader","floor":23,"turns":2}],"seed_played":"-7125329535924721070","potions_obtained":[{"floor":1,"key":"champ:CounterPotion"},{"floor":7,"key":"Block Potion"},{"floor":11,"key":"Block Potion"},{"floor":14,"key":"Fruit Juice"},{"floor":14,"key":"Ancient Potion"},{"floor":14,"key":"SneckoOil"},{"floor":16,"key":"Explosive Potion"},{"floor":19,"key":"FearPotion"},{"floor":22,"key":"Fire Potion"}],"is_trial":false,"path_per_floor":["M","?","M","M","$","R","E","R","T","R","E","M","M","?","R","B",null,"M","M","M","$","M","E"],"character_chosen":"WATCHER","items_purchased":["ReachHeaven","BattleHymn","ClockworkSouvenir","Dream Catcher"],"campfire_rested":0,"item_purchase_floors":[5,5,21,21],"current_hp_per_floor":[72,72,72,68,68,68,68,68,68,68,68,68,68,68,68,45,77,66,59,42,42,11,0,0],"gold":30,"neow_bonus":"ONE_RARE_RELIC","is_daily":false,"chose_seed":false,"campfire_upgraded":4,"win_rate":0.0,"timestamp":1612103998,"path_taken":["M","?","M","M","$","R","E","R","T","R","E","M","?","?","R","BOSS","M","?","M","$","M","E"],"items_purchased_type":["Card","Card","Relic","Relic"],"build_version":"2020-12-22","purchased_purges":0,"victory":false,"max_hp_per_floor":[72,72,72,72,72,72,72,72,72,72,72,72,72,72,72,77,77,77,77,77,77,77,77,77],"relic_stats":{"Regal Pillow":0,"Dream Catcher":0,"counters":[13,50],"Sundial":[0],"Dead Branch":[82],"Whetstone":["Eruption","CutThroughFate"],"GoldenEye":[10],"obtain_stats":[{"Calling Bell":17,"Regal Pillow":17,"Dream Catcher":21,"Sundial":17,"Dead Branch":0,"bronze:DecasWashers":9,"Bag of Marbles":7,"Whetstone":11,"PureWater":0,"GoldenEye":17,"ClockworkSouvenir":21},{"Calling Bell":8,"Regal Pillow":8,"Dream Catcher":11,"Sundial":8,"Dead Branch":0,"bronze:DecasWashers":4,"Bag of Marbles":4,"Whetstone":5,"PureWater":0,"GoldenEye":8,"ClockworkSouvenir":11},{"Calling Bell":29,"Regal Pillow":29,"Dream Catcher":43,"Sundial":29,"Dead Branch":0,"bronze:DecasWashers":11,"Bag of Marbles":11,"Whetstone":14,"PureWater":0,"GoldenEye":29,"ClockworkSouvenir":43}]},"card_choices":[{"not_picked":["WindmillStrike","Wallop"],"picked":"CutThroughFate","floor":1},{"not_picked":["Halt","MarkedMod:GentlePulse"],"picked":"Consecrate","floor":3},{"not_picked":["Halt","CutThroughFate"],"picked":"Tantrum","floor":4},{"not_picked":["Indignation","ReachHeaven"],"picked":"TalkToTheHand","floor":7},{"not_picked":["FollowUp","MarkedMod:PinPointDefense"],"picked":"PathToVictory","floor":11},{"not_picked":["Tantrum","CarveReality"],"picked":"MarkedMod:FirstStrike","floor":12},{"not_picked":["ClearTheMind","Halt"],"picked":"Collect","floor":13},{"not_picked":["Devotion","Omniscience"],"picked":"DevaForm","floor":16},{"not_picked":["WaveOfTheHand","CrushJoints"],"picked":"ThirdEye","floor":18},{"not_picked":["Protect","Indignation"],"picked":"SashWhip","floor":19},{"not_picked":["MarkedMod:Acupuncture","JustLucky"],"picked":"Pray+1","floor":20},{"not_picked":["SashWhip+1","EmptyFist"],"picked":"Wireheading","floor":22}],"player_experience":1102917,"relics_obtained":[{"floor":7,"key":"Bag of Marbles"},{"floor":9,"key":"bronze:DecasWashers"},{"floor":11,"key":"Whetstone"},{"floor":17,"key":"Regal Pillow"},{"floor":17,"key":"Sundial"},{"floor":17,"key":"GoldenEye"}],"event_choices":[{"damage_healed":0,"gold_gain":0,"player_choice":"2 cards matched","damage_taken":0,"max_hp_gain":0,"max_hp_loss":0,"event_name":"Match and Keep!","floor":2,"gold_loss":0,"cards_obtained":["MentalFortress","Swift Strike"]},{"damage_healed":0,"gold_gain":0,"player_choice":"Got Potions","damage_taken":0,"max_hp_gain":0,"max_hp_loss":0,"event_name":"Lab","floor":14,"gold_loss":0}],"is_beta":false,"boss_relics":[{"not_picked":["Black Star","Astrolabe"],"picked":"Calling Bell"}],"items_purged_floors":[],"is_endless":false,"potions_floor_spawned":[1,7,11,16,19,22],"killed_by":"Gremlin Leader","ascension_level":4}}