{"host":"ee5exjejqz6r5zx9","time":1612107723,"event":{"mods":["ATMod(°¢èªMod)","Act Like it!","BaseMod","Card Forge","Colored Powertips","Custom Start","Gensokyo","HololiveMod","Minty Spire (QoL Compilation)","MostiFishMod","Pale of the Ancients","Quick Restart","Rare Cards Sparkle","Remove Card Discount Mod","Reorder Act Four","Replay The Spire","RumiaBox-Â¶Ã×æ«µÄÉñÃØºÐ×Ó","Shop Mod","StSLib","TestMod","Yakumo Yukari mod","¡¾¹¦ÄÜMod¡¿»ìãçÖ®»·ÐÞ¸´²¹¶¡","¡¾ÒÅÎï¿¨ÅÆ¡¿REMEMod"],"gold_per_floor":[119,3255,3266,3283,3296,3323,3340,3370,3395,3121,3138,2978,2978,2988,2988,3065,3065,3080,3080,3080,2334,2347,2380,2391,2424,2447,2473,2489,2528,2528,2559,2559,2638,2638,2658,2676,2727,2737,2577,2577,2605,2219,2270,2315,1592,1604,1604,1629,1629,1629,1629,1629,1348,1348,1377,1377],"floor_reached":57,"language":"ZHS","playtime":2252,"items_purged":["Defend_R"],"score":3835,"play_id":"3acf91cd-95d9-419f-8750-1b2b7e21f01e","local_time":"20210131234203","is_ascension_mode":true,"campfire_choices":[{"data":"Burning Pact","floor":15.0,"key":"SMITH"},{"floor":32.0,"key":"RECALL"},{"data":"Defend_R+1","floor":40,"key":"SMITH"},{"data":"Pommel Strike","floor":47,"key":"SMITH"},{"data":"Defend_R+4","floor":49,"key":"SMITH"},{"data":"Defend_R+5","floor":54,"key":"SMITH"}],"circlet_count":0,"master_deck":["AscendersBane","Defend_R+6","Bash+1","AT_LightSaberMaster+1","Shrug It Off+1","AT_ShrugMaster+1","Pommel Strike+1","AT_IchimonjiDouble+1","Burning Pact+1","MostiFishMod:RacingGame+1","Entrench+1","Limit Break+1","AT_ManFootWork+1","Barricade+1","REME_ACTH+1","Pommel Strike+1","Hololive_Yoholoon+1"],"relics":["Burning Blood","Hammer of Thor","Seething Fire","Anvil of the Gods","testmod-TestBox","REME_ComplimentaryCards","DaveBox","AT_ATBox","testmod-Alchemist","TakeMeEscape","SynthV:TestCard","Replay:Baseball","Simple Rune","Onion Ring","Boot","Coffee Dripper","TungstenRod","Lee\u0027s Waffle","testmod-IndustrialRevolution","AT_SeraphEmbrace","testmod-Antiphasic","Blood Vial","Juzu Bracelet","Nunchaku","AT_BellowingDragoncrestRing","Painkiller Herb","Strawberry","Art of War","Medical Kit","PreservedInsect","MawBank","Iron Hammer","Turnip","Blue Doll","War Paint","AT_ForceNature","GodSword6"],"acts_visited":["Exordium","TheCity","TheBeyond","TheEnding"],"potions_floor_usage":[50,56,56],"damage_taken":[{"damage":1.0,"enemies":"Cultist","floor":1.0,"turns":3.0},{"damage":0.0,"enemies":"Small Slimes","floor":3.0,"turns":4.0},{"damage":12.0,"enemies":"Jaw Worm","floor":4.0,"turns":3.0},{"damage":10.0,"enemies":"3 Louse","floor":5.0,"turns":4.0},{"damage":0.0,"enemies":"Lagavulin","floor":6.0,"turns":5.0},{"damage":0.0,"enemies":"Looter","floor":7.0,"turns":4.0},{"damage":18.0,"enemies":"Gremlin Nob","floor":8.0,"turns":4.0},{"damage":0.0,"enemies":"2 Fungi Beasts","floor":11.0,"turns":2.0},{"damage":22.0,"enemies":"3 Louse","floor":14.0,"turns":4.0},{"damage":2.0,"enemies":"Fading Forest","floor":16.0,"turns":7.0},{"damage":0.0,"enemies":"Chosen","floor":18.0,"turns":2.0},{"damage":0.0,"enemies":"Spheric Guardian","floor":22.0,"turns":2.0},{"damage":0.0,"enemies":"Slavers","floor":23.0,"turns":2.0},{"damage":6.0,"enemies":"Shelled Parasite and Fungi","floor":24.0,"turns":3.0},{"damage":0.0,"enemies":"Gremlin Leader","floor":25.0,"turns":2.0},{"damage":0.0,"enemies":"Book of Stabbing","floor":27.0,"turns":2.0},{"damage":0.0,"enemies":"Snake Plant","floor":28.0,"turns":2.0},{"damage":0.0,"enemies":"REME_1_Revenger","floor":31.0,"turns":2.0},{"damage":0.0,"enemies":"Collector","floor":33.0,"turns":3.0},{"damage":0.0,"enemies":"3 Shapes","floor":35.0,"turns":2.0},{"damage":0.0,"enemies":"Orb Walker","floor":36.0,"turns":2.0},{"damage":0,"enemies":"2 Orb Walkers","floor":37,"turns":2},{"damage":0,"enemies":"Spire Growth","floor":38,"turns":2},{"damage":0,"enemies":"R_Hoarder","floor":41,"turns":2},{"damage":0,"enemies":"Reptomancer","floor":44,"turns":2},{"damage":0,"enemies":"Sphere and 2 Shapes","floor":46,"turns":3},{"damage":0,"enemies":"Giant Head","floor":48,"turns":1},{"damage":0,"enemies":"Time Eater","floor":50,"turns":2},{"damage":0,"enemies":"Donu and Deca","floor":51,"turns":2},{"damage":0,"enemies":"Shield and Spear","floor":55,"turns":2},{"damage":0,"enemies":"The Heart","floor":56,"turns":4}],"seed_played":"4491651793726060091","potions_obtained":[{"floor":1.0,"key":"Venom Potion"},{"floor":8.0,"key":"SkillPotion"},{"floor":14.0,"key":"AttackPotion"},{"floor":22.0,"key":"testmod-TimePotion"},{"floor":23.0,"key":"Strength Potion"},{"floor":24.0,"key":"testmod-TestPotion"},{"floor":33.0,"key":"Adrenaline Potion"},{"floor":36.0,"key":"REME_GoldPotion"},{"floor":37,"key":"Energy Potion"},{"floor":55,"key":"PowerPotion"}],"is_trial":false,"path_per_floor":["M","$","M","M","M","E","M","E","T","$","M","$","T","M","R","B",null,"M","?","T","$","M","E","M","E","T","E","M","?","?","E","R","B",null,"?","?","?","?","T","T","E","T","T","E","T","?","T","E","T","B","B",null,"T","T","E","B",null],"character_chosen":"IRONCLAD","items_purchased":["Shrug It Off","AT_ShrugMaster","Onion Ring","Boot","TungstenRod","Lee\u0027s Waffle","testmod-IndustrialRevolution","Reflective Coating","Strawberry","Medical Kit","PreservedInsect","AT_ManFootWork","Turnip","Barricade","REME_ACTH","Blue Doll","AT_ForceNature"],"campfire_rested":0,"item_purchase_floors":[2,2,10,12,21,21,21,21,39,42,42,42,45,45,45,45,53],"current_hp_per_floor":[78,78,80,74,70,76,80,68,68,68,74,74,74,58,58,70,78,80,57,57,92,92,92,92,92,92,92,92,92,92,92,92,92,92,92,92,92,92,99,99,99,99,99,99,99,99,99,99,99,99,99,99,99,99,99,99],"gold":1377,"neow_bonus":"RANDOM_EVENT","is_daily":false,"chose_seed":false,"campfire_upgraded":5,"win_rate":0.0,"timestamp":1612107723,"path_taken":["M","$","M","M","M","E","?","E","T","$","M","?","?","M","R","BOSS","M","?","?","$","M","E","M","E","T","E","M","?","?","E","R","BOSS","?","?","?","?","T","T","E","T","T","E","T","?","T","E","T","BOSS","BOSS","T","T","E","BOSS"],"items_purchased_type":["Card","Card","Relic","Relic","Relic","Relic","Relic","Potion","Relic","Relic","Relic","Card","Relic","Card","Card","Relic","Relic"],"build_version":"2020-12-22","purchased_purges":1,"victory":true,"max_hp_per_floor":[80,80,80,80,80,80,80,80,80,80,80,80,80,80,80,80,80,80,85,85,92,92,92,92,92,92,92,92,92,92,92,92,92,92,92,92,92,92,99,99,99,99,99,99,99,99,99,99,99,99,99,99,99,99,99,99],"card_choices":[{"not_picked":["ReplayTheSpireMod:Strike From Hell","Iron Wave","Headbutt"],"picked":"SKIP","floor":1.0},{"not_picked":["Shrug It Off","Warcry","REME_SingleHolding","REME_Cut"],"picked":"True Grit","floor":3.0},{"not_picked":["True Grit","Warcry","ReplayTheSpireMod:LeadingStrike","Massacre"],"picked":"Pommel Strike","floor":4.0},{"not_picked":["MostiFishMod:404NotFound","Shrug It Off","Replay:Undeath\u0027s Touch","AT_CaressingTears","Warcry"],"picked":"SKIP","floor":5.0},{"not_picked":["AT_GerminateFire","Flex","REME_FearOfPain","Bludgeon"],"picked":"AT_IchimonjiDouble","floor":6.0},{"not_picked":["Twin Strike","Combust","Blood for Blood","Heavy Blade"],"picked":"Shockwave","floor":7.0},{"not_picked":["MostiFishMod:WingOfPhoenix","AT_ManFootWork","Shrug It Off","MostiFishMod:404NotFound"],"picked":"Burning Pact","floor":8.0},{"not_picked":["Sword Boomerang","Warcry","Disarm","Shrug It Off","Infernal Blade"],"picked":"SKIP","floor":11.0},{"not_picked":["Cleave","Fire Breathing","Twin Strike","Wild Strike","Heavy Blade"],"picked":"SKIP","floor":14.0},{"not_picked":["Berserk","Corruption","MostiFishMod:DarkDeal","Feed"],"picked":"MostiFishMod:RacingGame","floor":16.0},{"not_picked":["Rampage","Pommel Strike","ReplayTheSpireMod:LeadingStrike","AT_BodySlamDance","Run Through+1"],"picked":"SKIP","floor":18.0},{"not_picked":["AT_BodySlamDance","REME_Cut","Flame Barrier","Flex"],"picked":"Entrench","floor":22.0},{"not_picked":["Sword Boomerang","Clash+1","Twin Strike","Combust"],"picked":"Limit Break","floor":23.0},{"not_picked":["MostiFishMod:BrandingRite","ReplayReversal","Pommel Strike+1","Twin Strike","Headbutt"],"picked":"SKIP","floor":24.0},{"not_picked":["Anger","Fire Breathing+1","Armaments","Feel No Pain","ReplayTheSpireMod:Strike From Hell"],"picked":"SKIP","floor":25.0},{"not_picked":["Disarm","Body Slam+1","Thunderclap","ReplayTheSpireMod:Limb From Limb","MostiFishMod:RacingGame"],"picked":"SKIP","floor":27.0},{"not_picked":["Pommel Strike","Perfected Strike","Clothesline","Body Slam","True Grit"],"picked":"SKIP","floor":28.0},{"not_picked":["Intimidate","REME_Scribble","Massacre+1","MostiFishMod:PerfectStrikeMKII","ReplayTheSpireMod:Strike From Hell"],"picked":"SKIP","floor":31.0},{"not_picked":["Headbutt","Burning Pact+1","Wild Strike","Searing Blow","Perfected Strike"],"picked":"SKIP","floor":35.0},{"not_picked":["Havoc+1","Ghostly Armor+1","Armaments+1","Twin Strike+1","Headbutt"],"picked":"SKIP","floor":36.0},{"not_picked":["AT_BodySlamDance","Reckless Charge+1","Shockwave","Hemokinesis+1","MostiFishMod:#F4004"],"picked":"SKIP","floor":38},{"not_picked":["Sword Boomerang","Uppercut","Replay:Undeath\u0027s Touch","Run Through","Warcry"],"picked":"SKIP","floor":41},{"not_picked":["ReplayTheSpireMod:Strike From Hell","ReplayTheSpireMod:Stacked","AT_IchimonjiDouble","Cleave","Clothesline"],"picked":"SKIP","floor":44},{"not_picked":["Headbutt","Impervious","Shrug It Off","Havoc+1"],"picked":"Pommel Strike","floor":46},{"not_picked":["Anger","Clash","Entrench+1","REME_SingleHolding","Armaments"],"picked":"SKIP","floor":48},{"not_picked":["Heavy Blade+1","ReplayTheSpireMod:Limb From Limb","AT_BodySlamDance+1","True Grit","Sever Soul+1"],"picked":"SKIP","floor":55}],"player_experience":450699,"relics_obtained":[{"floor":1.0,"key":"SynthV:TestCard"},{"floor":6.0,"key":"Replay:Baseball"},{"floor":8.0,"key":"Simple Rune"},{"floor":23.0,"key":"AT_ArchangelStaff"},{"floor":25.0,"key":"testmod-Antiphasic"},{"floor":26.0,"key":"Blood Vial"},{"floor":27.0,"key":"Juzu Bracelet"},{"floor":29.0,"key":"Nunchaku"},{"floor":31.0,"key":"AT_BellowingDragoncrestRing"},{"floor":41,"key":"Art of War"},{"floor":43,"key":"MawBank"},{"floor":44,"key":"Iron Hammer"},{"floor":48,"key":"War Paint"},{"floor":55,"key":"GodSword6"}],"event_choices":[{"damage_healed":0.0,"max_hp_gain":5.0,"max_hp_loss":0.0,"gold_gain":0.0,"event_name":"Big Fish","player_choice":"Donut","floor":0.0,"gold_loss":0.0,"damage_taken":0.0},{"damage_healed":0.0,"max_hp_gain":5.0,"max_hp_loss":0.0,"gold_gain":0.0,"event_name":"Forgotten Altar","player_choice":"Shed Blood","floor":19.0,"gold_loss":0.0,"damage_taken":28.0},{"damage_healed":0,"gold_gain":0,"player_choice":"Fight","damage_taken":0,"max_hp_gain":0,"max_hp_loss":0,"event_name":"Mysterious Sphere","floor":37,"gold_loss":0}],"is_beta":false,"boss_relics":[{"not_picked":["Electric Blood","testmod-EnergyCheck"],"picked":"Coffee Dripper"},{"not_picked":["Replay:Drink Me","Tiny House"],"picked":"Painkiller Herb"}],"items_purged_floors":[10],"is_endless":false,"potions_floor_spawned":[1,8,14,22,23,24,27,33,36,37,44,46,55],"ascension_level":20}}