{"host":"udyc8f81k2jocuhg","time":1612096755,"event":{"mods":["2.2 Compatiblity","BaseMod","Better Third Choice","Colored Powertips","Conspire","Custom Start","GifTheSpireLib","Hermit","Minty Spire (QoL Compilation)","Permanent Neow","Quick Restart","Relic Filter","Relic Stats","Replay The Spire","Shop Mod","Spikes Relics","StSLib","Stuff the Spire"],"gold_per_floor":[362,380,19,33,48,48,82,25,25,43,61,75,75,75],"floor_reached":13,"language":"ENG","playtime":410,"items_purged":["Strike_G"],"score":160,"play_id":"f52342ed-b7e9-4653-bbeb-24b3d0fd2248","local_time":"20210131133915","is_ascension_mode":true,"campfire_choices":[{"data":"Noxious Fumes","floor":6.0,"key":"SMITH"}],"circlet_count":0,"master_deck":["AscendersBane","Strike_G","Strike_G","Strike_G","Strike_G","Defend_G","Defend_G","Defend_G","Defend_G","Defend_G","Survivor","Neutralize","StuffTheSpire:BrimstoneBlast","Deadly Poison","Noxious Fumes+1","StuffTheSpire:MirrorStance","PiercingWail","Cloak And Dagger"],"relics":["Ring of the Snake","conspire:Dentures","Replay:WaspNest","Mercury Hourglass"],"acts_visited":["Exordium"],"potions_floor_usage":[],"damage_taken":[{"damage":3.0,"enemies":"Small Slimes","floor":1.0,"turns":5.0},{"damage":0.0,"enemies":"2 Louse","floor":2.0,"turns":2.0},{"damage":0.0,"enemies":"Jaw Worm","floor":4.0,"turns":4.0},{"damage":0.0,"enemies":"Looter","floor":5.0,"turns":4.0},{"damage":30.0,"enemies":"Gremlin Nob","floor":7.0,"turns":5.0},{"damage":2.0,"enemies":"Exordium Wildlife","floor":10.0,"turns":3.0},{"damage":0.0,"enemies":"2 Fungi Beasts","floor":11.0,"turns":3.0},{"damage":5.0,"enemies":"Blue Slaver","floor":12.0,"turns":4.0},{"damage":4,"enemies":"Lagavulin","floor":13,"turns":4}],"seed_played":"935179466529368398","potions_obtained":[{"floor":2.0,"key":"Strength Potion"},{"floor":4.0,"key":"Swift Potion"}],"is_trial":false,"path_per_floor":["M","M","$","M","M","R","E","$","T","M","M","M","E"],"character_chosen":"THE_SILENT","items_purchased":["conspire:Dentures","PiercingWail"],"campfire_rested":0,"item_purchase_floors":[3,8],"current_hp_per_floor":[41,41,41,41,41,41,11,11,11,9,9,4,0,0],"gold":75,"neow_bonus":"TWO_FIFTY_GOLD","is_daily":false,"chose_seed":false,"campfire_upgraded":1,"win_rate":0.0,"timestamp":1612096755,"path_taken":["M","M","$","M","M","R","E","$","T","M","M","M","E"],"items_purchased_type":["Relic","Card"],"build_version":"2020-12-22","purchased_purges":1,"victory":false,"max_hp_per_floor":[66,66,66,66,66,66,66,66,66,66,66,66,66,66],"relic_stats":{"counters":[9,34],"obtain_stats":[{"conspire:Dentures":3,"Replay:WaspNest":7,"Ring of the Snake":0,"Mercury Hourglass":9},{"conspire:Dentures":2,"Replay:WaspNest":5,"Ring of the Snake":0,"Mercury Hourglass":5},{"conspire:Dentures":7,"Replay:WaspNest":20,"Ring of the Snake":0,"Mercury Hourglass":20}],"Ring of the Snake":[18],"Mercury Hourglass":[54]},"card_choices":[{"not_picked":["Flying Knee","Quick Slash"],"picked":"StuffTheSpire:BrimstoneBlast","floor":1.0},{"not_picked":["Dodge and Roll","Finisher"],"picked":"Deadly Poison","floor":2.0},{"not_picked":["Dagger Throw","Masterful Stab"],"picked":"Noxious Fumes","floor":4.0},{"not_picked":["Hidden Blade","Dagger Throw"],"picked":"StuffTheSpire:MirrorStance","floor":5.0},{"not_picked":["StuffTheSpire:Incursion","Phantasmal Killer","Flying Knee"],"picked":"SKIP","floor":7.0},{"not_picked":["Underhanded Strike","ReplayTheSpireMod:Scrap Shanks","Quick Slash"],"picked":"SKIP","floor":10.0},{"not_picked":["Reflex","Quick Slash"],"picked":"Cloak And Dagger","floor":11.0},{"not_picked":["Hidden Blade","ReplayTheSpireMod:Shiv Toss","Draining Mist"],"picked":"SKIP","floor":12.0}],"player_experience":2035504,"relics_obtained":[{"floor":7.0,"key":"Replay:WaspNest"},{"floor":9.0,"key":"Mercury Hourglass"}],"event_choices":[],"is_beta":false,"boss_relics":[],"items_purged_floors":[3],"is_endless":false,"potions_floor_spawned":[2,4],"killed_by":"Lagavulin","ascension_level":16}}