{"host":"bx8ylsmj2ob6hd5u","time":1612113621,"event":{"mods":["AchievementEnabler","Act Like it!","Aspiration","BaseMod","Colored Map","Downfall","Duelist Mod","Friendly Minions","Gensokyo","GifTheSpireLib","Hallownest","Hermit","HololiveMod","Hubris","Infinite Spire","Jorbs\u0027s Wanderer Trilogy","KinomotoSakuraMod(????)","Kiyohime????","Koishi","KomeijiMod","Lobotomy","LobotomyExtend","Marisa????????","Minty Spire (QoL Compilation)","Prisma Mod","Rare Cards Sparkle","Reimu??????","Remilia??????","Replay The Spire","StSLib","Td1madao Mod","The Administrix","The Animator","The Bug Knight","The Construct","The Cursed","The Disciple","The Hierophant","The Necromancer","The Poker Player","The Runesmith","The Senshi","The Servant 0.9.4","WarShipGirlsR/????R mod"],"gold_per_floor":[212,223,239,239,253,253,268,268,291,291,301,316,5,5,5,101,101,119,119,130,130,144,144,144,144,144,204,268,268,279,117,117,220,220,239,275,294,304,369,439,451,451,451,451,451,464,531,67,67,67],"floor_reached":51,"language":"ENG","playtime":4201,"items_purged":["rmod:diaomin+1"],"score":747,"play_id":"ea4409c3-ad81-4327-a892-c497c4f23625","local_time":"20210131192021","is_ascension_mode":false,"campfire_choices":[{"data":"rmod:basicallowance","floor":6,"key":"SMITH"},{"data":"rmod:diaomin","floor":8,"key":"SMITH"},{"data":"rmod:maintain","floor":10,"key":"SMITH"},{"data":"rmod:supportaircraftcarrier","floor":15,"key":"SMITH"},{"data":"infinitespire:Gouge","floor":23,"key":"SMITH"},{"data":"rmod:launchingtorpedo","floor":25,"key":"SMITH"},{"data":"ReplayUltimateDefense","floor":32,"key":"SMITH"},{"data":"rmod:highspeedmaneuver","floor":42,"key":"SMITH"},{"data":"rmod:aluminumsupply","floor":45,"key":"SMITH"},{"data":"rmod:openingtorpedo","floor":49,"key":"SMITH"}],"circlet_count":0,"master_deck":["rmod:strick","rmod:strick","rmod:strick","rmod:strick","rmod:defend","rmod:defend","rmod:defend","rmod:defend","rmod:basicallowance+1","rmod:maingunfire","rmod:gendarmerie","rmod:firesupport","rmod:maintain+1","rmod:ring","rmod:supportaircraftcarrier+1","rmod:launchingtorpedo+1","rmod:windflower+1","rmod:diaomin+1","ReplayTheSpireMod:Book of Names+1","infinitespire:Gouge+1","rmod:goodfighter","rmod:unsinkable","rmod:openingtorpedo+1","rmod:aluminumsupply+1","rmod:punchline+1","ReplayUltimateDefense+1","rmod:highspeedmaneuver+1","rmod:mineteam+1","rmod:salvage+1","rmod:steelsupply+1","rmod:firesupport+1","rmod:wife+1","rmod:victimresponsibility+1","rmod:fletcherpendant+1","rmod:aggressivemary+1","rmod:luckystar+1","rmod:chargemoney+1"],"relics":["LetterFromLob","Pen Nib","Boot","Incense Burner","rmod:mogul","OrangePellets","Honey Jar","hubris:MobiusCoin","hubris:BottledHeart","Philosopher\u0027s Stone","aspiration:HummingbirdHeart","HollowMod:JonisBlessing","infinitespire:Joker Card"],"acts_visited":["Exordium","TheCity","TheCity"],"potions_floor_usage":[11,16,16,30,33,33,37,37,37,37,38,41,41,46,47,50,50,50,50],"damage_taken":[{"damage":4,"enemies":"Hallownest:2_Tiktiks_and_1_Crawlid","floor":1,"turns":5},{"damage":0,"enemies":"Hallownest:monsterHuskGuard","floor":2,"turns":4},{"damage":6,"enemies":"Hallownest:2_Baldur","floor":3,"turns":6},{"damage":4,"enemies":"Hallownest:monsterFoolEater","floor":5,"turns":3},{"damage":9,"enemies":"Hallownest:Wandering_and_Horned","floor":7,"turns":4},{"damage":7,"enemies":"Hallownest:Guard_and_Warrior","floor":11,"turns":5},{"damage":3,"enemies":"Hallownest:1_Baldur_1_Crawlid_1_Warrior","floor":12,"turns":5},{"damage":38,"enemies":"Hallownest:BossHornet","floor":16,"turns":9},{"damage":6,"enemies":"Shell Parasite","floor":18,"turns":5},{"damage":4,"enemies":"3 Byrds","floor":20,"turns":5},{"damage":0,"enemies":"3 Cultists","floor":22,"turns":5},{"damage":1,"enemies":"Chosen and Byrds","floor":27,"turns":5},{"damage":1,"enemies":"Centurion and Healer","floor":28,"turns":4},{"damage":0,"enemies":"Snecko","floor":30,"turns":3},{"damage":0,"enemies":"Collector","floor":33,"turns":8},{"damage":0,"enemies":"Hallownest:3_Siblings","floor":35,"turns":6},{"damage":0,"enemies":"Hallownest:2_Littles","floor":37,"turns":6},{"damage":0,"enemies":"Hallownest:Slobbering_and_Violent","floor":38,"turns":7},{"damage":0,"enemies":"Hallownest:2_Great","floor":39,"turns":5},{"damage":0,"enemies":"Hallownest:monsterPrimalAspid","floor":40,"turns":5},{"damage":0,"enemies":"Hallownest:2_Wandering_and_1_Horned","floor":41,"turns":7},{"damage":0,"enemies":"Hallownest:2_Great","floor":46,"turns":3},{"damage":0,"enemies":"Hallownest:2_Wing_and_1_Kings","floor":47,"turns":6},{"damage":0,"enemies":"Hallownest:Radiance","floor":50,"turns":7}],"seed_played":"-156913415248299601","potions_obtained":[{"floor":5,"key":"ZuzhouPotion:ReiMu"},{"floor":7,"key":"Swift Potion"},{"floor":12,"key":"PowerPotion"},{"floor":18,"key":"ColorlessPotion"},{"floor":27,"key":"BlessingOfTheForge"},{"floor":28,"key":"PowerPotion"},{"floor":36,"key":"EntropicBrew"},{"floor":36,"key":"UndeadPotion"},{"floor":36,"key":"EssenceOfSteel"},{"floor":39,"key":"MagicPotion:ReiMu"},{"floor":40,"key":"ZuzhouPotion:ReiMu"},{"floor":46,"key":"FearPotion"},{"floor":47,"key":"Weak Potion"}],"is_trial":false,"path_per_floor":["M","M","M","T","M","R","M","R","T","R","M","M","$","M","R","B",null,"M","AVR","M","?","M","R","?","R","T","M","M","?","M","$","R","B",null,"M","?","M","M","M","M","M","R","T","?","R","M","M","$","R","B",null],"character_chosen":"PRAEFECT","items_purchased":["Incense Burner","ReplayUltimateDefense","HollowMod:JonisBlessing","infinitespire:Joker Card"],"campfire_rested":0,"item_purchase_floors":[13,31,48,48],"current_hp_per_floor":[71,71,65,65,61,61,52,52,52,52,45,42,42,42,42,4,75,69,69,65,65,65,65,65,65,65,64,63,1,1,1,1,1,1,1,1,1,1,1,1,1,1,1,1,1,1,1,1,1,1],"gold":67,"neow_bonus":"HUNDRED_GOLD","is_daily":false,"chose_seed":false,"campfire_upgraded":10,"win_rate":0.0,"timestamp":1612113621,"path_taken":["M","M","M","?","M","R","M","R","T","R","M","?","?","M","R","BOSS","M","AVR","M","?","M","R","?","R","T","M","M","?","M","$","R","BOSS","M","?","?","M","M","M","M","R","T","?","R","M","?","?","R","BOSS"],"items_purchased_type":["Relic","Card","Relic","Relic"],"build_version":"2020-12-22","purchased_purges":1,"victory":true,"max_hp_per_floor":[75,75,75,75,75,75,75,75,75,75,75,75,75,75,75,75,75,75,75,75,75,75,75,75,75,75,75,75,1,1,1,1,1,1,1,1,1,1,1,1,1,1,1,1,1,1,1,1,1,1],"card_choices":[{"not_picked":["rmod:intelligenceanalysis","rmod:ring"],"picked":"rmod:gendarmerie","floor":1},{"not_picked":["rmod:fletcherpendant","rmod:firesupport"],"picked":"rmod:diaomin","floor":2},{"not_picked":["rmod:gendarmerie","rmod:capitalist"],"picked":"rmod:firesupport","floor":3},{"not_picked":["rmod:aviationdawn","rmod:fletcherpendant"],"picked":"rmod:maintain","floor":5},{"not_picked":["rmod:guardianhero","rmod:victimresponsibility"],"picked":"rmod:ring","floor":7},{"not_picked":["rmod:aluminumsupply","rmod:auspiciousomen"],"picked":"rmod:supportaircraftcarrier","floor":11},{"not_picked":["rmod:tearstotiara","rmod:diamondstrike"],"picked":"rmod:launchingtorpedo","floor":12},{"not_picked":["rmod:highspeedmaneuver","rmod:expeditionaryescort"],"picked":"rmod:windflower","floor":16},{"not_picked":["rmod:steelsupply","rmod:tearstotiara"],"picked":"rmod:diaomin+1","floor":18},{"not_picked":["rmod:intelligenceanalysis","rmod:bulid","rmod:generalist"],"picked":"rmod:goodfighter","floor":20},{"not_picked":["rmod:intelligenceanalysis","rmod:combined","rmod:capitalist"],"picked":"rmod:unsinkable","floor":22},{"not_picked":["rmod:aluminumsupply","rmod:supportaircraftcarrier","rmod:fletcherpendant"],"picked":"rmod:openingtorpedo","floor":27},{"not_picked":["rmod:diamondstrike","rmod:slowdown","rmod:steelsupply"],"picked":"rmod:aluminumsupply","floor":28},{"not_picked":["rmod:fletcherpendant","rmod:advancebysurprise","rmod:circuitoustactics+1"],"picked":"rmod:punchline+1","floor":30},{"not_picked":["rmod:u235","rmod:stealaluminum","rmod:fletcher"],"picked":"rmod:highspeedmaneuver","floor":33},{"not_picked":["rmod:wolves","rmod:punchline+1","rmod:spoils"],"picked":"rmod:mineteam+1","floor":35},{"not_picked":["rmod:fletcherpendant","rmod:bulid+1","rmod:combined+1"],"picked":"rmod:salvage+1","floor":36},{"not_picked":["rmod:firesupport","rmod:guardianhero","rmod:diamondstrike"],"picked":"rmod:steelsupply+1","floor":37},{"not_picked":["rmod:fuelsupply","rmod:aluminumsupply","rmod:circuitoustactics"],"picked":"rmod:firesupport+1","floor":38},{"not_picked":["rmod:intelligenceanalysis","rmod:stealaluminum","rmod:luckystar+1"],"picked":"rmod:wife+1","floor":39},{"not_picked":["rmod:sl+1","rmod:luckystar","rmod:firesupport+1"],"picked":"rmod:victimresponsibility+1","floor":40},{"not_picked":["rmod:aviationdawn","rmod:robin","rmod:combined+1"],"picked":"rmod:aggressivemary+1","floor":41},{"not_picked":["rmod:auspiciousomen","rmod:ammunitionsupply","rmod:circuitoustactics+1"],"picked":"rmod:luckystar+1","floor":46},{"not_picked":["rmod:fuelsupply","rmod:smokecover","rmod:combined+1"],"picked":"rmod:chargemoney+1","floor":47}],"player_experience":1522210,"relics_obtained":[{"floor":1,"key":"LetterFromLob"},{"floor":4,"key":"Pen Nib"},{"floor":9,"key":"Boot"},{"floor":26,"key":"hubris:MobiusCoin"},{"floor":43,"key":"aspiration:HummingbirdHeart"}],"event_choices":[],"is_beta":false,"boss_relics":[{"not_picked":["theSenshi:MoonKaleidoScopeRelic","rmod:monthlycard"],"picked":"rmod:mogul"},{"not_picked":["ReplayTheSpireMod:SealedPack","ReplayTheSpireMod:DimensionalGlitch"],"picked":"Philosopher\u0027s Stone"}],"items_purged_floors":[19],"is_endless":false,"potions_floor_spawned":[5,7,12,18,27,28,39,40,41,46,47],"ascension_level":0}}