{"host":"xxyfyv4t3rs3ce5d","time":1612135942,"event":{"mods":["BaseMod","Hubris","Infinite Spire","Minty Spire (QoL Compilation)","Replay The Spire","Shop Mod","StSLib","The Jungle"],"gold_per_floor":[118,118,118,136,151,151,174,174,201,214,214,214,228,6,6,126,126,147,62,62,62],"floor_reached":20,"language":"ENG","playtime":860,"items_purged":["Eruption"],"score":164,"play_id":"709d859f-9d5b-447e-ad1b-42426cc18403","local_time":"20210131183222","is_ascension_mode":false,"campfire_choices":[{"data":"PathToVictory","floor":6,"key":"SMITH"},{"data":"PathToVictory","floor":8,"key":"SMITH"},{"data":"Prostrate","floor":12,"key":"SMITH"},{"data":"Strike_P","floor":15,"key":"PURGE"}],"circlet_count":0,"master_deck":["Strike_P","Strike_P","Strike_P","Defend_P","Defend_P","Defend_P","Defend_P","Vigilance+1","PathToVictory+1","Prostrate+1","PathToVictory+1","DevaForm","Devotion","hubris:Wrath","Clumsy","Pot Of Greed","Pot Of Greed"],"relics":["PureWater","Golden Idol","Blood Vial","Oddly Smooth Stone","Gremlin Food","Replay:Ancient Bell","Damaru","Mummified Hand","Bird Faced Urn","Grinning Jar"],"acts_visited":["Exordium","TheCity"],"potions_floor_usage":[16,16,16,18],"damage_taken":[{"damage":0,"enemies":"Small Slimes","floor":1,"turns":2},{"damage":1,"enemies":"Jaw Worm","floor":4,"turns":4},{"damage":0,"enemies":"Cultist","floor":5,"turns":3},{"damage":5,"enemies":"Lots of Slimes","floor":7,"turns":4},{"damage":0,"enemies":"2 Fungi Beasts","floor":10,"turns":3},{"damage":0,"enemies":"Exordium Thugs","floor":13,"turns":5},{"damage":31,"enemies":"Slime Boss","floor":16,"turns":13},{"damage":5,"enemies":"2 Thieves","floor":18,"turns":4},{"damage":153,"enemies":"Spheric Guardian","floor":20,"turns":4}],"seed_played":"102763602666005979","potions_obtained":[{"floor":1,"key":"Adrenaline Potion"},{"floor":5,"key":"AttackPotion"},{"floor":13,"key":"Reflective Coating"},{"floor":16,"key":"Languid Potion"}],"is_trial":false,"path_per_floor":["M","?","T","M","M","R","M","R","T","M","?","R","M","$","R","B",null,"M","?","M"],"character_chosen":"WATCHER","items_purchased":["Gremlin Food"],"campfire_rested":0,"item_purchase_floors":[14],"current_hp_per_floor":[72,54,54,53,53,53,48,48,48,50,32,32,34,34,34,5,72,69,69,0,0],"gold":62,"neow_bonus":"RANDOM_EVENT","is_daily":false,"chose_seed":false,"campfire_upgraded":3,"win_rate":0.0,"timestamp":1612135942,"path_taken":["M","?","?","?","M","R","M","R","T","?","?","R","M","?","R","BOSS","M","?","M"],"items_purchased_type":["Relic"],"build_version":"2020-12-22","purchased_purges":1,"victory":false,"max_hp_per_floor":[72,72,72,72,72,72,72,72,72,72,72,72,72,72,72,72,72,72,72,72,72],"card_choices":[{"not_picked":["FlyingSleeves","CutThroughFate"],"picked":"PathToVictory","floor":1},{"not_picked":["Pray","WheelKick","Swivel"],"picked":"SKIP","floor":4},{"not_picked":["Replay:AllIn","Replay:Vibes"],"picked":"Prostrate","floor":5},{"not_picked":["CrushJoints","Replay:DivineShield"],"picked":"PathToVictory","floor":7},{"not_picked":["EmptyFist","Replay:Vibes","Replay:ManipulateFuture"],"picked":"SKIP","floor":10},{"not_picked":["Replay:ManipulateFuture","Evaluate"],"picked":"DevaForm","floor":13},{"not_picked":["Ragnarok","MasterReality"],"picked":"Devotion","floor":16},{"not_picked":["hubris:Gluttony","Looming Evil"],"picked":"ReplayTheSpireMod:Doomed","floor":17},{"not_picked":["Pain","hubris:Greed"],"picked":"hubris:Wrath","floor":17},{"not_picked":["Doubt","hubris:Disease"],"picked":"Clumsy","floor":17},{"not_picked":["FlurryOfBlows+1","ForeignInfluence","DeceiveReality+1"],"picked":"SKIP","floor":18}],"player_experience":208764,"relics_obtained":[{"floor":9,"key":"Blood Vial"}],"event_choices":[{"damage_healed":0,"gold_gain":0,"player_choice":"Take Damage","damage_taken":18,"relics_obtained":["Golden Idol"],"max_hp_gain":0,"max_hp_loss":0,"event_name":"Golden Idol","floor":2,"gold_loss":0},{"damage_healed":0,"gold_gain":0,"player_choice":"Success","damage_taken":18,"relics_obtained":["Oddly Smooth Stone"],"max_hp_gain":0,"max_hp_loss":0,"event_name":"Scrap Ooze","floor":11,"gold_loss":0},{"damage_healed":0,"gold_gain":0,"player_choice":"Obtained Relic","damage_taken":0,"relics_obtained":["Grinning Jar"],"max_hp_gain":0,"max_hp_loss":0,"event_name":"Addict","floor":19,"gold_loss":85}],"is_beta":false,"boss_relics":[{"not_picked":["Snecko Eye","Replay:Wanted Poster"],"picked":"Replay:Ancient Bell"},{"not_picked":["War Paint","infinitespire:PuzzleCube"],"picked":"Damaru"},{"not_picked":["Replay:Bottled Eggs","Eternal Feather"],"picked":"Mummified Hand"},{"not_picked":["CaptainsWheel","infinitespire:CursedDice"],"picked":"Bird Faced Urn"}],"items_purged_floors":[14],"is_endless":false,"potions_floor_spawned":[1,5,13,16],"killed_by":"Spheric Guardian","ascension_level":0}}