{"host":"lfvf97io7xuhaz8c","time":1612123767,"event":{"mods":["2.2 Compatiblity","BaseMod","Bestiary","Colored Map","Colored Powertips","Curses Come First","Highlight Path","Minty Spire (QoL Compilation)","Relic Stats","StSLib","SuperFastMode"],"gold_per_floor":[118,118,118,118,132,162,12,12,12,45,45,60,75,25,25,126,126,137,137,148,148,0,0,14,40,40,40,55,74,74,51,51,148,148,161,13,28,28,41,41,66,66,66,66,81,92,105,105,105],"floor_reached":48,"language":"FRA","playtime":3463,"items_purged":["Strike_G","Defend_G"],"score":613,"play_id":"7f84e3b8-2fba-4c63-bebe-d8a0265d8055","local_time":"20210131210927","is_ascension_mode":true,"campfire_choices":[{"floor":8,"key":"REST"},{"floor":15,"key":"REST"},{"floor":23,"key":"REST"},{"floor":27,"key":"REST"},{"floor":30,"key":"REST"},{"floor":32,"key":"REST"},{"data":"Footwork","floor":40,"key":"SMITH"},{"floor":42,"key":"REST"},{"data":"Poisoned Stab","floor":44,"key":"SMITH"}],"circlet_count":0,"master_deck":["Defend_G","Defend_G","Defend_G","Survivor","Neutralize","Poisoned Stab+1","Finesse","Poisoned Stab","Footwork+1","Infinite Blades","A Thousand Cuts","Blur","After Image","Corpse Explosion","Setup+1","RitualDagger","Quick Slash+1","Poisoned Stab","Deadly Poison","Cloak And Dagger+1","Backstab","Blade Dance","A Thousand Cuts","Backflip+1","Parasite","Dagger Spray+1","Dodge and Roll+1","Bane","Parasite"],"relics":["Empty Cage","Gambling Chip","Mummified Hand","Busted Crown","HornCleat","The Specimen","Black Star","Lee\u0027s Waffle","Smiling Mask","Art of War","Prayer Wheel"],"acts_visited":["Exordium","TheCity","TheBeyond"],"potions_floor_usage":[6,25,25,33,41,46],"damage_taken":[{"damage":1,"enemies":"Small Slimes","floor":1,"turns":5},{"damage":0,"enemies":"Jaw Worm","floor":5,"turns":4},{"damage":24,"enemies":"Gremlin Nob","floor":6,"turns":5},{"damage":24,"enemies":"3 Sentries","floor":10,"turns":11},{"damage":0,"enemies":"Cultist","floor":12,"turns":3},{"damage":1,"enemies":"Looter","floor":13,"turns":3},{"damage":27,"enemies":"The Guardian","floor":16,"turns":10},{"damage":23,"enemies":"2 Thieves","floor":18,"turns":3},{"damage":8,"enemies":"Chosen","floor":20,"turns":5},{"damage":23,"enemies":"Centurion and Healer","floor":24,"turns":5},{"damage":4,"enemies":"Book of Stabbing","floor":25,"turns":5},{"damage":13,"enemies":"Snake Plant","floor":28,"turns":4},{"damage":0,"enemies":"3 Cultists","floor":29,"turns":4},{"damage":39,"enemies":"Champ","floor":33,"turns":13},{"damage":21,"enemies":"Orb Walker","floor":35,"turns":5},{"damage":0,"enemies":"3 Shapes","floor":37,"turns":4},{"damage":6,"enemies":"Writhing Mass","floor":39,"turns":6},{"damage":22,"enemies":"Reptomancer","floor":41,"turns":6},{"damage":0,"enemies":"4 Shapes","floor":45,"turns":2},{"damage":13,"enemies":"Maw","floor":46,"turns":7},{"damage":61,"enemies":"Writhing Mass","floor":47,"turns":6},{"damage":24,"enemies":"Transient","floor":48,"turns":4}],"seed_played":"-6507115409195812745","potions_obtained":[{"floor":1,"key":"Strength Potion"},{"floor":16,"key":"LiquidBronze"},{"floor":18,"key":"FearPotion"},{"floor":28,"key":"EssenceOfSteel"},{"floor":39,"key":"GhostInAJar"},{"floor":41,"key":"FairyPotion"},{"floor":45,"key":"Fire Potion"}],"is_trial":false,"path_per_floor":["M","?","?","?","M","E","$","R","T","E","$","M","M","?","R","B",null,"M","?","M","?","$","R","M","E","T","R","M","M","R","$","R","B",null,"M","$","M","?","M","R","E","R","T","R","M","M","M","M"],"character_chosen":"THE_SILENT","items_purchased":["Infinite Blades","Deadly Poison","Blade Dance","Lee\u0027s Waffle"],"campfire_rested":7,"item_purchase_floors":[7,22,31,36],"current_hp_per_floor":[69,62,62,62,62,38,38,59,59,35,35,35,34,34,55,28,60,37,31,23,23,23,44,21,17,17,38,25,25,46,46,67,28,60,39,77,77,73,67,67,45,66,66,66,66,53,21,0,0],"gold":105,"neow_bonus":"BOSS_RELIC","is_daily":false,"chose_seed":false,"campfire_upgraded":2,"win_rate":0.0,"timestamp":1612123767,"path_taken":["M","?","?","?","M","E","$","R","T","E","$","M","?","?","R","BOSS","M","?","M","?","$","R","?","E","T","R","?","M","R","$","R","BOSS","M","$","M","?","M","R","E","R","T","R","M","M","M","M"],"items_purchased_type":["Card","Card","Card","Relic"],"build_version":"2020-12-22","purchased_purges":2,"victory":false,"max_hp_per_floor":[70,70,70,70,70,70,70,70,70,70,70,70,70,70,70,70,70,70,70,70,70,70,70,70,70,70,70,70,70,70,70,70,70,70,70,77,77,73,73,73,73,73,73,73,73,73,73,73,73],"relic_stats":{"Lee\u0027s Waffle":38,"Busted Crown":34,"counters":[22,120],"Mummified Hand":[72],"Gambling Chip":[39],"Prayer Wheel":3,"Black Star":1,"Art of War":[1],"Smiling Mask":0,"obtain_stats":[{"Lee\u0027s Waffle":36,"Busted Crown":17,"HornCleat":25,"The Specimen":26,"Mummified Hand":10,"Gambling Chip":6,"Prayer Wheel":43,"Black Star":34,"Art of War":41,"Empty Cage":0,"Smiling Mask":41,"Ring of the Snake":0},{"Lee\u0027s Waffle":15,"Busted Crown":7,"HornCleat":11,"The Specimen":11,"Mummified Hand":4,"Gambling Chip":3,"Prayer Wheel":18,"Black Star":14,"Art of War":18,"Empty Cage":0,"Smiling Mask":18,"Ring of the Snake":0},{"Lee\u0027s Waffle":85,"Busted Crown":41,"HornCleat":59,"The Specimen":59,"Mummified Hand":25,"Gambling Chip":14,"Prayer Wheel":101,"Black Star":80,"Art of War":101,"Empty Cage":0,"Smiling Mask":101,"Ring of the Snake":0}]},"card_choices":[{"not_picked":["Well Laid Plans","Dodge and Roll"],"picked":"Poisoned Stab","floor":1},{"not_picked":["Dodge and Roll","Slice"],"picked":"Poisoned Stab","floor":5},{"not_picked":["Acrobatics","Setup"],"picked":"Footwork","floor":6},{"not_picked":["Endless Agony","Poisoned Stab"],"picked":"A Thousand Cuts","floor":10},{"not_picked":["Outmaneuver","Predator"],"picked":"Blur","floor":12},{"not_picked":["Dodge and Roll","Prepared"],"picked":"After Image","floor":13},{"not_picked":["Phantasmal Killer","A Thousand Cuts"],"picked":"Corpse Explosion","floor":16},{"not_picked":[],"picked":"Setup+1","floor":18},{"not_picked":[],"picked":"Quick Slash+1","floor":20},{"not_picked":[],"picked":"Cloak And Dagger+1","floor":24},{"not_picked":[],"picked":"Backstab","floor":25},{"not_picked":["Underhanded Strike+1"],"picked":"SKIP","floor":28},{"not_picked":["Quick Slash+1"],"picked":"SKIP","floor":29},{"not_picked":[],"picked":"A Thousand Cuts","floor":33},{"not_picked":["Eviscerate"],"picked":"SKIP","floor":35},{"not_picked":[],"picked":"Backflip+1","floor":37},{"not_picked":["Skewer+1"],"picked":"SKIP","floor":39},{"not_picked":[],"picked":"Dagger Spray+1","floor":41},{"not_picked":[],"picked":"Dodge and Roll+1","floor":45},{"not_picked":["Eviscerate"],"picked":"SKIP","floor":45},{"not_picked":[],"picked":"Bane","floor":46},{"not_picked":["Setup+1"],"picked":"SKIP","floor":46},{"not_picked":["Leg Sweep"],"picked":"SKIP","floor":47},{"not_picked":["Outmaneuver+1"],"picked":"SKIP","floor":47}],"player_experience":1489523,"relics_obtained":[{"floor":6,"key":"Gambling Chip"},{"floor":10,"key":"Mummified Hand"},{"floor":25,"key":"HornCleat"},{"floor":26,"key":"The Specimen"},{"floor":41,"key":"Smiling Mask"},{"floor":41,"key":"Art of War"},{"floor":43,"key":"Prayer Wheel"}],"event_choices":[{"cards_removed":["Strike_G"],"damage_healed":0,"gold_gain":0,"player_choice":"Card Removal","damage_taken":7,"max_hp_gain":0,"max_hp_loss":0,"event_name":"Golden Wing","floor":2,"gold_loss":0},{"cards_removed":["Strike_G"],"damage_healed":0,"gold_gain":0,"player_choice":"Forget","damage_taken":0,"max_hp_gain":0,"max_hp_loss":0,"event_name":"Living Wall","floor":3,"gold_loss":0},{"damage_healed":0,"gold_gain":0,"player_choice":"1 cards matched","damage_taken":0,"max_hp_gain":0,"max_hp_loss":0,"event_name":"Match and Keep!","floor":4,"gold_loss":0,"cards_obtained":["Finesse"]},{"cards_removed":["Defend_G"],"damage_healed":0,"gold_gain":0,"player_choice":"Card Removal","damage_taken":0,"max_hp_gain":0,"max_hp_loss":0,"event_name":"The Cleric","floor":14,"gold_loss":50},{"damage_healed":0,"gold_gain":0,"player_choice":"Joined the Cult","damage_taken":6,"max_hp_gain":0,"max_hp_loss":0,"event_name":"Nest","floor":19,"gold_loss":0,"cards_obtained":["RitualDagger"]},{"damage_healed":0,"gold_gain":0,"player_choice":"Copied","damage_taken":0,"max_hp_gain":0,"max_hp_loss":0,"event_name":"Duplicator","floor":21,"gold_loss":0,"cards_obtained":["Poisoned Stab"]},{"damage_healed":0,"gold_gain":0,"player_choice":"Max HP","damage_taken":0,"max_hp_gain":0,"max_hp_loss":4,"event_name":"Winding Halls","floor":38,"gold_loss":0}],"is_beta":false,"boss_relics":[{"not_picked":["SlaversCollar","Sozu"],"picked":"Busted Crown"},{"not_picked":["Runic Dome","Philosopher\u0027s Stone"],"picked":"Black Star"}],"items_purged_floors":[7,22],"is_endless":false,"potions_floor_spawned":[1,16,18,28,39,41,45],"killed_by":"Transient","ascension_level":5}}