{"host":"vx9g5eyuglzorf3u","time":1612087238,"event":{"mods":["2.2 Compatiblity","BaseMod","DeckTracker","Keyboard Shortcuts","Minty Spire (QoL Compilation)","Relic Stats","StSLib","SuperFastMode","everything is the same but u backflip on backflip"],"gold_per_floor":[111,128,144,155,155,155,175,175,226,226,240,240,240,240,240,336,336,357,297,297,297,317,317,342,96,147,182,209,221,274,305,317,420,432,469,481,47,47,67,111,111,142,142,142,161,205,80,115,115,115,115,115,115,72,103,103],"floor_reached":57,"language":"KOR","playtime":2023,"items_purged":["Strike_R","Defend_R+1","Bash+1"],"score":3186,"play_id":"e200b263-cc21-4ac5-9d40-55fff833a779","local_time":"20210131190038","is_ascension_mode":true,"campfire_choices":[{"data":"Body Slam","floor":6.0,"key":"SMITH"},{"data":"Pommel Strike","floor":8.0,"key":"SMITH"},{"data":"Bash","floor":10.0,"key":"SMITH"},{"floor":15.0,"key":"REST"},{"data":"Body Slam","floor":23.0,"key":"SMITH"},{"data":"Exhume","floor":29.0,"key":"SMITH"},{"data":"Evolve","floor":32.0,"key":"SMITH"},{"data":"True Grit","floor":41.0,"key":"SMITH"},{"data":"Offering","floor":44,"key":"SMITH"},{"floor":49,"key":"RECALL"},{"data":"Feel No Pain","floor":53,"key":"SMITH"}],"circlet_count":0,"master_deck":["AscendersBane","Defend_R+1","Defend_R+1","Pommel Strike+1","Body Slam+1","Impervious","Body Slam+1","Shrug It Off","Offering+1","Exhume+1","Dark Embrace+1","Evolve+1","Power Through","Warcry+1","Shrug It Off","True Grit+1","Reckless Charge+1","Disarm+1","Disarm+1","Offering","Feel No Pain","Feel No Pain+1"],"relics":["Burning Blood","Golden Idol","Omamori","The Courier","Black Star","MawBank","PreservedInsect","Red Skull","Prayer Wheel","Mark of Pain","Question Card","Anchor","Pantograph","Turnip","Bottled Tornado","Mercury Hourglass","Bag of Preparation","Calipers","Meat on the Bone","CaptainsWheel","Boot"],"acts_visited":["Exordium","TheCity","TheBeyond","TheEnding"],"potions_floor_usage":[56,56],"damage_taken":[{"damage":8.0,"enemies":"Small Slimes","floor":1.0,"turns":4.0},{"damage":4.0,"enemies":"Jaw Worm","floor":2.0,"turns":4.0},{"damage":12.0,"enemies":"Cultist","floor":3.0,"turns":4.0},{"damage":14.0,"enemies":"Blue Slaver","floor":4.0,"turns":6.0},{"damage":0.0,"enemies":"2 Fungi Beasts","floor":7.0,"turns":2.0},{"damage":6.0,"enemies":"Looter","floor":11.0,"turns":2.0},{"damage":23.0,"enemies":"The Guardian","floor":16.0,"turns":14.0},{"damage":0.0,"enemies":"Chosen","floor":18.0,"turns":3.0},{"damage":2.0,"enemies":"3 Byrds","floor":22.0,"turns":5.0},{"damage":14.0,"enemies":"Shelled Parasite and Fungi","floor":24.0,"turns":6.0},{"damage":6.0,"enemies":"Gremlin Leader","floor":27.0,"turns":4.0},{"damage":7.0,"enemies":"Centurion and Healer","floor":28.0,"turns":4.0},{"damage":12.0,"enemies":"Book of Stabbing","floor":30.0,"turns":2.0},{"damage":6.0,"enemies":"Snecko","floor":31.0,"turns":3.0},{"damage":36.0,"enemies":"Champ","floor":33.0,"turns":9.0},{"damage":12.0,"enemies":"Orb Walker","floor":35.0,"turns":1.0},{"damage":12.0,"enemies":"3 Darklings","floor":39.0,"turns":2.0},{"damage":0.0,"enemies":"Reptomancer","floor":40.0,"turns":2.0},{"damage":6,"enemies":"Mind Bloom Boss Battle","floor":42,"turns":5},{"damage":12,"enemies":"Maw","floor":45,"turns":5},{"damage":14,"enemies":"Nemesis","floor":46,"turns":5},{"damage":12,"enemies":"Giant Head","floor":48,"turns":3},{"damage":18,"enemies":"Time Eater","floor":50,"turns":3},{"damage":18,"enemies":"Awakened One","floor":51,"turns":5},{"damage":18,"enemies":"Shield and Spear","floor":55,"turns":3},{"damage":22,"enemies":"The Heart","floor":56,"turns":8}],"seed_played":"-6897605001958427290","potions_obtained":[{"floor":2.0,"key":"Explosive Potion"},{"floor":4.0,"key":"BlessingOfTheForge"},{"floor":22.0,"key":"ElixirPotion"},{"floor":24.0,"key":"DistilledChaos"},{"floor":30.0,"key":"FearPotion"},{"floor":33.0,"key":"FearPotion"},{"floor":46,"key":"EssenceOfSteel"}],"is_trial":false,"path_per_floor":["M","M","M","M","?","R","M","R","T","R","M","?","?","?","R","B",null,"M","$","?","?","M","R","M","$","T","E","M","R","E","M","R","B",null,"M","?","$","?","M","E","R","?","T","R","M","E","$","E","R","B","B",null,"R","$","E","B",null],"character_chosen":"IRONCLAD","items_purchased":["Shrug It Off","Offering","Shrug It Off","Question Card","EntropicBrew","Feel No Pain","Feel No Pain","Weak Potion"],"campfire_rested":1,"item_purchase_floors":[25,25,37,37,37,47,47,54],"current_hp_per_floor":[48,50,44,36,36,36,42,42,42,42,42,35,35,35,55,38,61,67,67,67,67,68,68,60,60,60,60,59,59,53,53,53,23,57,51,51,51,51,45,51,51,65,65,65,59,51,51,45,45,53,53,62,62,62,50,49],"gold":103,"neow_bonus":"REMOVE_TWO","is_daily":false,"chose_seed":false,"campfire_upgraded":9,"win_rate":0.0,"timestamp":1612087238,"path_taken":["M","M","M","M","?","R","M","R","T","R","M","?","?","?","R","BOSS","M","$","?","?","M","R","M","$","T","E","M","R","E","M","R","BOSS","M","?","$","?","M","E","R","?","T","R","M","E","$","E","R","BOSS","BOSS","R","$","E","BOSS"],"items_purchased_type":["Card","Card","Card","Relic","Potion","Card","Card","Potion"],"build_version":"2020-12-22","purchased_purges":3,"victory":true,"max_hp_per_floor":[75,75,75,75,68,68,68,68,68,68,68,68,68,68,68,68,68,68,68,68,68,68,68,68,68,68,68,68,68,68,68,68,68,68,68,65,65,65,65,65,65,65,65,65,65,65,65,65,65,65,65,65,65,65,65,65],"relic_stats":{"counters":[26,114],"Golden Idol":193,"PreservedInsect":373,"Bag of Preparation":[10],"MawBank":120,"Question Card":9,"Boot":[0],"Burning Blood":153,"Mercury Hourglass":[78],"Pantograph":61,"Prayer Wheel":4,"Turnip":[7],"Black Star":6,"obtain_stats":[{"Calipers":48,"Golden Idol":5,"The Courier":13,"PreservedInsect":27,"Omamori":9,"Bag of Preparation":46,"Bottled Tornado":43,"MawBank":27,"Question Card":37,"Boot":55,"Burning Blood":0,"Mercury Hourglass":46,"Anchor":40,"CaptainsWheel":55,"Pantograph":40,"Prayer Wheel":30,"Mark of Pain":34,"Turnip":42,"Black Star":17,"Red Skull":30,"Meat on the Bone":48},{"Calipers":22,"Golden Idol":4,"The Courier":6,"PreservedInsect":11,"Omamori":5,"Bag of Preparation":21,"Bottled Tornado":19,"MawBank":11,"Question Card":16,"Boot":25,"Burning Blood":0,"Mercury Hourglass":21,"Anchor":18,"CaptainsWheel":25,"Pantograph":18,"Prayer Wheel":13,"Mark of Pain":15,"Turnip":19,"Black Star":7,"Red Skull":13,"Meat on the Bone":22},{"Calipers":95,"Golden Idol":18,"The Courier":22,"PreservedInsect":54,"Omamori":20,"Bag of Preparation":92,"Bottled Tornado":82,"MawBank":54,"Question Card":73,"Boot":106,"Burning Blood":0,"Mercury Hourglass":92,"Anchor":77,"CaptainsWheel":106,"Pantograph":77,"Prayer Wheel":60,"Mark of Pain":72,"Turnip":82,"Black Star":36,"Red Skull":60,"Meat on the Bone":95}],"Meat on the Bone":0},"card_choices":[{"not_picked":["Clothesline","Flex","Twin Strike"],"picked":"SKIP","floor":1.0},{"not_picked":["Iron Wave","Combust"],"picked":"Pommel Strike","floor":2.0},{"not_picked":["Infernal Blade","Second Wind"],"picked":"Body Slam","floor":3.0},{"not_picked":["Pommel Strike","Dark Embrace"],"picked":"Impervious","floor":4.0},{"not_picked":["Flex","Bloodletting","Anger"],"picked":"SKIP","floor":7.0},{"not_picked":["Perfected Strike","Wild Strike","Dropkick"],"picked":"SKIP","floor":11.0},{"not_picked":["Perfected Strike","Wild Strike","Dropkick"],"picked":"SKIP","floor":11.0},{"not_picked":["Havoc","Warcry","Twin Strike"],"picked":"SKIP","floor":18.0},{"not_picked":["Headbutt","Flex"],"picked":"Body Slam","floor":22.0},{"not_picked":["Dual Wield","Cleave","Burning Pact+1"],"picked":"SKIP","floor":24.0},{"not_picked":["Warcry","Dropkick"],"picked":"Exhume","floor":27.0},{"not_picked":["Wild Strike","Hemokinesis"],"picked":"Dark Embrace+1","floor":28.0},{"not_picked":["Immolate","Disarm","Clothesline"],"picked":"SKIP","floor":30.0},{"not_picked":["Uppercut","Wild Strike"],"picked":"Evolve","floor":31.0},{"not_picked":["Fire Breathing","Havoc"],"picked":"Power Through","floor":31.0},{"not_picked":["Carnage+1","Metallicize+1"],"picked":"Warcry+1","floor":35.0},{"not_picked":["Pummel+1","Whirlwind","Power Through"],"picked":"SKIP","floor":35.0},{"not_picked":["Power Through","Rupture","Pommel Strike","True Grit"],"picked":"SKIP","floor":39.0},{"not_picked":["Anger","Ghostly Armor","Hemokinesis","Twin Strike"],"picked":"SKIP","floor":39.0},{"not_picked":["Power Through","Rupture","Pommel Strike"],"picked":"True Grit","floor":39.0},{"not_picked":["Anger","Ghostly Armor","Hemokinesis","Twin Strike"],"picked":"SKIP","floor":39.0},{"not_picked":["Flex","Inflame","Armaments"],"picked":"Reckless Charge+1","floor":40.0},{"not_picked":["Reckless Charge","Twin Strike","Battle Trance"],"picked":"Disarm+1","floor":45},{"not_picked":["Wild Strike","Clothesline+1","Twin Strike"],"picked":"Disarm+1","floor":45},{"not_picked":["Rupture+1","Havoc","Sever Soul"],"picked":"Offering","floor":46},{"not_picked":["Power Through","Warcry","Twin Strike","Hemokinesis"],"picked":"SKIP","floor":48},{"not_picked":["Cleave","Hemokinesis","Rupture","Twin Strike+1"],"picked":"SKIP","floor":55}],"player_experience":1513989,"relics_obtained":[{"floor":9.0,"key":"Omamori"},{"floor":27.0,"key":"MawBank"},{"floor":27.0,"key":"PreservedInsect"},{"floor":30.0,"key":"Red Skull"},{"floor":30.0,"key":"Prayer Wheel"},{"floor":40.0,"key":"Anchor"},{"floor":40.0,"key":"Pantograph"},{"floor":42,"key":"Turnip"},{"floor":43,"key":"Bottled Tornado"},{"floor":46,"key":"Mercury Hourglass"},{"floor":46,"key":"Bag of Preparation"},{"floor":48,"key":"Calipers"},{"floor":48,"key":"Meat on the Bone"},{"floor":55,"key":"CaptainsWheel"},{"floor":55,"key":"Boot"}],"event_choices":[{"damage_healed":0.0,"max_hp_gain":0.0,"max_hp_loss":7.0,"gold_gain":0.0,"event_name":"Golden Idol","player_choice":"Lose Max HP","floor":5.0,"gold_loss":0.0,"damage_taken":0.0,"relics_obtained":["Golden Idol"]},{"cards_removed":["Strike_R"],"damage_healed":0.0,"max_hp_gain":0.0,"max_hp_loss":0.0,"gold_gain":0.0,"event_name":"Golden Wing","player_choice":"Card Removal","floor":12.0,"gold_loss":0.0,"damage_taken":7.0},{"damage_healed":0.0,"max_hp_gain":0.0,"max_hp_loss":0.0,"gold_gain":0.0,"event_name":"Big Fish","player_choice":"Box","floor":13.0,"gold_loss":0.0,"damage_taken":0.0,"relics_obtained":["The Courier"],"cards_obtained":["Regret"]},{"cards_removed":["Strike_R"],"damage_healed":0.0,"max_hp_gain":0.0,"max_hp_loss":0.0,"gold_gain":0.0,"event_name":"Purifier","player_choice":"Purged","floor":14.0,"gold_loss":0.0,"damage_taken":0.0},{"damage_healed":0.0,"max_hp_gain":0.0,"max_hp_loss":0.0,"gold_gain":0.0,"event_name":"Vampires","player_choice":"Ignored","floor":20.0,"gold_loss":0.0,"damage_taken":0.0},{"damage_healed":0.0,"max_hp_gain":0.0,"max_hp_loss":0.0,"gold_gain":0.0,"event_name":"Back to Basics","player_choice":"Simplicity","floor":21.0,"gold_loss":0.0,"damage_taken":0.0,"cards_upgraded":["Defend_R","Defend_R","Defend_R","Defend_R"]},{"damage_healed":0.0,"max_hp_gain":0.0,"max_hp_loss":3.0,"gold_gain":0.0,"event_name":"Winding Halls","player_choice":"Max HP","floor":36.0,"gold_loss":0.0,"damage_taken":0.0},{"cards_removed":["Defend_R"],"damage_healed":0.0,"max_hp_gain":0.0,"max_hp_loss":0.0,"gold_gain":0.0,"event_name":"Falling","player_choice":"Removed Skill","floor":38.0,"gold_loss":0.0,"damage_taken":0.0},{"damage_healed":0,"gold_gain":0,"player_choice":"Fight","damage_taken":0,"max_hp_gain":0,"max_hp_loss":0,"event_name":"MindBloom","floor":42,"gold_loss":0}],"is_beta":false,"boss_relics":[{"not_picked":["Sozu","Runic Cube"],"picked":"Black Star"},{"not_picked":["Pandora\u0027s Box","Black Blood"],"picked":"Mark of Pain"}],"items_purged_floors":[19,25,37],"is_endless":false,"potions_floor_spawned":[2,4,7,22,24,30,33,46,55],"ascension_level":20}}