{"host":"auv68s8i97pkmhwr","time":1612091231,"event":{"mods":["A Penny For Your Troubles","AchievementEnabler","BaseMod","Best Route Mod","Bestiary","Better Altar","Better Match","Better Sensory Stone","Better Skull","Better Third Choice","Better Vampires","BetterRewards","Block Reminder","Colored Map","Colored Powertips","Dark Map","Displayed Cursed Tome","Minty Spire (QoL Compilation)","StSLib","SuperFastMode","Uncapped","Unceasing Turn Reminder"],"gold_per_floor":[116,130,130,55,68,96,107,133,133,133,158,158,183,197,197,293,293,308,308,308,118,118,145,60,90,162,192,204,222,257,277,277,379,379,396,396,419,319,335,377,426,461,461,461,488,488,508,608,608,609,609,609,25,59,59],"floor_reached":56,"language":"ENG","playtime":2023,"items_purged":["Strike_R","Strike_R","Strike_R"],"score":2846,"play_id":"cd9ea35e-3d96-446d-9a79-2dbabf0f9df5","local_time":"20210131190711","is_ascension_mode":true,"campfire_choices":[{"data":"Metallicize","floor":10,"key":"SMITH"},{"data":"Metallicize","floor":12,"key":"SMITH"},{"data":"Demon Form","floor":15,"key":"SMITH"},{"data":"Juggernaut","floor":32,"key":"SMITH"},{"floor":49,"key":"RECALL"},{"data":"Strike_R","floor":52,"key":"PURGE"}],"circlet_count":0,"master_deck":["AscendersBane","Strike_R","Defend_R","Defend_R","Defend_R","Defend_R","Shrug It Off","Shrug It Off","Metallicize+1","Rampage+1","Juggernaut+1","Fiend Fire+1","Seeing Red+1","Spot Weakness+1","Wild Strike","Metallicize+1","Demon Form+1","Offering+1","Ghostly+1","Ghostly+1","Ghostly+1","Ghostly+1","Ghostly+1","Power Through+1","Metallicize+1","Shockwave+1","True Grit+1"],"relics":["Burning Blood","Dead Branch","Mummified Hand","Peace Pipe","Calipers","Medical Kit","Torii","ClockworkSouvenir","The Courier","Whetstone","Toxic Egg 2","Frozen Egg 2","Black Star","MawBank","Blue Candle","Enchiridion","Girya","Lizard Tail","Orichalcum","Dream Catcher","Ornamental Fan","Kunai","Pear","Ginger","Magic Flower","Omamori","Snecko Eye","Boot","CeramicFish","InkBottle","Mango","Pocketwatch","Oddly Smooth Stone","Gremlin Horn","Nunchaku","Du-Vu Doll","Turnip","Thread and Needle","Vajra","Pantograph","Bag of Marbles"],"acts_visited":["Exordium","TheCity","TheBeyond","TheEnding"],"potions_floor_usage":[13,13,16,18,29,33,41,55,55,55,55,55,55],"damage_taken":[{"damage":0.0,"enemies":"Jaw Worm","floor":1.0,"turns":4.0},{"damage":0.0,"enemies":"Small Slimes","floor":2.0,"turns":3.0},{"damage":0,"enemies":"Cultist","floor":5,"turns":3},{"damage":22,"enemies":"Gremlin Nob","floor":6,"turns":4},{"damage":6,"enemies":"Red Slaver","floor":7,"turns":2},{"damage":17,"enemies":"3 Sentries","floor":8,"turns":6},{"damage":21,"enemies":"Gremlin Nob","floor":11,"turns":4},{"damage":14,"enemies":"3 Sentries","floor":13,"turns":4},{"damage":0,"enemies":"Large Slime","floor":14,"turns":3},{"damage":1,"enemies":"Hexaghost","floor":16,"turns":8},{"damage":9,"enemies":"2 Thieves","floor":18,"turns":3},{"damage":1,"enemies":"Slavers","floor":23,"turns":4},{"damage":0,"enemies":"Book of Stabbing","floor":25,"turns":6},{"damage":0,"enemies":"Slavers","floor":27,"turns":3},{"damage":1,"enemies":"Spheric Guardian","floor":28,"turns":4},{"damage":5,"enemies":"Shelled Parasite and Fungi","floor":29,"turns":3},{"damage":2,"enemies":"Book of Stabbing","floor":30,"turns":2},{"damage":1,"enemies":"Cultist and Chosen","floor":31,"turns":4},{"damage":3,"enemies":"Automaton","floor":33,"turns":6},{"damage":0,"enemies":"3 Darklings","floor":35,"turns":4},{"damage":7,"enemies":"Orb Walker","floor":39,"turns":3},{"damage":8,"enemies":"Reptomancer","floor":40,"turns":2},{"damage":21,"enemies":"2 Orb Walkers","floor":41,"turns":3},{"damage":1,"enemies":"Giant Head","floor":42,"turns":3},{"damage":0,"enemies":"Nemesis","floor":45,"turns":3},{"damage":3,"enemies":"Transient","floor":47,"turns":5},{"damage":1,"enemies":"Donu and Deca","floor":50,"turns":6},{"damage":2,"enemies":"Shield and Spear","floor":54,"turns":4},{"damage":10,"enemies":"The Heart","floor":55,"turns":5}],"seed_played":"2425969727620722410","potions_obtained":[{"floor":5,"key":"Energy Potion"},{"floor":6,"key":"Explosive Potion"},{"floor":7,"key":"SpeedPotion"},{"floor":13,"key":"SkillPotion"},{"floor":14,"key":"ColorlessPotion"},{"floor":23,"key":"DuplicationPotion"},{"floor":27,"key":"ColorlessPotion"},{"floor":28,"key":"EssenceOfSteel"},{"floor":30,"key":"Weak Potion"},{"floor":31,"key":"Regen Potion"},{"floor":40,"key":"EntropicBrew"},{"floor":42,"key":"Explosive Potion"}],"is_trial":false,"path_per_floor":["M","M","?","?","M","E","M","E","T","R","E","R","E","M","R","B",null,"M","?","T","$","?","E","?","E","T","E","M","M","E","M","R","B",null,"M","?","T","$","M","E","?","E","T","?","E","?","M","?","R","B",null,"R","$","E","B",null],"character_chosen":"IRONCLAD","items_purchased":["Dead Branch","Mummified Hand","Shrug It Off","Medical Kit","Shrug It Off","ClockworkSouvenir","Metallicize","Blue Candle","Turnip","Thread and Needle","Vajra"],"campfire_rested":0,"item_purchase_floors":[0,0,0,0,0,0,0,21,53,53,53],"current_hp_per_floor":[78,80,85,85,85,69,69,58,58,58,43,43,35,41,41,46,75,72,42,42,42,26,31,31,37,37,52,52,52,52,52,52,52,52,52,52,52,52,52,52,54,62,62,62,66,66,66,66,66,66,66,66,66,66,66],"gold":59,"neow_bonus":"","is_daily":false,"chose_seed":false,"campfire_upgraded":4,"win_rate":0.0,"timestamp":1612091231,"path_taken":["M","M","?","?","M","E","M","E","T","R","E","R","E","?","R","BOSS","M","?","?","$","?","E","?","E","T","E","M","?","E","M","R","BOSS","M","?","?","$","M","E","?","E","T","?","E","?","?","?","R","BOSS","R","$","E","BOSS"],"items_purchased_type":["Relic","Relic","Card","Relic","Card","Relic","Card","Relic","Relic","Relic","Relic"],"build_version":"2020-12-22","purchased_purges":3,"victory":true,"max_hp_per_floor":[80,80,85,85,85,85,85,85,85,85,85,85,85,85,85,85,85,85,42,42,42,42,42,42,42,42,52,52,52,52,52,52,52,52,52,52,52,52,52,52,66,66,66,66,66,66,66,66,66,66,66,66,66,66,66],"card_choices":[{"not_picked":["Flex","Warcry"],"picked":"Rampage","floor":1.0},{"not_picked":["Cleave","Body Slam"],"picked":"Juggernaut","floor":2.0},{"not_picked":["Demon Form+1","Exhume+1"],"picked":"Fiend Fire+1","floor":4},{"not_picked":["Dual Wield+1","Rupture+1"],"picked":"Seeing Red+1","floor":4},{"not_picked":["Intimidate+1","Metallicize+1"],"picked":"Spot Weakness+1","floor":4},{"not_picked":["Whirlwind","Clothesline","Armaments"],"picked":"SKIP","floor":5},{"not_picked":["Searing Blow","Headbutt"],"picked":"Wild Strike","floor":6},{"not_picked":["Shrug It Off","Wild Strike"],"picked":"Metallicize","floor":7},{"not_picked":["Iron Wave","Battle Trance"],"picked":"Demon Form","floor":8},{"not_picked":["Ghostly Armor+1","Sentinel+1","Thunderclap"],"picked":"SKIP","floor":11},{"not_picked":["Evolve+1","Anger","Uppercut"],"picked":"SKIP","floor":13},{"not_picked":["Shrug It Off+1","Twin Strike","Hemokinesis"],"picked":"SKIP","floor":14},{"not_picked":["Double Tap+1","Bludgeon"],"picked":"Offering+1","floor":16},{"not_picked":["Pommel Strike","Warcry+1","Ghostly Armor+1"],"picked":"SKIP","floor":18},{"not_picked":["Blood for Blood","Perfected Strike","Wild Strike"],"picked":"SKIP","floor":23},{"not_picked":["Iron Wave+1","Cleave","Thunderclap"],"picked":"SKIP","floor":25},{"not_picked":["Reckless Charge","Anger+1"],"picked":"Power Through+1","floor":27},{"not_picked":["Warcry+1","Heavy Blade"],"picked":"Metallicize+1","floor":28},{"not_picked":["Carnage+1","Clash","Anger+1"],"picked":"SKIP","floor":29},{"not_picked":["Sword Boomerang","Blood for Blood","Carnage+1"],"picked":"SKIP","floor":30},{"not_picked":["Armaments+1","Burning Pact+1","Dual Wield+1"],"picked":"SKIP","floor":31},{"not_picked":["Anger","Shrug It Off+1"],"picked":"Shockwave+1","floor":35},{"not_picked":["Seeing Red+1","Dropkick","Armaments+1"],"picked":"SKIP","floor":39},{"not_picked":["Iron Wave","Clash+1"],"picked":"True Grit+1","floor":40},{"not_picked":["Dark Embrace+1","Flex+1","Shockwave+1"],"picked":"SKIP","floor":42},{"not_picked":["Flame Barrier+1","Exhume+1","Armaments+1"],"picked":"SKIP","floor":45},{"not_picked":["Clothesline+1","Fire Breathing+1","Hemokinesis+1"],"picked":"SKIP","floor":47},{"not_picked":["Bludgeon","Sword Boomerang","True Grit+1"],"picked":"SKIP","floor":54}],"player_experience":1273555,"relics_obtained":[{"floor":6,"key":"The Courier"},{"floor":8,"key":"Whetstone"},{"floor":11,"key":"Toxic Egg 2"},{"floor":13,"key":"Frozen Egg 2"},{"floor":20,"key":"MawBank"},{"floor":23,"key":"Girya"},{"floor":23,"key":"Lizard Tail"},{"floor":25,"key":"Dream Catcher"},{"floor":25,"key":"Ornamental Fan"},{"floor":26,"key":"Kunai"},{"floor":27,"key":"Pear"},{"floor":27,"key":"Ginger"},{"floor":30,"key":"Magic Flower"},{"floor":30,"key":"Omamori"},{"floor":37,"key":"Boot"},{"floor":40,"key":"CeramicFish"},{"floor":40,"key":"InkBottle"},{"floor":41,"key":"Mango"},{"floor":42,"key":"Pocketwatch"},{"floor":42,"key":"Oddly Smooth Stone"},{"floor":43,"key":"Gremlin Horn"},{"floor":45,"key":"Nunchaku"},{"floor":45,"key":"Du-Vu Doll"},{"floor":54,"key":"Pantograph"},{"floor":54,"key":"Bag of Marbles"}],"event_choices":[{"damage_healed":0.0,"max_hp_gain":5.0,"max_hp_loss":0.0,"gold_gain":0.0,"event_name":"Big Fish","player_choice":"Donut","floor":3.0,"gold_loss":0.0,"damage_taken":0.0},{"damage_healed":0,"gold_gain":0,"player_choice":"2","damage_taken":0,"max_hp_gain":0,"max_hp_loss":0,"event_name":"betterMatch:BetterMatch","floor":4,"gold_loss":0,"cards_obtained":["betterMatch:UncommonCard","betterMatch:UncommonCard","betterMatch:RareCard"]},{"damage_healed":0,"gold_gain":0,"player_choice":"Became a Ghost","damage_taken":0,"max_hp_gain":0,"max_hp_loss":43,"event_name":"Ghosts","floor":19,"gold_loss":0,"cards_obtained":["Ghostly","Ghostly","Ghostly","Ghostly","Ghostly"]},{"damage_healed":0,"gold_gain":0,"player_choice":"Obtained Book","damage_taken":16,"max_hp_gain":0,"max_hp_loss":0,"event_name":"Cursed Tome","floor":22,"gold_loss":0},{"damage_healed":0,"gold_gain":0,"player_choice":"Obtained Relic","damage_taken":0,"relics_obtained":["Orichalcum"],"max_hp_gain":0,"max_hp_loss":0,"event_name":"Addict","floor":24,"gold_loss":85},{"damage_healed":0,"gold_gain":3,"player_choice":"1","damage_taken":0,"max_hp_gain":0,"max_hp_loss":0,"event_name":"betterStone:BetterStone","floor":36,"gold_loss":0},{"damage_healed":0,"gold_gain":0,"player_choice":"Fight","damage_taken":0,"max_hp_gain":0,"max_hp_loss":0,"event_name":"Mysterious Sphere","floor":41,"gold_loss":0},{"damage_healed":0,"gold_gain":0,"player_choice":"Ignored","damage_taken":0,"max_hp_gain":0,"max_hp_loss":0,"event_name":"Tomb of Lord Red Mask","floor":44,"gold_loss":0},{"cards_removed":["Bash"],"damage_healed":0,"gold_gain":0,"player_choice":"Removed Attack","damage_taken":0,"max_hp_gain":0,"max_hp_loss":0,"event_name":"Falling","floor":46,"gold_loss":0},{"damage_healed":0,"gold_gain":100,"player_choice":"Pray","damage_taken":0,"max_hp_gain":0,"max_hp_loss":0,"event_name":"Golden Shrine","floor":48,"gold_loss":0}],"is_beta":false,"boss_relics":[{"not_picked":["Fusion Hammer","SacredBark"],"picked":"Black Star"},{"not_picked":["Black Blood","Astrolabe"],"picked":"Snecko Eye"}],"items_purged_floors":[0,0,38],"is_endless":false,"potions_floor_spawned":[5,6,7,13,14,23,27,28,30,31,40,42,47],"ascension_level":10}}