{"host":"1x0iiauhsd6tfigj","time":1612070888,"event":{"mods":["AchievementEnabler","BaseMod","Block Reminder","Colored Map","Colored Powertips","DeckTracker","Googly Eyes","Highlight Path","Minty Spire (QoL Compilation)","Permanent Neow","Quick Restart","Relic Sorter","Relic Stats","Slay-I","StSLib"],"gold_per_floor":[115,133,144,107,72,103,103,122,149,149,149,169,169,183,183,280,280,263,263,280,53,72,72,86,86,86,86,86,98,47,65,65,65,65],"floor_reached":33,"language":"ENG","playtime":1254,"items_purged":[],"score":289,"play_id":"16b52ca6-d81a-4d7b-b345-14f3b19f5654","local_time":"20210130222808","is_ascension_mode":true,"campfire_choices":[{"floor":7,"key":"REST"},{"floor":15,"key":"REST"},{"data":"Vault","floor":23,"key":"SMITH"},{"floor":25,"key":"REST"},{"floor":32,"key":"REST"}],"circlet_count":0,"master_deck":["Strike_P+1","Strike_P+1","Strike_P+1","Strike_P+1","Defend_P+1","Defend_P+1","Defend_P+1","Defend_P+1","Eruption+1","Vigilance","BowlingBash","Prostrate","BowlingBash","Conclude","FollowUp","Swivel","Protect","Vault+1","BowlingBash","FollowUp","Consecrate","Wallop+1","Shame","FearNoEvil","Conclude"],"relics":["PureWater","Anchor","Bag of Marbles","Boot","Runic Pyramid","Toy Ornithopter","WingedGreaves","Bag of Preparation"],"acts_visited":["Exordium","TheCity"],"potions_floor_usage":[6,10,16,22,24,31],"damage_taken":[{"damage":32,"enemies":"Jaw Worm","floor":1,"turns":5},{"damage":0,"enemies":"2 Louse","floor":2,"turns":2},{"damage":0,"enemies":"Small Slimes","floor":3,"turns":3},{"damage":46,"enemies":"Lagavulin","floor":6,"turns":6},{"damage":3,"enemies":"Looter","floor":8,"turns":3},{"damage":0,"enemies":"2 Fungi Beasts","floor":10,"turns":1},{"damage":0,"enemies":"3 Louse","floor":12,"turns":1},{"damage":0,"enemies":"Blue Slaver","floor":14,"turns":1},{"damage":10,"enemies":"Slime Boss","floor":16,"turns":5},{"damage":7,"enemies":"2 Thieves","floor":18,"turns":4},{"damage":10,"enemies":"Spheric Guardian","floor":20,"turns":4},{"damage":0,"enemies":"3 Cultists","floor":22,"turns":3},{"damage":20,"enemies":"Snake Plant","floor":24,"turns":4},{"damage":4,"enemies":"Snecko","floor":29,"turns":4},{"damage":40,"enemies":"Centurion and Healer","floor":31,"turns":3},{"damage":57,"enemies":"Champ","floor":33,"turns":10}],"seed_played":"-5109548895870552639","potions_obtained":[{"floor":2,"key":"SmokeBomb"},{"floor":3,"key":"Weak Potion"},{"floor":12,"key":"Weak Potion"},{"floor":22,"key":"Swift Potion"}],"is_trial":false,"path_per_floor":["M","M","M","?","?","E","R","M","T","M","?","M","?","M","R","B",null,"M","?","M","$","M","R","M","R","T","?","?","M","$","M","R","B"],"character_chosen":"WATCHER","items_purchased":["Consecrate","Toy Ornithopter","FearPotion","BlessingOfTheForge"],"campfire_rested":4,"item_purchase_floors":[21,21,21,30],"current_hp_per_floor":[40,40,40,40,58,12,33,30,30,30,35,35,35,35,58,48,77,70,70,60,60,65,65,50,73,73,73,73,69,69,34,57,0,0],"gold":65,"neow_bonus":"RANDOM_COMMON_RELIC","is_daily":false,"chose_seed":false,"campfire_upgraded":1,"win_rate":0.0,"timestamp":1612070888,"path_taken":["M","M","M","?","?","E","R","?","T","M","?","M","?","M","R","BOSS","M","?","M","$","M","R","M","R","T","?","?","M","$","M","R","BOSS"],"items_purchased_type":["Card","Relic","Potion","Potion"],"build_version":"2020-12-22","purchased_purges":0,"victory":false,"max_hp_per_floor":[72,72,72,72,72,72,72,72,72,72,77,77,77,77,77,77,77,77,77,77,77,77,77,77,77,77,77,77,77,77,77,77,77,77],"relic_stats":{"counters":[16,59],"Bag of Preparation":[6],"Boot":[7],"obtain_stats":[{"Anchor":0,"WingedGreaves":26,"Bag of Marbles":6,"Bag of Preparation":27,"PureWater":0,"Boot":9,"Toy Ornithopter":21,"Runic Pyramid":17},{"Anchor":0,"WingedGreaves":13,"Bag of Marbles":4,"Bag of Preparation":13,"PureWater":0,"Boot":5,"Toy Ornithopter":11,"Runic Pyramid":9},{"Anchor":0,"WingedGreaves":42,"Bag of Marbles":16,"Bag of Preparation":42,"PureWater":0,"Boot":19,"Toy Ornithopter":35,"Runic Pyramid":27}],"Toy Ornithopter":15},"card_choices":[{"not_picked":["PathToVictory","Prostrate"],"picked":"BowlingBash","floor":1},{"not_picked":["Indignation","JustLucky"],"picked":"Prostrate","floor":2},{"not_picked":["FlyingSleeves","CrushJoints"],"picked":"BowlingBash","floor":3},{"not_picked":["Evaluate","Meditate"],"picked":"Conclude","floor":6},{"not_picked":["EmptyMind","Protect"],"picked":"FollowUp","floor":8},{"not_picked":["FlyingSleeves","BowlingBash"],"picked":"Swivel","floor":12},{"not_picked":["Brilliance","Meditate"],"picked":"Protect","floor":14},{"not_picked":["Omniscience","Brilliance"],"picked":"Vault","floor":16},{"not_picked":["CrushJoints+1","FlurryOfBlows"],"picked":"BowlingBash","floor":18},{"not_picked":["JustLucky+1","SandsOfTime"],"picked":"FollowUp","floor":20},{"not_picked":["CrushJoints","Halt","Worship"],"picked":"SKIP","floor":22},{"not_picked":["Crescendo+1","FollowUp"],"picked":"Wallop+1","floor":24},{"not_picked":["PathToVictory","FollowUp"],"picked":"FearNoEvil","floor":29},{"not_picked":["EmptyBody","Collect+1"],"picked":"Conclude","floor":31}],"player_experience":1588841,"relics_obtained":[{"floor":6,"key":"Bag of Marbles"},{"floor":9,"key":"Boot"},{"floor":26,"key":"WingedGreaves"}],"event_choices":[{"damage_healed":0,"gold_gain":0,"player_choice":"Left Gold","damage_taken":0,"max_hp_gain":0,"max_hp_loss":0,"event_name":"World of Goop","floor":4,"gold_loss":37},{"damage_healed":18,"gold_gain":0,"player_choice":"Healed","damage_taken":0,"max_hp_gain":0,"max_hp_loss":0,"event_name":"The Cleric","floor":5,"gold_loss":35},{"damage_healed":0,"gold_gain":0,"player_choice":"Donut","damage_taken":0,"max_hp_gain":5,"max_hp_loss":0,"event_name":"Big Fish","floor":11,"gold_loss":0},{"damage_healed":0,"gold_gain":0,"player_choice":"Grow","damage_taken":0,"max_hp_gain":0,"max_hp_loss":0,"event_name":"Living Wall","floor":13,"gold_loss":0,"cards_upgraded":["Eruption"]},{"damage_healed":0,"gold_gain":0,"player_choice":"Simplicity","damage_taken":0,"max_hp_gain":0,"max_hp_loss":0,"event_name":"Back to Basics","floor":19,"gold_loss":0,"cards_upgraded":["Strike_P","Strike_P","Strike_P","Strike_P","Defend_P","Defend_P","Defend_P","Defend_P"]},{"damage_healed":0,"gold_gain":0,"player_choice":"Stole Relic","damage_taken":0,"relics_obtained":["Bag of Preparation"],"max_hp_gain":0,"max_hp_loss":0,"event_name":"Addict","floor":27,"gold_loss":0,"cards_obtained":["Shame"]},{"damage_healed":0,"gold_gain":0,"player_choice":"Ignored","damage_taken":0,"max_hp_gain":0,"max_hp_loss":0,"event_name":"Vampires","floor":28,"gold_loss":0}],"is_beta":false,"boss_relics":[{"not_picked":["Sozu","Snecko Eye"],"picked":"Runic Pyramid"}],"items_purged_floors":[],"is_endless":false,"potions_floor_spawned":[2,3,12,22],"killed_by":"Champ","ascension_level":3}}