{"host":"udyc8f81k2jocuhg","time":1612096224,"event":{"mods":["2.2 Compatiblity","BaseMod","Better Third Choice","Colored Powertips","Conspire","Custom Start","GifTheSpireLib","Hermit","Minty Spire (QoL Compilation)","Permanent Neow","Quick Restart","Relic Filter","Relic Stats","Replay The Spire","Shop Mod","Spikes Relics","StSLib","Stuff the Spire"],"gold_per_floor":[10,26,26,39,53,53,53],"floor_reached":6,"language":"ENG","playtime":375,"items_purged":[],"score":68,"play_id":"46a5a2aa-7a31-4e24-b636-4296e7bf58f2","local_time":"20210131133024","is_ascension_mode":true,"campfire_choices":[],"circlet_count":0,"master_deck":["AscendersBane","Strike_G","Strike_G","Strike_G","Strike_G","Defend_G","Defend_G","Defend_G","Defend_G","Defend_G","Survivor","Neutralize","Deflect","Backflip","Flying Knee"],"relics":["Ring of the Snake","The Specimen"],"acts_visited":["Exordium"],"potions_floor_usage":[],"damage_taken":[{"damage":10,"enemies":"Small Slimes","floor":1,"turns":6},{"damage":1,"enemies":"Cultist","floor":2,"turns":5},{"damage":0,"enemies":"2 Louse","floor":4,"turns":3},{"damage":2,"enemies":"Looter","floor":5,"turns":5},{"damage":26,"enemies":"3 Sentries","floor":6,"turns":8}],"seed_played":"-6498085672100449837","potions_obtained":[{"floor":5,"key":"Dexterity Potion"}],"is_trial":false,"path_per_floor":["M","M","?","M","M","E"],"character_chosen":"THE_SILENT","items_purchased":[],"campfire_rested":0,"item_purchase_floors":[],"current_hp_per_floor":[49,48,48,48,46,20,20],"gold":53,"neow_bonus":"ONE_RARE_RELIC","is_daily":false,"chose_seed":false,"campfire_upgraded":0,"win_rate":0.0,"timestamp":1612096224,"path_taken":["M","M","?","M","M","E"],"items_purchased_type":[],"build_version":"2020-12-22","purchased_purges":0,"victory":false,"max_hp_per_floor":[66,66,66,66,66,66,66],"relic_stats":{"counters":[5,27],"obtain_stats":[{"The Specimen":0,"Ring of the Snake":0},{"The Specimen":0,"Ring of the Snake":0},{"The Specimen":0,"Ring of the Snake":0}],"Ring of the Snake":[10]},"card_choices":[{"not_picked":["Backflip","Prepared"],"picked":"Deflect","floor":1},{"not_picked":["Setup","Concentrate"],"picked":"Backflip","floor":2},{"not_picked":["Underhanded Strike","Unload","StuffTheSpire:Injection"],"picked":"SKIP","floor":4},{"not_picked":["Slice","Hidden Blade"],"picked":"Flying Knee","floor":5}],"player_experience":2035504,"relics_obtained":[],"event_choices":[{"cards_removed":["Strike_G"],"damage_healed":0,"gold_gain":0,"player_choice":"Purged","damage_taken":0,"max_hp_gain":0,"max_hp_loss":0,"event_name":"Purifier","floor":3,"gold_loss":0}],"is_beta":false,"boss_relics":[],"items_purged_floors":[],"is_endless":false,"potions_floor_spawned":[5],"killed_by":"3 Sentries","ascension_level":16}}