{"host":"3a1ypf1irl30q4k8","time":1612103456,"event":{"mods":["AchievementEnabler","BaseMod","Bestiary","Colored Map","Minty Spire (QoL Compilation)","Relic Stats"],"gold_per_floor":[119,119,119,129,139,139,167,167,194,6,24,35,9,43,43,155,155,182,39,62,82,0,41,41,78,78,78,93,122,158,180,180,291,318,340,1,14,14,24,66,66,109,180,214,269,92,125,225,225,225,225,225,36,78,78],"floor_reached":56,"language":"ENG","playtime":3848,"items_purged":["Strike_P"],"score":1548,"play_id":"d73f9780-0b05-4b0b-94de-35fa35dd79b3","local_time":"20210131143056","is_ascension_mode":true,"campfire_choices":[{"data":"BattleHymn","floor":6.0,"key":"SMITH"},{"floor":8.0,"key":"REST"},{"floor":15.0,"key":"REST"},{"floor":24.0,"key":"RECALL"},{"floor":27.0,"key":"REST"},{"floor":32.0,"key":"REST"},{"floor":49.0,"key":"REST"},{"floor":52.0,"key":"REST"}],"circlet_count":0,"master_deck":["Strike_P+1","Defend_P+1","Defend_P+1","Defend_P+1","Eruption+1","Vigilance+1","LessonLearned+1","BattleHymn+1","FearNoEvil","FlyingSleeves+1","Crescendo+1","Wallop+1","Fasting2+1","Halt+1","Evaluate+1","ClearTheMind","Vault+1","Halt","FlurryOfBlows","Tantrum+1","SandsOfTime","CutThroughFate","MentalFortress+1","Adaptation","Tantrum+1","DeusExMachina","Wish+1","Meditate+1","ClearTheMind+1","EmptyMind+1","FlurryOfBlows+1","Halt","FlyingSleeves+1","Wallop+1","Evaluate+1","WaveOfTheHand","ThirdEye","EmptyBody+1"],"relics":["PureWater","Tiny Chest","CeramicFish","Fusion Hammer","Anchor","Pear","Bottled Flame","Mummified Hand","Molten Egg 2","Astrolabe","Gremlin Horn","Vajra","Regal Pillow","Bag of Preparation","InkBottle","Ornamental Fan","ClockworkSouvenir","Whetstone","Sling","Oddly Smooth Stone"],"acts_visited":["Exordium","TheCity","TheBeyond","TheEnding"],"potions_floor_usage":[55,55],"damage_taken":[{"damage":2.0,"enemies":"Jaw Worm","floor":1.0,"turns":3.0},{"damage":1.0,"enemies":"2 Louse","floor":4.0,"turns":2.0},{"damage":2.0,"enemies":"Cultist","floor":5.0,"turns":4.0},{"damage":32.0,"enemies":"3 Sentries","floor":7.0,"turns":11.0},{"damage":13.0,"enemies":"Exordium Thugs","floor":11.0,"turns":4.0},{"damage":9.0,"enemies":"Large Slime","floor":12.0,"turns":3.0},{"damage":0.0,"enemies":"Lagavulin","floor":14.0,"turns":4.0},{"damage":37.0,"enemies":"The Guardian","floor":16.0,"turns":8.0},{"damage":4.0,"enemies":"Chosen","floor":18.0,"turns":4.0},{"damage":0.0,"enemies":"Spheric Guardian","floor":20.0,"turns":3.0},{"damage":5.0,"enemies":"Snake Plant","floor":21.0,"turns":3.0},{"damage":0.0,"enemies":"Gremlin Leader","floor":23.0,"turns":4.0},{"damage":11.0,"enemies":"Slavers","floor":25.0,"turns":5.0},{"damage":0.0,"enemies":"Chosen and Byrds","floor":28.0,"turns":5.0},{"damage":10.0,"enemies":"Shelled Parasite and Fungi","floor":29.0,"turns":5.0},{"damage":21.0,"enemies":"Book of Stabbing","floor":30.0,"turns":5.0},{"damage":14.0,"enemies":"Snake Plant","floor":31.0,"turns":4.0},{"damage":18.0,"enemies":"Champ","floor":33.0,"turns":6.0},{"damage":0.0,"enemies":"Orb Walker","floor":35.0,"turns":3.0},{"damage":0.0,"enemies":"3 Shapes","floor":37.0,"turns":2.0},{"damage":0.0,"enemies":"Transient","floor":39.0,"turns":6.0},{"damage":2.0,"enemies":"Reptomancer","floor":40.0,"turns":5.0},{"damage":9.0,"enemies":"Nemesis","floor":42.0,"turns":6.0},{"damage":0.0,"enemies":"Reptomancer","floor":44.0,"turns":2.0},{"damage":0.0,"enemies":"Jaw Worm Horde","floor":45.0,"turns":5.0},{"damage":49.0,"enemies":"Nemesis","floor":47.0,"turns":4.0},{"damage":5.0,"enemies":"Time Eater","floor":50.0,"turns":4.0},{"damage":25,"enemies":"Shield and Spear","floor":54,"turns":8},{"damage":26,"enemies":"The Heart","floor":55,"turns":8}],"seed_played":"7566526806365511936","potions_obtained":[{"floor":7.0,"key":"PowerPotion"},{"floor":12.0,"key":"SkillPotion"},{"floor":14.0,"key":"Regen Potion"},{"floor":20.0,"key":"BottledMiracle"},{"floor":23.0,"key":"GamblersBrew"},{"floor":25.0,"key":"LiquidBronze"},{"floor":30.0,"key":"LiquidMemories"},{"floor":31.0,"key":"Ambrosia"},{"floor":37.0,"key":"ColorlessPotion"},{"floor":44.0,"key":"BlessingOfTheForge"},{"floor":47.0,"key":"SteroidPotion"}],"is_trial":false,"path_per_floor":["M","?","?","M","M","R","E","R","T","$","M","M","$","E","R","B",null,"M","$","M","M","?","E","R","E","T","R","M","M","E","M","R","B",null,"M","$","M","T","M","E","?","E","T","E","M","$","E","?","R","B",null,"R","$","E","B",null],"character_chosen":"WATCHER","items_purchased":["Wallop","Fasting2","Evaluate","Anchor","FlurryOfBlows+1","Gremlin Horn","LiquidBronze","ClockworkSouvenir","WaveOfTheHand","Sling","ThirdEye"],"campfire_rested":6,"item_purchase_floors":[10,10,13,19,36,36,36,46,46,53,53],"current_hp_per_floor":[63,63,63,62,60,60,28,47,47,47,34,25,25,25,44,22,65,61,61,61,56,56,66,66,55,55,75,75,65,44,30,52,34,75,75,75,75,75,75,73,71,62,62,62,62,62,13,13,49,44,71,71,71,46,20],"gold":78,"neow_bonus":"THREE_RARE_CARDS","is_daily":false,"chose_seed":false,"campfire_upgraded":1,"win_rate":0.0,"timestamp":1612103456,"path_taken":["M","?","?","M","M","R","E","R","T","$","M","?","?","E","R","BOSS","M","$","M","M","?","E","R","E","T","R","M","M","E","M","R","BOSS","M","$","M","?","M","E","?","E","T","E","M","$","E","?","R","BOSS","R","$","E","BOSS"],"items_purchased_type":["Card","Card","Card","Relic","Card","Relic","Potion","Relic","Card","Relic","Card"],"build_version":"2020-12-22","purchased_purges":1,"victory":true,"max_hp_per_floor":[65,65,65,65,65,65,65,65,65,65,65,65,65,65,65,65,65,65,65,65,65,65,75,75,75,75,75,75,75,75,75,75,75,75,75,75,75,75,75,75,71,71,71,71,71,71,71,71,71,71,71,71,71,71,71],"relic_stats":{"Regal Pillow":15,"Gremlin Horn":[13,12],"counters":[29,136],"Mummified Hand":[61],"Ornamental Fan":[92],"CeramicFish":207,"Astrolabe":["Wish","Meditate","ClearTheMind"],"Tiny Chest":1,"Bag of Preparation":[12],"Whetstone":["Wallop","FlyingSleeves"],"obtain_stats":[{"Regal Pillow":40,"Pear":23,"Gremlin Horn":36,"CeramicFish":14,"Astrolabe":34,"Vajra":38,"Oddly Smooth Stone":54,"Bag of Preparation":42,"Whetstone":47,"Sling":53,"ClockworkSouvenir":46,"Anchor":19,"Bottled Flame":25,"Mummified Hand":26,"Ornamental Fan":44,"Tiny Chest":7,"Molten Egg 2":30,"Fusion Hammer":17,"PureWater":0,"InkBottle":43},{"Regal Pillow":22,"Pear":12,"Gremlin Horn":19,"CeramicFish":7,"Astrolabe":18,"Vajra":20,"Oddly Smooth Stone":28,"Bag of Preparation":23,"Whetstone":26,"Sling":27,"ClockworkSouvenir":25,"Anchor":9,"Bottled Flame":13,"Mummified Hand":13,"Ornamental Fan":24,"Tiny Chest":4,"Molten Egg 2":16,"Fusion Hammer":8,"PureWater":0,"InkBottle":23},{"Regal Pillow":99,"Pear":53,"Gremlin Horn":86,"CeramicFish":31,"Astrolabe":83,"Vajra":88,"Oddly Smooth Stone":128,"Bag of Preparation":105,"Whetstone":116,"Sling":120,"ClockworkSouvenir":112,"Anchor":43,"Bottled Flame":58,"Mummified Hand":58,"Ornamental Fan":107,"Tiny Chest":20,"Molten Egg 2":73,"Fusion Hammer":39,"PureWater":0,"InkBottle":105}],"InkBottle":[19]},"card_choices":[{"not_picked":["Brilliance","Establishment"],"picked":"LessonLearned","floor":0.0},{"not_picked":["Evaluate","Consecrate"],"picked":"BattleHymn","floor":1.0},{"not_picked":["JustLucky","ThirdEye"],"picked":"FearNoEvil","floor":4.0},{"not_picked":["MentalFortress","Pray"],"picked":"FlyingSleeves","floor":5.0},{"not_picked":["Protect","ClearTheMind"],"picked":"Crescendo","floor":7.0},{"not_picked":["Brilliance","Swivel","JustLucky"],"picked":"SKIP","floor":11.0},{"not_picked":["Pray","Indignation"],"picked":"Halt","floor":12.0},{"not_picked":["Perseverance","MasterReality"],"picked":"ClearTheMind","floor":14.0},{"not_picked":["Judgement","Alpha"],"picked":"Vault","floor":16.0},{"not_picked":["Consecrate","BowlingBash"],"picked":"Halt","floor":18.0},{"not_picked":["FollowUp+1","Wireheading"],"picked":"FlurryOfBlows","floor":20.0},{"not_picked":["BowlingBash+1","Fasting2"],"picked":"Tantrum+1","floor":21.0},{"not_picked":["Collect","Worship"],"picked":"SandsOfTime","floor":23.0},{"not_picked":["InnerPeace","Evaluate+1"],"picked":"CutThroughFate","floor":25.0},{"not_picked":["CrushJoints","Prostrate","FollowUp"],"picked":"SKIP","floor":28.0},{"not_picked":["Pray","Evaluate"],"picked":"MentalFortress","floor":29.0},{"not_picked":["FollowUp+1","ForeignInfluence"],"picked":"Adaptation","floor":30.0},{"not_picked":["ClearTheMind+1","Collect+1"],"picked":"Tantrum+1","floor":31.0},{"not_picked":["Wish","Judgement"],"picked":"DeusExMachina","floor":33.0},{"not_picked":["SashWhip+1","Crescendo"],"picked":"EmptyMind+1","floor":35.0},{"not_picked":["Consecrate+1","FlyingSleeves+1","Pray"],"picked":"SKIP","floor":37.0},{"not_picked":["Pray+1","BowlingBash+1","EmptyMind+1"],"picked":"SKIP","floor":39.0},{"not_picked":["SpiritShield","ThirdEye+1"],"picked":"Halt","floor":40.0},{"not_picked":["Swivel+1","Consecrate+1"],"picked":"FlyingSleeves+1","floor":42.0},{"not_picked":["SignatureMove+1","FlyingSleeves+1"],"picked":"Wallop+1","floor":44.0},{"not_picked":["Wish","Fasting2"],"picked":"Evaluate+1","floor":45.0},{"not_picked":["Judgement","FlyingSleeves+1","CutThroughFate+1"],"picked":"SKIP","floor":47.0},{"not_picked":["BattleHymn+1","CarveReality+1"],"picked":"EmptyBody+1","floor":54}],"player_experience":1268639,"relics_obtained":[{"floor":7.0,"key":"Tiny Chest"},{"floor":14.0,"key":"CeramicFish"},{"floor":23.0,"key":"Pear"},{"floor":25.0,"key":"Bottled Flame"},{"floor":26.0,"key":"Mummified Hand"},{"floor":30.0,"key":"Molten Egg 2"},{"floor":38.0,"key":"Vajra"},{"floor":40.0,"key":"Regal Pillow"},{"floor":42.0,"key":"Bag of Preparation"},{"floor":43.0,"key":"InkBottle"},{"floor":44.0,"key":"Ornamental Fan"},{"floor":47.0,"key":"Whetstone"},{"floor":54,"key":"Oddly Smooth Stone"}],"event_choices":[{"damage_healed":0.0,"max_hp_gain":0.0,"max_hp_loss":0.0,"gold_gain":0.0,"event_name":"Liars Game","player_choice":"Ignored","floor":2.0,"gold_loss":0.0,"damage_taken":0.0},{"damage_healed":0.0,"max_hp_gain":0.0,"max_hp_loss":0.0,"gold_gain":0.0,"event_name":"Accursed Blacksmith","player_choice":"Forge","floor":3.0,"gold_loss":0.0,"damage_taken":0.0,"cards_upgraded":["LessonLearned"]},{"damage_healed":0.0,"max_hp_gain":0.0,"max_hp_loss":0.0,"gold_gain":0.0,"event_name":"Masked Bandits","player_choice":"Paid Fearfully","floor":22.0,"gold_loss":82.0,"damage_taken":0.0},{"damage_healed":0.0,"max_hp_gain":0.0,"max_hp_loss":4.0,"gold_gain":0.0,"event_name":"Winding Halls","player_choice":"Max HP","floor":41.0,"gold_loss":0.0,"damage_taken":0.0},{"damage_healed":0.0,"max_hp_gain":0.0,"max_hp_loss":0.0,"gold_gain":100.0,"event_name":"Golden Shrine","player_choice":"Pray","floor":48.0,"gold_loss":0.0,"damage_taken":0.0}],"is_beta":false,"boss_relics":[{"not_picked":["Pandora\u0027s Box","SlaversCollar"],"picked":"Fusion Hammer"},{"not_picked":["Empty Cage","Sozu"],"picked":"Astrolabe"}],"items_purged_floors":[10],"is_endless":false,"potions_floor_spawned":[7,12,14,20,23,25,30,31,37,39,44,47],"ascension_level":3}}