{"host":"sy0sbf0rsk5t5kf4","time":1612076825,"event":{"mods":["BaseMod","Downfall","Minty Spire (QoL Compilation)","StSLib"],"gold_per_floor":[99,99,99,99,118,138,165,165,195,195,230,241,241,268,287,287,287,287],"floor_reached":16,"language":"ZHS","playtime":842,"items_purged":[],"score":124,"play_id":"cd628367-99d5-47c9-b806-d88acbcbdf28","local_time":"20210131150705","is_ascension_mode":true,"campfire_choices":[{"data":"Slimebound:Split","floor":1,"key":"SMITH"},{"data":"Slimebound:Grow","floor":8,"key":"SMITH"},{"data":"Slimebound:Gluttony","floor":10,"key":"SMITH"}],"circlet_count":0,"master_deck":["Slimebound:Strike_Slimebound","Slimebound:Strike_Slimebound","Slimebound:Tackle","Slimebound:Defend_Slimebound","Slimebound:Defend_Slimebound","Slimebound:Defend_Slimebound","Slimebound:Defend_Slimebound","Slimebound:Split+1","Slimebound:CorrosiveSpit","Slimebound:ItLooksTasty","Slimebound:LeechingTouch","Slimebound:Grow+1","Slimebound:ItLooksTasty","Slimebound:Gluttony+1","Slimebound:RainOfGoop","Slimebound:LivingWall","Slimebound:SlimeSpikes","Slimebound:GoopSpray"],"relics":["Slimebound:AbsorbEndCombat","downfall:HeartsMalice","Nunchaku","The Courier","White Beast Statue","Shuriken"],"acts_visited":["Exordium"],"potions_floor_usage":[9,12,14,16,16],"damage_taken":[{"damage":0,"enemies":"Small Slimes","floor":2,"turns":1},{"damage":0,"enemies":"Jaw Worm","floor":3,"turns":1},{"damage":0,"enemies":"Cultist","floor":4,"turns":1},{"damage":18,"enemies":"Lots of Slimes","floor":5,"turns":4},{"damage":4,"enemies":"Exordium Wildlife","floor":6,"turns":3},{"damage":13,"enemies":"Gremlin Nob","floor":9,"turns":3},{"damage":39,"enemies":"3 Sentries","floor":11,"turns":8},{"damage":0,"enemies":"3 Louse","floor":12,"turns":3},{"damage":10,"enemies":"Gremlin Nob","floor":14,"turns":4},{"damage":2,"enemies":"Large Slime","floor":15,"turns":6},{"damage":24,"enemies":"WA_ARCHETYPE_RETAIN","floor":16,"turns":10}],"seed_played":"-784974207338460924","potions_obtained":[{"floor":5,"key":"Fire Potion"},{"floor":9,"key":"Fire Potion"},{"floor":12,"key":"Fire Potion"},{"floor":14,"key":"GamblersBrew"},{"floor":15,"key":"Dexterity Potion"}],"is_trial":false,"path_per_floor":["R","M","M","M","M","M","T","R","E","R","E","M","?","E","M","B"],"character_chosen":"SLIMEBOUND","items_purchased":[],"campfire_rested":0,"item_purchase_floors":[],"current_hp_per_floor":[65,65,65,65,51,49,49,49,42,42,9,11,11,9,15,0,0,0],"gold":287,"neow_bonus":"THREE_ENEMY_KILL","is_daily":false,"chose_seed":false,"campfire_upgraded":3,"win_rate":0.0,"timestamp":1612076825,"path_taken":["R","M","M","M","M","M","T","R","E","R","E","M","?","E","M","BOSS"],"items_purchased_type":[],"build_version":"2020-12-22","purchased_purges":0,"victory":false,"max_hp_per_floor":[65,65,65,65,65,65,65,65,65,65,65,65,65,65,65,65,65,65],"card_choices":[{"not_picked":["Slimebound:PressTheAttack","Slimebound:TongueLash"],"picked":"Slimebound:ItLooksTasty","floor":2},{"not_picked":["Slimebound:SplitAcid","Slimebound:SlimeSpikes"],"picked":"Slimebound:LeechingTouch","floor":3},{"not_picked":["Slimebound:ComboTackle","Slimebound:ServeAndProtect","Slimebound:SplitBruiser"],"picked":"SKIP","floor":4},{"not_picked":["Slimebound:FinishingTackle","Slimebound:Schlurp"],"picked":"Slimebound:Grow","floor":5},{"not_picked":["Slimebound:PressTheAttack","Slimebound:ComboTackle"],"picked":"Slimebound:ItLooksTasty","floor":6},{"not_picked":["Slimebound:SlimeSlap","Slimebound:SpikyOuterGoop"],"picked":"Slimebound:Gluttony","floor":9},{"not_picked":["Slimebound:ViciousTackle","Slimebound:Chomp"],"picked":"Slimebound:RainOfGoop","floor":11},{"not_picked":["Slimebound:Nibble","Slimebound:LeechingTouch"],"picked":"Slimebound:LivingWall","floor":12},{"not_picked":["Slimebound:SplitBruiser","Slimebound:RallyTheTroops"],"picked":"Slimebound:SlimeSpikes","floor":14},{"not_picked":["Slimebound:SplitLeeching","Slimebound:Schlurp"],"picked":"Slimebound:GoopSpray","floor":15}],"player_experience":185038,"relics_obtained":[{"floor":7,"key":"Nunchaku"},{"floor":9,"key":"The Courier"},{"floor":11,"key":"White Beast Statue"},{"floor":14,"key":"Shuriken"}],"event_choices":[{"cards_removed":["Slimebound:Strike_Slimebound"],"damage_healed":0,"gold_gain":0,"player_choice":"Card Removal","damage_taken":0,"max_hp_gain":0,"max_hp_loss":0,"event_name":"The Cleric","floor":13,"gold_loss":0}],"is_beta":false,"boss_relics":[],"items_purged_floors":[],"is_endless":false,"potions_floor_spawned":[5,9,12,14,15],"killed_by":"WA_ARCHETYPE_RETAIN","ascension_level":1}}