{"host":"y76x98twjnyyxs83","time":1612128247,"event":{"mods":["BaseMod","Colored Powertips","Minty Spire (QoL Compilation)","Permanent Neow","Quick Restart","Rare Cards Sparkle","Relic Stats","StSLib"],"gold_per_floor":[113,129,145,145,145,145,145],"floor_reached":6,"language":"ENG","playtime":168,"items_purged":[],"score":72,"play_id":"44299b67-1eca-41bb-9626-7c7a719e1625","local_time":"20210201052407","is_ascension_mode":true,"campfire_choices":[],"circlet_count":0,"master_deck":["AscendersBane","Strike_P","Strike_P","Strike_P+1","Strike_P","Defend_P","Defend_P","Defend_P","Defend_P+1","Eruption","Vigilance","EmptyFist","CutThroughFate"],"relics":["VioletLotus","Golden Idol"],"acts_visited":["Exordium"],"potions_floor_usage":[],"damage_taken":[{"damage":9,"enemies":"Jaw Worm","floor":1,"turns":5},{"damage":10,"enemies":"2 Louse","floor":2,"turns":3},{"damage":0,"enemies":"Small Slimes","floor":3,"turns":2},{"damage":29,"enemies":"3 Sentries","floor":6,"turns":4}],"seed_played":"621695336014078964","potions_obtained":[{"floor":3,"key":"SpeedPotion"}],"is_trial":false,"path_per_floor":["M","M","M","?","?","E"],"character_chosen":"WATCHER","items_purchased":[],"campfire_rested":0,"item_purchase_floors":[],"current_hp_per_floor":[52,42,42,42,23,0,0],"gold":145,"neow_bonus":"BOSS_RELIC","is_daily":false,"chose_seed":false,"campfire_upgraded":0,"win_rate":0.0,"timestamp":1612128247,"path_taken":["M","M","M","?","?","E"],"items_purchased_type":[],"build_version":"2020-12-22","purchased_purges":0,"victory":false,"max_hp_per_floor":[68,68,68,62,62,62,62],"relic_stats":{"counters":[4,14],"Golden Idol":0,"VioletLotus":[2],"obtain_stats":[{"Golden Idol":4,"VioletLotus":0,"PureWater":0},{"Golden Idol":3,"VioletLotus":0,"PureWater":0},{"Golden Idol":10,"VioletLotus":0,"PureWater":0}]},"card_choices":[{"not_picked":["FlurryOfBlows","Sanctity"],"picked":"EmptyFist","floor":1},{"not_picked":["EmptyFist","JustLucky","Halt"],"picked":"SKIP","floor":2},{"not_picked":["DeceiveReality","Crescendo"],"picked":"CutThroughFate","floor":3}],"player_experience":1183520,"relics_obtained":[],"event_choices":[{"damage_healed":0,"gold_gain":0,"player_choice":"Lose Max HP","damage_taken":0,"relics_obtained":["Golden Idol"],"max_hp_gain":0,"max_hp_loss":6,"event_name":"Golden Idol","floor":4,"gold_loss":0},{"damage_healed":0,"gold_gain":0,"player_choice":"Entered Light","damage_taken":19,"max_hp_gain":0,"max_hp_loss":0,"event_name":"Shining Light","floor":5,"gold_loss":0,"cards_upgraded":["Defend_P","Strike_P"]}],"is_beta":false,"boss_relics":[],"items_purged_floors":[],"is_endless":false,"potions_floor_spawned":[3],"killed_by":"3 Sentries","ascension_level":20}}