{"host":"cpnwtw6j9ov48mid","time":1612117912,"event":{"mods":["AchievementEnabler","Act Like it!","Aspiration","BaseMod","Bestiary","Better Third Choice","BetterRewards","CapriCore","Colored Map","Colored Powertips","Conspire","Energized Spire","Friendly Minions","GifTheSpireLib","Gold Saver","Halation","Hubris","Infinite Spire","Jedi Mod","Marked Mod","Minty Spire (QoL Compilation)","Permanent Neow","Quarter Circle Forward PUNCH!","Quick Restart","RRrroohrrRGHHhhh!!","Rare Cards Sparkle","RatMod","Relic Stats","Replay The Spire","Small Relic Pack","StSLib","Stuff the Spire","The Animator","The Blue Laboratory","The Marked","Transform Curses","yUi"],"gold_per_floor":[110,120,136,190,205,233,233,73,100,23,43,62,73,87,87,217,217,232,251,251,251,251],"floor_reached":21,"language":"ENG","playtime":1228,"items_purged":[],"score":185,"play_id":"2fc00cc5-9c7b-424b-8c9f-1a211aa60b7e","local_time":"20210131193152","is_ascension_mode":false,"campfire_choices":[{"floor":7.0,"key":"REST"}],"circlet_count":0,"master_deck":["theMarked:Strike","theMarked:Strike","theMarked:Strike","theMarked:Strike","theMarked:Strike","theMarked:Defend","theMarked:Defend","theMarked:Defend","theMarked:Defend","theMarked:SoldierOfQuellstein+1","theMarked:BanishingStrike","theMarked:SwordAndMagic","theMarked:Memento","theMarked:Frustration","theMarked:ElectricStrings","theMarked:Static","theMarked:BindingBlade","theMarked:MuscleMemory","theMarked:EmpowerWeapon","theMarked:Electrocute","theMarked:RogueSparks","theMarked:Aftermath","rorgmod:Ache","theMarked:EternalStudent","theMarked:WardOff"],"relics":["theMarked:ArtifactOfAir","infinitespire:EmpoweringShard","Lantern","Replay:Wax Seal","Golden Idol","hubris:Backtick","Matryoshka","GremlinMask"],"acts_visited":["Exordium","TheCity"],"potions_floor_usage":[16,16,18],"damage_taken":[{"damage":0.0,"enemies":"2 Louse","floor":1.0,"turns":3.0},{"damage":1.0,"enemies":"Jaw Worm","floor":2.0,"turns":3.0},{"damage":0.0,"enemies":"Cultist","floor":3.0,"turns":3.0},{"damage":7.0,"enemies":"Blue Slaver","floor":5.0,"turns":2.0},{"damage":17.0,"enemies":"Gremlin Nob","floor":6.0,"turns":4.0},{"damage":3.0,"enemies":"2 Fungi Beasts","floor":11.0,"turns":2.0},{"damage":1,"enemies":"Exordium Wildlife","floor":12,"turns":2},{"damage":2,"enemies":"Exordium Thugs","floor":13,"turns":4},{"damage":2,"enemies":"3 Louse","floor":14,"turns":2},{"damage":25,"enemies":"Hexaghost","floor":16,"turns":7},{"damage":21,"enemies":"3 Byrds","floor":18,"turns":4},{"damage":10,"enemies":"Chosen","floor":19,"turns":4},{"damage":43,"enemies":"3 Cultists","floor":21,"turns":4}],"seed_played":"-7909973208302186090","potions_obtained":[{"floor":3.0,"key":"blueLaboratory:AbyssPotion"},{"floor":4.0,"key":"blueLaboratory:EnragingPotion"},{"floor":5.0,"key":"BlessingOfTheForge"},{"floor":11.0,"key":"blueLaboratory:BubblePotion"},{"floor":16,"key":"SkillPotion"},{"floor":18,"key":"SteroidPotion"}],"is_trial":false,"path_per_floor":["M","M","M","?","M","E","R","$","T","$","M","M","M","M","R_BF","B",null,"M","M","?","M"],"character_chosen":"THE_DEFAULT","items_purchased":["theMarked:BindingBlade","theMarked:MuscleMemory"],"campfire_rested":1,"item_purchase_floors":[8,10],"current_hp_per_floor":[70,69,69,52,45,28,49,49,49,49,46,45,43,41,41,16,70,49,39,39,0,0],"gold":251,"neow_bonus":"UPGRADE_CARD","is_daily":false,"chose_seed":false,"campfire_upgraded":0,"win_rate":0.0,"timestamp":1612117912,"path_taken":["M","M","M","?","?","E","R","$","T","$","M","M","M","M","R_BF","BOSS","M","M","?","M"],"items_purchased_type":["Card","Card"],"build_version":"2020-12-22","purchased_purges":0,"victory":false,"max_hp_per_floor":[70,70,70,70,70,70,70,70,70,70,70,70,70,70,70,70,70,70,70,70,70,70],"relic_stats":{"counters":[13,44],"Golden Idol":33,"obtain_stats":[{"theMarked:ArtifactOfAir":0,"Lantern":6,"hubris:Backtick":17,"Matryoshka":17,"Golden Idol":15,"GremlinMask":20,"infinitespire:EmpoweringShard":4,"Replay:Wax Seal":9},{"theMarked:ArtifactOfAir":0,"Lantern":5,"hubris:Backtick":10,"Matryoshka":10,"Golden Idol":9,"GremlinMask":12,"infinitespire:EmpoweringShard":3,"Replay:Wax Seal":5},{"theMarked:ArtifactOfAir":0,"Lantern":15,"hubris:Backtick":32,"Matryoshka":32,"Golden Idol":25,"GremlinMask":40,"infinitespire:EmpoweringShard":9,"Replay:Wax Seal":15}]},"card_choices":[{"not_picked":["theMarked:Frustration","theMarked:TakeCover"],"picked":"theMarked:BanishingStrike","floor":1.0},{"not_picked":["theMarked:TwofoldDefense","theMarked:HeightenedSenses"],"picked":"theMarked:SwordAndMagic","floor":2.0},{"not_picked":["theMarked:Overcharge","theMarked:DispelDoubt"],"picked":"theMarked:Memento","floor":3.0},{"not_picked":["theMarked:Parkour","theMarked:HeightenedSenses"],"picked":"theMarked:Frustration","floor":4.0},{"not_picked":["theMarked:Frustration","theMarked:TwofoldDefense"],"picked":"theMarked:ElectricStrings","floor":5.0},{"not_picked":["theMarked:ContemptForTheProud","theMarked:Friction"],"picked":"theMarked:Static","floor":6.0},{"not_picked":["theMarked:RepellingDischarge","theMarked:Frustration"],"picked":"theMarked:EmpowerWeapon","floor":11.0},{"not_picked":["theMarked:TwofoldDefense","theMarked:ElectricStrings"],"picked":"theMarked:Electrocute","floor":12},{"not_picked":["theMarked:Maelstrom","theMarked:Aftermath"],"picked":"theMarked:RogueSparks","floor":13},{"not_picked":["theMarked:Heritage","theMarked:TheMission"],"picked":"theMarked:Aftermath","floor":14},{"not_picked":["theMarked:BindingBlade","theMarked:Defy"],"picked":"theMarked:EternalStudent","floor":16},{"not_picked":["theMarked:KeepCalmAndFight","theMarked:Maelstrom","theMarked:WastefulAttack+1"],"picked":"SKIP","floor":18},{"not_picked":["theMarked:HeightenedSenses","theMarked:Aftermath"],"picked":"theMarked:WardOff","floor":19}],"player_experience":4578,"relics_obtained":[{"floor":4.0,"key":"infinitespire:EmpoweringShard"},{"floor":6.0,"key":"Lantern"},{"floor":9.0,"key":"Replay:Wax Seal"}],"event_choices":[{"damage_healed":0,"gold_gain":0,"player_choice":"Take Wound","damage_taken":0,"relics_obtained":["Golden Idol"],"max_hp_gain":0,"max_hp_loss":0,"event_name":"Golden Idol","floor":15,"gold_loss":0,"cards_obtained":["rorgmod:Ache"]},{"damage_healed":0,"gold_gain":0,"player_choice":"Trade","damage_taken":0,"relics_obtained":["GremlinMask"],"max_hp_gain":0,"max_hp_loss":0,"event_name":"FaceTrader","floor":20,"gold_loss":0}],"is_beta":false,"boss_relics":[{"not_picked":["relicPack:KazumaCape","qcfpunch:Killian_Engine_Alpha"],"picked":"hubris:Backtick"}],"items_purged_floors":[],"is_endless":false,"potions_floor_spawned":[3,5,11,16,18],"killed_by":"3 Cultists","ascension_level":0}}