{"host":"zxkjcgzis4pm3za5","time":1612060506,"event":{"mods":["AchievementEnabler","Act Like it!","BaseMod","Colored Map","Colored Powertips","Friendly Minions","GifTheSpireLib","Minty Spire (QoL Compilation)","Quick Restart","RNG Fix","Random Character Button","Relic Filter Mod","Relic Sorter","Relic Stats","StSLib"],"gold_per_floor":[119,137,137,156,115,144,144,144,194,212,227,260,260,278,278,278,278],"floor_reached":16,"language":"ENG","playtime":613,"items_purged":[],"score":213,"play_id":"010624c3-20a0-44cf-abf3-1e7606ac68da","local_time":"20210131080506","is_ascension_mode":true,"campfire_choices":[{"floor":7,"key":"REST"},{"floor":13,"key":"REST"},{"data":"Cloak And Dagger","floor":15,"key":"SMITH"}],"circlet_count":0,"master_deck":["AscendersBane","Strike_G","Strike_G","Strike_G","Strike_G","Defend_G","Defend_G","Defend_G","Defend_G","Defend_G","Survivor","Neutralize","Poisoned Stab","Escape Plan","Bane","Masterful Stab","Bane","Venomology","All Out Attack","Dash","Blade Dance","Cloak And Dagger+1","Accuracy"],"relics":["Ring of the Snake","Dream Catcher","MealTicket","Matryoshka"],"acts_visited":["Exordium"],"potions_floor_usage":[6,10,12,12,14,16],"damage_taken":[{"damage":7,"enemies":"Cultist","floor":1,"turns":5},{"damage":0,"enemies":"2 Louse","floor":2,"turns":3},{"damage":14,"enemies":"Jaw Worm","floor":4,"turns":5},{"damage":21,"enemies":"Gremlin Nob","floor":6,"turns":4},{"damage":25,"enemies":"Lots of Slimes","floor":10,"turns":7},{"damage":0,"enemies":"2 Fungi Beasts","floor":11,"turns":1},{"damage":12,"enemies":"Lagavulin","floor":12,"turns":6},{"damage":0,"enemies":"Exordium Wildlife","floor":14,"turns":4},{"damage":35,"enemies":"Hexaghost","floor":16,"turns":11}],"seed_played":"-2221167628423307843","potions_obtained":[{"floor":2,"key":"DistilledChaos"},{"floor":6,"key":"SteroidPotion"},{"floor":12,"key":"SneckoOil"}],"is_trial":false,"path_per_floor":["M","M","?","M","$","E","R","?","T","M","M","E","R","M","R","B"],"character_chosen":"THE_SILENT","items_purchased":["Masterful Stab"],"campfire_rested":2,"item_purchase_floors":[5],"current_hp_per_floor":[58,58,51,37,37,16,37,42,42,17,17,5,28,28,28,0,0],"gold":278,"neow_bonus":"TEN_PERCENT_HP_BONUS","is_daily":false,"chose_seed":false,"campfire_upgraded":1,"win_rate":0.0,"timestamp":1612060506,"path_taken":["M","M","?","M","?","E","R","?","T","M","?","E","R","M","R","BOSS"],"items_purchased_type":["Card"],"build_version":"2020-12-22","purchased_purges":0,"victory":false,"max_hp_per_floor":[72,72,72,72,72,72,72,77,77,77,77,77,77,77,77,77,77],"relic_stats":{"Dream Catcher":2,"counters":[9,46],"MealTicket":0,"obtain_stats":[{"Dream Catcher":6,"Matryoshka":12,"MealTicket":9,"Ring of the Snake":0},{"Dream Catcher":4,"Matryoshka":7,"MealTicket":4,"Ring of the Snake":0},{"Dream Catcher":17,"Matryoshka":31,"MealTicket":17,"Ring of the Snake":0}],"Ring of the Snake":[18]},"card_choices":[{"not_picked":["Quick Slash","Flechettes"],"picked":"Poisoned Stab","floor":1},{"not_picked":["Accuracy","Backflip"],"picked":"Escape Plan","floor":2},{"not_picked":["Reflex","PiercingWail"],"picked":"Bane","floor":4},{"not_picked":["Accuracy","Backflip"],"picked":"Bane","floor":6},{"not_picked":["Escape Plan","Dodge and Roll"],"picked":"Venomology","floor":7},{"not_picked":["Backflip","Dodge and Roll"],"picked":"All Out Attack","floor":10},{"not_picked":["Bouncing Flask","Poisoned Stab"],"picked":"Dash","floor":11},{"not_picked":["Quick Slash","Outmaneuver"],"picked":"Blade Dance","floor":12},{"not_picked":["Underhanded Strike","Riddle With Holes"],"picked":"Cloak And Dagger","floor":13},{"not_picked":["PiercingWail","Dash"],"picked":"Accuracy","floor":14}],"player_experience":295954,"relics_obtained":[{"floor":6,"key":"Dream Catcher"},{"floor":9,"key":"MealTicket"},{"floor":12,"key":"Matryoshka"}],"event_choices":[{"cards_removed":["Strike_G"],"damage_healed":0,"gold_gain":0,"player_choice":"Card Removal","damage_taken":7,"max_hp_gain":0,"max_hp_loss":0,"event_name":"Golden Wing","floor":3,"gold_loss":0},{"damage_healed":0,"gold_gain":0,"player_choice":"Donut","damage_taken":0,"max_hp_gain":5,"max_hp_loss":0,"event_name":"Big Fish","floor":8,"gold_loss":0}],"is_beta":false,"boss_relics":[],"items_purged_floors":[],"is_endless":false,"potions_floor_spawned":[2,6,12],"killed_by":"Hexaghost","ascension_level":18}}