{"host":"t1puqh5lxz8sp6fn","time":1612133861,"event":{"mods":["AchievementEnabler","BaseMod","Colored Powertips","Minty Spire (QoL Compilation)","Rare Cards Sparkle","Relic Stats","StSLib"],"gold_per_floor":[109,119,139,139,139,139,173,188,188,188,188,363,390,401,401,478,478,489,251,251,251,251,251,285,285,285],"floor_reached":25,"playtime":737,"items_purged":["Doubt"],"score":375,"play_id":"f72e0257-0831-4d56-8887-7469205ff7da","local_time":"20210131195741","is_ascension_mode":true,"campfire_choices":[{"floor":6.0,"key":"REST"},{"floor":11,"key":"REST"},{"data":"Loop","floor":15,"key":"SMITH"},{"data":"Defragment","floor":23,"key":"SMITH"}],"circlet_count":0,"master_deck":["AscendersBane","Strike_B+1","Strike_B+1","Defend_B+1","Defend_B+1","Defend_B+1","Zap","Dualcast","Go for the Eyes+1","Loop+1","Cold Snap","Ball Lightning+1","Conserve Battery","Capacitor","Reboot","Biased Cognition","Machine Learning","Lockon+1","Bandage Up","Tempest","Defragment+1","Electrodynamics"],"relics":["Cracked Core","Kunai","Sundial","Mercury Hourglass","Sozu","Whetstone"],"acts_visited":["Exordium","TheCity"],"potions_floor_usage":[7,14],"damage_taken":[{"damage":9.0,"enemies":"Jaw Worm","floor":1.0,"turns":3.0},{"damage":1.0,"enemies":"Cultist","floor":2.0,"turns":3.0},{"damage":0.0,"enemies":"Small Slimes","floor":3.0,"turns":3.0},{"damage":16,"enemies":"Lagavulin","floor":7,"turns":6},{"damage":16,"enemies":"Exordium Thugs","floor":8,"turns":4},{"damage":19,"enemies":"3 Sentries","floor":13,"turns":8},{"damage":0,"enemies":"Red Slaver","floor":14,"turns":2},{"damage":5,"enemies":"The Guardian","floor":16,"turns":10},{"damage":12,"enemies":"Chosen","floor":18,"turns":4},{"damage":51,"enemies":"Slavers","floor":24,"turns":5},{"damage":2,"enemies":"3 Byrds","floor":25,"turns":1}],"seed_played":"-2021592262167107129","potions_obtained":[{"floor":2.0,"key":"SteroidPotion"},{"floor":8,"key":"PotionOfCapacity"},{"floor":13,"key":"SkillPotion"}],"is_trial":false,"path_per_floor":["M","M","M","?","?","R","E","M","T","?","R","?","E","M","R","B",null,"M","$","?","?","?","R","E","M"],"character_chosen":"DEFECT","items_purchased":["Bandage Up","Tempest"],"campfire_rested":2,"item_purchase_floors":[19,19],"current_hp_per_floor":[41,40,40,25,30,52,36,20,20,20,42,42,23,23,23,18,61,49,49,49,49,49,49,2,0,0],"gold":285,"neow_bonus":"TRANSFORM_TWO_CARDS","is_daily":false,"chose_seed":false,"campfire_upgraded":2,"win_rate":0.0,"timestamp":1612133861,"path_taken":["M","M","M","?","?","R","E","?","T","?","R","?","E","M","R","BOSS","M","$","?","?","?","R","E","?"],"items_purchased_type":["Card","Card"],"build_version":"2020-12-13","purchased_purges":1,"victory":false,"max_hp_per_floor":[75,75,75,75,75,75,75,75,75,75,75,75,75,75,75,75,75,75,75,75,75,75,75,75,75,75],"relic_stats":{"Sozu":0,"counters":[11,48],"Sundial":[6],"Kunai":[5],"Whetstone":["Ball Lightning","Lockon"],"obtain_stats":[{"Sozu":17,"Sundial":9,"Kunai":7,"Whetstone":24,"Cracked Core":0,"Mercury Hourglass":13},{"Sozu":8,"Sundial":5,"Kunai":4,"Whetstone":10,"Cracked Core":0,"Mercury Hourglass":6},{"Sozu":39,"Sundial":19,"Kunai":15,"Whetstone":47,"Cracked Core":0,"Mercury Hourglass":27}],"Mercury Hourglass":[93]},"card_choices":[{"not_picked":["Fusion","Hologram"],"picked":"Gash","floor":1.0},{"not_picked":["Barrage","Compile Driver"],"picked":"Cold Snap","floor":2.0},{"not_picked":["Compile Driver","Redo"],"picked":"Ball Lightning","floor":3.0},{"not_picked":["Scrape","Storm"],"picked":"Conserve Battery","floor":7},{"not_picked":["Storm","Turbo"],"picked":"Capacitor","floor":8},{"not_picked":["Conserve Battery","Static Discharge"],"picked":"Biased Cognition","floor":13},{"not_picked":["Cold Snap","Coolheaded","Go for the Eyes"],"picked":"SKIP","floor":14},{"not_picked":["Amplify","All For One"],"picked":"Machine Learning","floor":16},{"not_picked":["Conserve Battery","Turbo"],"picked":"Lockon","floor":18},{"not_picked":["Stack","Beam Cell+1"],"picked":"Electrodynamics","floor":24}],"player_experience":459950,"relics_obtained":[{"floor":7,"key":"Kunai"},{"floor":9,"key":"Sundial"},{"floor":13,"key":"Mercury Hourglass"},{"floor":24,"key":"Whetstone"}],"event_choices":[{"damage_healed":0.0,"max_hp_gain":0.0,"max_hp_loss":0.0,"gold_gain":0.0,"event_name":"Shining Light","player_choice":"Entered Light","floor":4.0,"gold_loss":0.0,"damage_taken":15.0,"cards_upgraded":["Go for the Eyes","Strike_B"]},{"cards_removed":["Gash"],"damage_healed":5.0,"max_hp_gain":0.0,"max_hp_loss":0.0,"gold_gain":0.0,"event_name":"Bonfire Elementals","player_choice":"Offered Common","floor":5.0,"gold_loss":0.0,"damage_taken":0.0},{"cards_removed":["Gash"],"damage_healed":5.0,"max_hp_gain":0.0,"max_hp_loss":0.0,"gold_gain":0.0,"event_name":"Bonfire Elementals","player_choice":"Offered Special","floor":5.0,"gold_loss":0.0,"damage_taken":0.0},{"damage_healed":0,"gold_gain":0,"cards_transformed":["Strike_B"],"player_choice":"Change","damage_taken":0,"max_hp_gain":0,"max_hp_loss":0,"event_name":"Living Wall","floor":10,"gold_loss":0,"cards_obtained":["Reboot"]},{"damage_healed":0,"gold_gain":175,"player_choice":"AGREE","damage_taken":0,"max_hp_gain":0,"max_hp_loss":0,"event_name":"Liars Game","floor":12,"gold_loss":0,"cards_obtained":["Doubt"]},{"damage_healed":0,"gold_gain":0,"player_choice":"Read","damage_taken":0,"max_hp_gain":0,"max_hp_loss":0,"event_name":"The Library","floor":20,"gold_loss":0,"cards_obtained":["Defragment"]},{"damage_healed":0,"gold_gain":0,"player_choice":"Simplicity","damage_taken":0,"max_hp_gain":0,"max_hp_loss":0,"event_name":"Back to Basics","floor":21,"gold_loss":0,"cards_upgraded":["Strike_B","Defend_B","Defend_B","Defend_B"]},{"damage_healed":0,"gold_gain":0,"player_choice":"Ignored","damage_taken":0,"max_hp_gain":0,"max_hp_loss":0,"event_name":"N\u0027loth","floor":22,"gold_loss":0}],"is_beta":false,"boss_relics":[{"not_picked":["Inserter","Cursed Key"],"picked":"Sozu"}],"items_purged_floors":[19],"is_endless":false,"potions_floor_spawned":[2,8,13],"killed_by":"3 Byrds","ascension_level":13}}