{"host":"d73an99q9oevilk5","time":1612110983,"event":{"mods":["2.2 Compatiblity","AchievementEnabler","Act Like it!","Aspiration","BaseMod","Beaked The Cultist","Better Third Choice","BetterRewards","Colored Map","Colored Powertips","Conspire","Downfall","GifTheSpireLib","Halation","Hubris","Infinite Spire","Mimic Mod","Minty Spire (QoL Compilation)","Quick Restart","Relic Sorter","Reliquary","Replay The Spire","Shop Mod","Spikes Relics","StSLib","Stuff the Spire","The Cursed","The Necromancer","The Saiyan","Waifu the Spire","egg","slay the spire mod where everything is the same but ironclad has a cowboy hat"],"gold_per_floor":[99,99,99,99,99,99,99,110,143,157,187,187,197,213,231,331,331,331,342,357,380,380,380],"floor_reached":22,"language":"ENG","playtime":772,"items_purged":[],"score":194,"play_id":"8a908257-36cb-43f1-9a63-d95fd20e0ccb","local_time":"20210131093623","is_ascension_mode":false,"campfire_choices":[{"data":"beaked:Ceremony","floor":1.0,"key":"SMITH"},{"floor":18.0,"key":"DIG"}],"circlet_count":0,"master_deck":["beaked:Strike_Y","beaked:Strike_Y","beaked:Strike_Y","beaked:Strike_Y","beaked:Strike_Y","beaked:Strike_Y","beaked:Defend_Y","beaked:Defend_Y","beaked:Defend_Y","beaked:Defend_Y","beaked:Ceremony","beaked:Ceremony","beaked:Ceremony+1","beaked:StickSmack","beaked:Brace","beaked:HuntressSpirit","beaked:Evade","conspire:Banana","beaked:WarriorEssence","beaked:CursingBlood","beaked:Pecker","beaked:KnowThyFoe"],"relics":["beaked:MendingPlumage","downfall:HeartsMalice","aspiration:EmptySkull","Pen Nib","Eternal Feather","SacredBark","hubris:BundleOfHerbs","StuffTheSpire:HeavyRock"],"acts_visited":["Exordium","TheCity"],"potions_floor_usage":[],"damage_taken":[{"damage":0.0,"enemies":"Small Slimes","floor":2.0,"turns":1.0},{"damage":0.0,"enemies":"downfall:FleeingMerchant","floor":3.0,"turns":1.0},{"damage":0.0,"enemies":"downfall:FleeingMerchant","floor":6.0,"turns":1.0},{"damage":15.0,"enemies":"Cultist","floor":8.0,"turns":4.0},{"damage":30.0,"enemies":"Gremlin Nob","floor":9.0,"turns":4.0},{"damage":10.0,"enemies":"Jaw Worm","floor":10.0,"turns":4.0},{"damage":30.0,"enemies":"Lagavulin","floor":11.0,"turns":7.0},{"damage":11.0,"enemies":"3 Louse","floor":13.0,"turns":5.0},{"damage":11.0,"enemies":"Large Slime","floor":14.0,"turns":7.0},{"damage":45.0,"enemies":"Exordium Thugs","floor":15.0,"turns":6.0},{"damage":25.0,"enemies":"SI_SHIV_ARCHETYPE","floor":16.0,"turns":9.0},{"damage":57.0,"enemies":"3 Byrds","floor":19.0,"turns":8.0},{"damage":30.0,"enemies":"Chosen","floor":20.0,"turns":6.0},{"damage":41,"enemies":"Snecko","floor":22,"turns":5}],"seed_played":"-2811227806510108225","potions_obtained":[{"floor":8.0,"key":"sneckomod:MuddlingPotion"},{"floor":9.0,"key":"hexamod:SoulburnPotion"},{"floor":15.0,"key":"Swift Potion"},{"floor":16.0,"key":"Venom Potion"},{"floor":19.0,"key":"Explosive Potion"}],"is_trial":false,"path_per_floor":["R","M","$","?","?","$","T","M","E","M","E","?","M","M","M","B",null,"R_BF","M","M","T","M"],"character_chosen":"BEAKED_THE_CULTIST","items_purchased":[],"campfire_rested":0,"item_purchase_floors":[],"current_hp_per_floor":[50,50,50,50,50,50,50,42,26,29,20,20,29,43,22,34,54,54,22,9,9,0,0],"gold":380,"neow_bonus":"THREE_ENEMY_KILL","is_daily":false,"chose_seed":false,"campfire_upgraded":1,"win_rate":0.0,"timestamp":1612110983,"path_taken":["R","M","$","?","?","$","T","M","E","?","E","?","M","M","M","BOSS","R_BF","M","M","?","?"],"items_purchased_type":[],"build_version":"2020-12-22","purchased_purges":0,"victory":false,"max_hp_per_floor":[50,50,50,50,50,50,50,50,50,50,50,50,51,52,53,54,54,54,55,56,56,57,57],"card_choices":[{"not_picked":["beaked:BraceForImpact","ReplayTheSpireMod:RavenHex"],"picked":"beaked:StickSmack","floor":2.0},{"not_picked":["beaked:Cower","beaked:HuntressEssence","beaked:SurvivalInstinct"],"picked":"SKIP","floor":3.0},{"not_picked":["beaked:Cower","beaked:Pecker"],"picked":"beaked:Brace","floor":6.0},{"not_picked":["ReplayTheSpireMod:RavenHex","beaked:Replenish"],"picked":"beaked:HuntressSpirit","floor":8.0},{"not_picked":["beaked:BraceForImpact","beaked:Negation"],"picked":"beaked:Evade","floor":9.0},{"not_picked":["beaked:SurvivalInstinct","beaked:Windmill","beaked:Recite"],"picked":"SKIP","floor":10.0},{"not_picked":["beaked:Overpower","beaked:Redirect","beaked:BarbedWire"],"picked":"SKIP","floor":11.0},{"not_picked":["beaked:Cower","beaked:Brainwash"],"picked":"beaked:WarriorEssence","floor":13.0},{"not_picked":["beaked:DesperateSwing","beaked:Insight"],"picked":"beaked:CursingBlood","floor":14.0},{"not_picked":["beaked:Cower","beaked:Tweet"],"picked":"beaked:Pecker","floor":15.0},{"not_picked":["beaked:DarkTribute","beaked:FakeOut"],"picked":"beaked:KnowThyFoe","floor":16.0},{"not_picked":["beaked:Resilience","beaked:Poke","beaked:Struggle"],"picked":"SKIP","floor":19.0},{"not_picked":["beaked:Redirect","beaked:DigDeep","beaked:HuntressEssence"],"picked":"SKIP","floor":20.0}],"player_experience":1806134,"relics_obtained":[{"floor":7.0,"key":"aspiration:EmptySkull"},{"floor":9.0,"key":"Pen Nib"},{"floor":11.0,"key":"Eternal Feather"},{"floor":18.0,"key":"hubris:BundleOfHerbs"},{"floor":21.0,"key":"StuffTheSpire:HeavyRock"}],"event_choices":[],"is_beta":false,"boss_relics":[{"not_picked":["bronze:MakeshiftBattery","halation:PlatinumPhoenix"],"picked":"SacredBark"}],"items_purged_floors":[],"is_endless":false,"potions_floor_spawned":[8,9,15,16,19],"killed_by":"Snecko","ascension_level":0}}