{"host":"vb6wt0mawj2xz8v4","time":1612123149,"event":{"mods":["AchievementEnabler","Aspiration","BaseMod","Conspire","Hermit","Highlight Path","Hubris","Jorbs\u0027s Wanderer Trilogy","Minty Spire (QoL Compilation)","Quick Restart","Replay The Spire","Shop Mod","StSLib","SuperFastMode","The Cursed","The Disciple","The Hierophant","The Jungle","The Runesmith"],"gold_per_floor":[111,62,81,81,10,10,39,16,43,74,92,173,208,227,227,324,324,336,355,370,249,268,284,284,132,132,162,177,177,196,231,231,331,331,345,89,49,59,59,84,84,84,294,320,338,338,338,338],"floor_reached":51,"language":"ENG","playtime":3100,"items_purged":["Runesmith:Strike_RS"],"score":843,"play_id":"2f96913e-3fc2-407f-aa64-cfca4a756f41","local_time":"20210131145909","is_ascension_mode":false,"campfire_choices":[{"data":"Runesmith:CraftFirestone","floor":6,"key":"SMITH"},{"floor":15,"key":"REST"},{"data":"Runesmith:LithiumIon","floor":24,"key":"SMITH"},{"floor":29,"key":"REST"},{"data":"Runesmith:Firestorm","floor":32,"key":"SMITH"},{"data":"Runesmith:Grindstone","floor":40,"key":"SMITH"},{"floor":42,"key":"REST"},{"data":"Runesmith:BackupBattery+1","floor":44,"key":"SMITH"},{"floor":49,"key":"REST"}],"circlet_count":0,"master_deck":["Runesmith:Strike_RS","Runesmith:Strike_RS","Runesmith:Strike_RS","Runesmith:Defend_RS+1","Runesmith:Defend_RS","Runesmith:Defend_RS","Runesmith:Defend_RS","Runesmith:CraftFirestone+1","Runesmith:Fortify","Runesmith:CraftMagma+1","Runesmith:ElementalConversion+1","Runesmith:ChiselStab","Runesmith:Grindstone+1","Runesmith:HeatedChisel","Runesmith:UnstableHammer","Runesmith:CraftPrismatica","Runesmith:MakeshiftArmor","Runesmith:LightningRod","Runesmith:HammerThrow","Runesmith:CraftMagma","Runesmith:LithiumIon+1","Runesmith:EarthShield","Runesmith:Overpower+1","Runesmith:OneForEveryone+1","Runesmith:Firestorm+1","Runesmith:BackupBattery+3","Runesmith:Overpower+1","Runesmith:Duplicate","Runesmith:PerfectChisel+1","Runesmith:Permafrost+1","Runesmith:HammerThrow+1","Runesmith:CraftMagma+1","Runesmith:Permafrost","Runesmith:Augment"],"relics":["Runesmith:BrokenRuby","NeowsBlessing","Boot","Singing Bowl","hubris:SlimyHat","Strawberry","Replay:Bottled Steam","ReplayTheSpireMod:Lightbulb","hubris:VirtuousBlindfold","Sundial","hubris:DeckOfHolding","hubris:Teleporter","aspiration:PoetsPen_weak","Iron Hammer","Omamori","Replay:Rubber Ducky"],"acts_visited":["Exordium","Exordium","TheBeyond"],"potions_floor_usage":[13,22,27,27,33,35,41,50,50],"damage_taken":[{"damage":0,"enemies":"Jaw Worm","floor":1,"turns":1},{"damage":0,"enemies":"Small Slimes","floor":3,"turns":1},{"damage":0,"enemies":"Gremlin Nob","floor":7,"turns":1},{"damage":24,"enemies":"Lagavulin","floor":10,"turns":8},{"damage":6,"enemies":"Cultist","floor":11,"turns":3},{"damage":24,"enemies":"Gremlin Nob","floor":13,"turns":4},{"damage":20,"enemies":"Exordium Thugs","floor":14,"turns":6},{"damage":22,"enemies":"Hexaghost","floor":16,"turns":10},{"damage":0,"enemies":"theJungle:5_Spyders","floor":18,"turns":9},{"damage":4,"enemies":"Shell Parasite","floor":19,"turns":6},{"damage":21,"enemies":"theJungle:Lyon","floor":20,"turns":5},{"damage":17,"enemies":"theJungle:JungleHuntersEncounter","floor":22,"turns":7},{"damage":0,"enemies":"theJungle:SlimyTreeVines","floor":23,"turns":6},{"damage":22,"enemies":"theJungle:2_Phrogs","floor":27,"turns":8},{"damage":0,"enemies":"theJungle:2_Snecko_Cultists","floor":28,"turns":4},{"damage":0,"enemies":"Snake Plant","floor":30,"turns":4},{"damage":8,"enemies":"conspire:MimicChest","floor":31,"turns":7},{"damage":0,"enemies":"theJungle:QueenSpyder","floor":33,"turns":12},{"damage":3,"enemies":"3 Shapes","floor":35,"turns":5},{"damage":17,"enemies":"3 Darklings","floor":39,"turns":4},{"damage":17,"enemies":"R_Hoarder","floor":41,"turns":9},{"damage":12,"enemies":"Nemesis","floor":46,"turns":7},{"damage":0,"enemies":"Maw","floor":47,"turns":6},{"damage":37,"enemies":"Time Eater","floor":50,"turns":11}],"seed_played":"8946384078745805416","potions_obtained":[{"floor":7,"key":"SmokeBomb"},{"floor":11,"key":"LiquidMemories"},{"floor":16,"key":"Adrenaline Potion"},{"floor":20,"key":"Strength Potion"},{"floor":22,"key":"EssenceOfSteel"},{"floor":27,"key":"Adrenaline Potion"},{"floor":28,"key":"Elixir"},{"floor":33,"key":"Adrenaline Potion"},{"floor":39,"key":"Venom Potion"},{"floor":47,"key":"Fire Potion"}],"is_trial":false,"path_per_floor":["M","$","M","?","?","R","E","$","T","E","M","T","E","M","R","B",null,"M","M","M","$","M","M","R","$","T","E","M","R","M","?","R","B",null,"M","$","?","M","R","E","R","R","?","E","M","?","R","B",null],"character_chosen":"RUNESMITH_CLASS","items_purchased":["Runesmith:ElementalConversion+1","Runesmith:HeatedChisel","Runesmith:LithiumIon","Runesmith:EarthShield","Runesmith:Firestorm","Iron Hammer"],"campfire_rested":4,"item_purchase_floors":[2,8,21,21,25,36],"current_hp_per_floor":[70,70,70,70,70,70,70,70,70,53,47,47,23,5,28,6,79,79,75,56,56,39,45,45,45,45,23,23,47,49,43,43,43,85,82,82,82,65,65,48,73,73,73,61,61,61,85,48],"gold":338,"neow_bonus":"THREE_ENEMY_KILL","is_daily":false,"chose_seed":false,"campfire_upgraded":5,"win_rate":0.0,"timestamp":1612123149,"path_taken":["M","$","M","?","?","R","E","$","T","E","?","?","E","M","R","BOSS","M","M","M","$","M","M","R","$","T","E","M","R","M","?","R","BOSS","M","$","?","?","R","E","R","R","?","E","M","?","R","BOSS"],"items_purchased_type":["Card","Card","Card","Card","Card","Relic"],"build_version":"2020-12-22","purchased_purges":1,"victory":true,"max_hp_per_floor":[70,70,70,70,70,70,70,70,70,77,77,77,77,79,79,79,79,79,79,81,81,81,81,81,81,81,81,81,81,83,85,85,85,85,85,85,85,85,85,85,85,85,85,85,85,85,85,85],"card_choices":[{"not_picked":["Runesmith:HammerThrow","Runesmith:Reinforce"],"picked":"Runesmith:CraftMagma","floor":1},{"not_picked":["Runesmith:NanitesCloud","Runesmith:ShiftingStrike"],"picked":"Runesmith:ChiselStab","floor":3},{"not_picked":["Runesmith:EarthShield","Runesmith:CraftMagma"],"picked":"Runesmith:Grindstone","floor":7},{"not_picked":["Runesmith:HeatedChisel","Runesmith:CraftProtectio"],"picked":"Runesmith:UnstableHammer","floor":10},{"not_picked":["Runesmith:ShiftingStrike","Runesmith:BackupBattery"],"picked":"Runesmith:CraftPrismatica","floor":11},{"not_picked":["Runesmith:ReplicatingBarrier","Runesmith:DuctTape"],"picked":"Runesmith:MakeshiftArmor","floor":13},{"not_picked":["Runesmith:HeatedChisel","Runesmith:BackupBattery","Runesmith:RuneHurl"],"picked":"Singing Bowl","floor":14},{"not_picked":["Runesmith:GenerateForcefield","Runesmith:LastStand"],"picked":"Runesmith:LightningRod","floor":16},{"not_picked":["Runesmith:OneForEveryone","Runesmith:CraftProtectio"],"picked":"Runesmith:HammerThrow","floor":18},{"not_picked":["Runesmith:StaticCage","Runesmith:Accelerate"],"picked":"Runesmith:CraftMagma","floor":19},{"not_picked":["Runesmith:RuneHurl","Runesmith:Grindstone","Runesmith:ShiftingStrike"],"picked":"Singing Bowl","floor":20},{"not_picked":["Runesmith:HammerThrow","Runesmith:StaticCage"],"picked":"Runesmith:Overpower+1","floor":22},{"not_picked":["Runesmith:EarthShield","Runesmith:Empowerment"],"picked":"Runesmith:OneForEveryone+1","floor":23},{"not_picked":["Runesmith:CraftProtectio","Runesmith:ArcReactor"],"picked":"Runesmith:BackupBattery+1","floor":27},{"not_picked":["Runesmith:BackupBattery","Runesmith:Grindstone"],"picked":"Runesmith:Overpower+1","floor":28},{"not_picked":["Runesmith:HeatExchange","Runesmith:ChiselStab","Runesmith:Refine"],"picked":"Singing Bowl","floor":30},{"not_picked":["Runesmith:Electrocute","Runesmith:HammerThrow","Runesmith:FissionHammer"],"picked":"Singing Bowl","floor":31},{"not_picked":["Runesmith:FissionHammer","Runesmith:Supernova"],"picked":"Runesmith:Duplicate","floor":33},{"not_picked":["Runesmith:HammerThrow","Runesmith:StaticCage"],"picked":"Runesmith:PerfectChisel+1","floor":35},{"not_picked":["Runesmith:Superposition+1","Runesmith:CraftReservo+1"],"picked":"Runesmith:Permafrost+1","floor":39},{"not_picked":["Runesmith:MakeshiftArmor","Runesmith:Firestorm"],"picked":"Runesmith:HammerThrow+1","floor":41},{"not_picked":["Runesmith:UnstableHammer+1","Runesmith:Malloc"],"picked":"Runesmith:CraftMagma+1","floor":45},{"not_picked":["Runesmith:StaticCage+1","Runesmith:EnergizedChisel"],"picked":"Runesmith:Permafrost","floor":46},{"not_picked":["Runesmith:StaticCage+1","Runesmith:EarthShield+1"],"picked":"Runesmith:Augment","floor":47}],"player_experience":453053,"relics_obtained":[{"floor":7,"key":"Singing Bowl"},{"floor":9,"key":"hubris:SlimyHat"},{"floor":10,"key":"Strawberry"},{"floor":12,"key":"Replay:Bottled Steam"},{"floor":13,"key":"ReplayTheSpireMod:Lightbulb"},{"floor":26,"key":"Sundial"},{"floor":27,"key":"hubris:DeckOfHolding"},{"floor":31,"key":"hubris:Teleporter"},{"floor":41,"key":"Omamori"},{"floor":46,"key":"Replay:Rubber Ducky"}],"event_choices":[{"damage_healed":0,"gold_gain":0,"player_choice":"Leave","damage_taken":0,"max_hp_gain":0,"max_hp_loss":0,"event_name":"The Cleric","floor":4,"gold_loss":0},{"damage_healed":0,"gold_gain":0,"player_choice":"Paid Gold","damage_taken":0,"relics_obtained":["Boot"],"max_hp_gain":0,"max_hp_loss":0,"event_name":"WeMeetAgain","floor":5,"gold_loss":71},{"damage_healed":0,"gold_gain":0,"player_choice":"Upgraded Two","damage_taken":0,"max_hp_gain":0,"max_hp_loss":0,"event_name":"Designer","floor":37,"gold_loss":40,"cards_upgraded":["Runesmith:Defend_RS","Runesmith:CraftMagma"]}],"is_beta":false,"boss_relics":[{"not_picked":["Replay:Fungal Core","SlaversCollar"],"picked":"hubris:VirtuousBlindfold"},{"not_picked":["Ring of Chaos","Coffee Dripper"],"picked":"aspiration:PoetsPen_weak"}],"items_purged_floors":[25],"is_endless":false,"potions_floor_spawned":[7,11,16,20,22,27,28,33,39,47],"ascension_level":0}}