{"host":"p445zcfxld9bg8mp","time":1612100799,"event":{"mods":["2.2 Compatiblity","AchievementEnabler","BaseMod","BetterRewards","Colored Map","Colored Powertips","DeckTracker","Highlight Path","Minty Spire (QoL Compilation)","Quick Restart","Random Character Button","Rare Cards Sparkle"],"gold_per_floor":[110,110,185,202,202,219,252,23,23,23,34,69,83,112,112,212,212,225,225,225,245,245,280,291,316,371,381,410,420,437,453,453,555,555,566,566,566,577,577,577,577,577],"floor_reached":41,"language":"POL","playtime":2948,"items_purged":[],"score":478,"play_id":"0527941e-d630-42d2-933f-a64a6c116546","local_time":"20210131144639","is_ascension_mode":false,"campfire_choices":[{"data":"Armaments","floor":10,"key":"SMITH"},{"floor":15,"key":"REST"},{"data":"Double Tap","floor":32,"key":"SMITH"},{"floor":40,"key":"REST"}],"circlet_count":0,"master_deck":["Defend_R","Defend_R","Defend_R","Bash","True Grit","Dropkick","Armaments+1","Iron Wave","Dramatic Entrance","Perfected Strike","Rage","Heavy Blade","Pommel Strike","Bite","Bite","Bite","Bite","Bite","Thunderclap","Double Tap+1","Cleave","Clash","Spot Weakness","Headbutt","Iron Wave+1","Immolate","Perfected Strike+1","Juggernaut+1","Pummel+1","Carnage","Uppercut+1","Discovery"],"relics":["Burning Blood","NeowsBlessing","Shuriken","Happy Flower","Orichalcum","Anchor","Pocketwatch","Sozu","MutagenicStrength","Blood Vial","Red Mask","Ancient Tea Set","Smiling Mask","Astrolabe"],"acts_visited":["Exordium","TheCity","TheBeyond"],"potions_floor_usage":[7,12,16,18],"damage_taken":[{"damage":0,"enemies":"2 Louse","floor":1,"turns":1},{"damage":0,"enemies":"Small Slimes","floor":4,"turns":1},{"damage":0,"enemies":"Cultist","floor":6,"turns":1},{"damage":53,"enemies":"Gremlin Nob","floor":7,"turns":6},{"damage":8,"enemies":"3 Louse","floor":11,"turns":3},{"damage":9,"enemies":"3 Sentries","floor":12,"turns":10},{"damage":0,"enemies":"Exordium Wildlife","floor":13,"turns":3},{"damage":11,"enemies":"Gremlin Nob","floor":14,"turns":4},{"damage":44,"enemies":"Slime Boss","floor":16,"turns":10},{"damage":1,"enemies":"Shell Parasite","floor":18,"turns":4},{"damage":0,"enemies":"Spheric Guardian","floor":21,"turns":3},{"damage":9,"enemies":"Book of Stabbing","floor":23,"turns":6},{"damage":1,"enemies":"Chosen and Byrds","floor":24,"turns":6},{"damage":4,"enemies":"Masked Bandits","floor":25,"turns":3},{"damage":1,"enemies":"Snecko","floor":27,"turns":4},{"damage":25,"enemies":"Gremlin Leader","floor":28,"turns":5},{"damage":0,"enemies":"Centurion and Healer","floor":29,"turns":4},{"damage":14,"enemies":"Sentry and Sphere","floor":30,"turns":4},{"damage":0,"enemies":"Snecko","floor":31,"turns":4},{"damage":52,"enemies":"Collector","floor":33,"turns":6},{"damage":0,"enemies":"Orb Walker","floor":35,"turns":3},{"damage":35,"enemies":"3 Darklings","floor":38,"turns":5},{"damage":51,"enemies":"Reptomancer","floor":41,"turns":3}],"seed_played":"-8007625885222378961","potions_obtained":[{"floor":4,"key":"BloodPotion"},{"floor":6,"key":"FearPotion"},{"floor":14,"key":"Regen Potion"},{"floor":16,"key":"Strength Potion"}],"is_trial":false,"path_per_floor":["M","$","?","M","?","M","E","$","T","R","M","E","M","E","R","B",null,"M","?","?","M","?","E","M","?","T","M","E","M","M","M","R","B",null,"M","?","?","M","?","R","E"],"character_chosen":"IRONCLAD","items_purchased":["Happy Flower","Dramatic Entrance"],"campfire_rested":2,"item_purchase_floors":[8,8],"current_hp_per_floor":[80,80,69,75,75,80,49,49,49,49,47,44,50,45,69,46,80,80,80,90,90,62,62,62,62,62,62,45,60,54,62,62,28,62,62,62,59,30,30,47,0,0],"gold":577,"neow_bonus":"THREE_ENEMY_KILL","is_daily":false,"chose_seed":false,"campfire_upgraded":2,"win_rate":0.0,"timestamp":1612100799,"path_taken":["M","$","?","M","?","M","E","$","T","R","M","E","M","E","R","BOSS","M","?","?","?","?","E","M","?","T","M","E","M","M","?","R","BOSS","M","?","?","M","?","R","E"],"items_purchased_type":["Relic","Card"],"build_version":"2020-12-22","purchased_purges":0,"victory":false,"max_hp_per_floor":[80,80,80,80,80,80,80,80,80,80,80,80,80,80,80,80,80,80,80,90,90,62,62,62,62,62,62,62,62,62,62,62,62,62,62,62,59,59,59,59,59,59],"card_choices":[{"not_picked":["Sever Soul","Intimidate"],"picked":"True Grit","floor":1},{"not_picked":["Blood for Blood","Seeing Red"],"picked":"Dropkick","floor":4},{"not_picked":["Thunderclap","Iron Wave"],"picked":"Armaments","floor":6},{"not_picked":["Heavy Blade","Pommel Strike"],"picked":"Iron Wave","floor":7},{"not_picked":["Feel No Pain","Inflame"],"picked":"Clothesline","floor":11},{"not_picked":["Limit Break","Feel No Pain"],"picked":"Perfected Strike","floor":12},{"not_picked":["Flex","True Grit"],"picked":"Rage","floor":13},{"not_picked":["Searing Blow","Pommel Strike"],"picked":"Sentinel","floor":14},{"not_picked":["Brutality","Exhume"],"picked":"Bludgeon","floor":16},{"not_picked":["Battle Trance","Seeing Red"],"picked":"Heavy Blade","floor":18},{"not_picked":["Battle Trance","Heavy Blade"],"picked":"Pommel Strike","floor":21},{"not_picked":["Warcry","True Grit"],"picked":"Thunderclap","floor":23},{"not_picked":["Warcry","Heavy Blade"],"picked":"Double Tap","floor":24},{"not_picked":["Power Through","Dropkick"],"picked":"Cleave","floor":25},{"not_picked":["Armaments","Battle Trance+1"],"picked":"Clash","floor":27},{"not_picked":["Intimidate","Dual Wield"],"picked":"Impervious","floor":28},{"not_picked":["Searing Blow","Dropkick"],"picked":"Spot Weakness","floor":29},{"not_picked":["Warcry","Flex"],"picked":"Headbutt","floor":30},{"not_picked":["Body Slam+1","Rupture"],"picked":"Iron Wave+1","floor":31},{"not_picked":["Offering","Reaper"],"picked":"Immolate","floor":33},{"not_picked":["Heavy Blade","Dark Embrace+1"],"picked":"Carnage","floor":35},{"not_picked":["Whirlwind","Cleave+1"],"picked":"Uppercut+1","floor":38},{"not_picked":["Madness","Purity"],"picked":"Discovery","floor":39}],"player_experience":37362,"relics_obtained":[{"floor":7,"key":"Shuriken"},{"floor":9,"key":"Orichalcum"},{"floor":12,"key":"Anchor"},{"floor":14,"key":"Pocketwatch"},{"floor":23,"key":"Blood Vial"},{"floor":25,"key":"Red Mask"},{"floor":26,"key":"Ancient Tea Set"},{"floor":28,"key":"Smiling Mask"}],"event_choices":[{"damage_healed":0,"gold_gain":75,"player_choice":"Gather Gold","damage_taken":11,"max_hp_gain":0,"max_hp_loss":0,"event_name":"World of Goop","floor":3,"gold_loss":0},{"damage_healed":0,"gold_gain":0,"player_choice":"Ignored","damage_taken":0,"max_hp_gain":0,"max_hp_loss":0,"event_name":"Shining Light","floor":5,"gold_loss":0},{"damage_healed":0,"gold_gain":0,"player_choice":"Inject Mutagens","damage_taken":0,"relics_obtained":["MutagenicStrength"],"max_hp_gain":0,"max_hp_loss":0,"event_name":"Drug Dealer","floor":19,"gold_loss":0},{"cards_removed":["Bludgeon"],"damage_healed":0,"gold_gain":0,"player_choice":"Offered Rare","damage_taken":0,"max_hp_gain":10,"max_hp_loss":0,"event_name":"Bonfire Elementals","floor":20,"gold_loss":0},{"damage_healed":0,"gold_gain":0,"player_choice":"Became a vampire","damage_taken":0,"max_hp_gain":0,"max_hp_loss":28,"event_name":"Vampires","floor":22,"gold_loss":0,"cards_obtained":["Bite","Bite","Bite","Bite","Bite"]},{"damage_healed":0,"gold_gain":0,"player_choice":"Fought Bandits","damage_taken":0,"max_hp_gain":0,"max_hp_loss":0,"event_name":"Masked Bandits","floor":25,"gold_loss":0},{"cards_removed":["Defend_R"],"damage_healed":0,"gold_gain":0,"player_choice":"Removed Skill","damage_taken":0,"max_hp_gain":0,"max_hp_loss":0,"event_name":"Falling","floor":36,"gold_loss":0},{"damage_healed":0,"gold_gain":0,"player_choice":"Max HP","damage_taken":0,"max_hp_gain":0,"max_hp_loss":3,"event_name":"Winding Halls","floor":37,"gold_loss":0},{"damage_healed":0,"gold_gain":0,"player_choice":"Memory 1","damage_taken":0,"max_hp_gain":0,"max_hp_loss":0,"event_name":"SensoryStone","floor":39,"gold_loss":0}],"is_beta":false,"boss_relics":[{"not_picked":["Runic Dome","Cursed Key"],"picked":"Sozu"},{"not_picked":["Black Star","Fusion Hammer"],"picked":"Astrolabe"}],"items_purged_floors":[],"is_endless":false,"potions_floor_spawned":[4,6,14,16,23,25,29,30,31,35,38],"killed_by":"Reptomancer","ascension_level":0}}