{"host":"8is2j71l4wmybkoi","time":1612082061,"event":{"mods":["AchievementEnabler","BaseMod","Colored Map","Minty Spire (QoL Compilation)","Rare Cards Sparkle","StSLib","SuperFastMode"],"gold_per_floor":[116,116,116,136,136,161,174,185,208,233,233,247,247,276,276,355,355,367,384,384,434,449,449,478,478,547,578,598,123,150,168,168,239,239,257,270,79,97,150,150,183,201,227,227,117,150,170,202,202,202,202,202,65,94,94],"floor_reached":56,"language":"KOR","playtime":2759,"items_purged":["Strike_P","Strike_P","Defend_P"],"score":2226,"play_id":"b015f427-f10d-4f00-ac92-e8c995d83a80","local_time":"20210131173421","is_ascension_mode":true,"campfire_choices":[{"data":"Brilliance","floor":11.0,"key":"SMITH"},{"data":"EmptyMind","floor":13.0,"key":"SMITH"},{"data":"Prostrate","floor":15.0,"key":"SMITH"},{"floor":23.0,"key":"REST"},{"data":"Ragnarok","floor":25.0,"key":"SMITH"},{"data":"InnerPeace","floor":32.0,"key":"SMITH"},{"floor":40.0,"key":"REST"},{"floor":44.0,"key":"REST"},{"floor":49.0,"key":"RECALL"},{"data":"TalkToTheHand","floor":52,"key":"SMITH"}],"circlet_count":0,"master_deck":["AscendersBane","Defend_P","Defend_P+1","Defend_P","Eruption+1","Vigilance","Brilliance+1","WheelKick","InnerPeace+1","Worship","EmptyFist","Prostrate+1","EmptyMind+1","Ragnarok+1","ThirdEye+1","Prostrate","EmptyBody+1","Tantrum","Omniscience+1","Perseverance+1","Vault+1","Vault+1","Adaptation","TalkToTheHand+1","InnerPeace+1","Scrawl+1","Pray+1","Prostrate+1","EmptyMind+1"],"relics":["PureWater","Damaru","Akabeko","Regal Pillow","Bag of Marbles","Black Star","Pantograph","Question Card","Toxic Egg 2","Mummified Hand","Omamori","Sundial","Singing Bowl","Smiling Mask","VioletLotus","Torii","Meat on the Bone","Gambling Chip","Blood Vial","CaptainsWheel","Art of War","TeardropLocket","Ice Cream","Bronze Scales"],"acts_visited":["Exordium","TheCity","TheBeyond","TheEnding"],"potions_floor_usage":[55],"damage_taken":[{"damage":7.0,"enemies":"Jaw Worm","floor":1.0,"turns":4.0},{"damage":0.0,"enemies":"Small Slimes","floor":4.0,"turns":2.0},{"damage":12.0,"enemies":"Lagavulin","floor":6.0,"turns":4.0},{"damage":1.0,"enemies":"Cultist","floor":7.0,"turns":3.0},{"damage":1.0,"enemies":"2 Fungi Beasts","floor":8.0,"turns":3.0},{"damage":2.0,"enemies":"3 Sentries","floor":10.0,"turns":3.0},{"damage":9.0,"enemies":"Red Slaver","floor":12.0,"turns":2.0},{"damage":0.0,"enemies":"Gremlin Nob","floor":14.0,"turns":2.0},{"damage":10.0,"enemies":"Hexaghost","floor":16.0,"turns":4.0},{"damage":6.0,"enemies":"2 Thieves","floor":18.0,"turns":2.0},{"damage":2.0,"enemies":"Chosen","floor":19.0,"turns":4.0},{"damage":0.0,"enemies":"Snecko","floor":22.0,"turns":2.0},{"damage":3.0,"enemies":"Slavers","floor":24.0,"turns":4.0},{"damage":11.0,"enemies":"Gremlin Leader","floor":27.0,"turns":3.0},{"damage":0.0,"enemies":"Cultist and Chosen","floor":28.0,"turns":5.0},{"damage":13.0,"enemies":"Book of Stabbing","floor":30.0,"turns":4.0},{"damage":0.0,"enemies":"Centurion and Healer","floor":31.0,"turns":2.0},{"damage":63.0,"enemies":"Champ","floor":33.0,"turns":9.0},{"damage":3.0,"enemies":"3 Shapes","floor":35.0,"turns":5.0},{"damage":1.0,"enemies":"Orb Walker","floor":36.0,"turns":4.0},{"damage":10.0,"enemies":"Spire Growth","floor":38.0,"turns":2.0},{"damage":4.0,"enemies":"2 Orb Walkers","floor":39.0,"turns":3.0},{"damage":0.0,"enemies":"Giant Head","floor":41.0,"turns":1.0},{"damage":45.0,"enemies":"Transient","floor":42.0,"turns":6.0},{"damage":0.0,"enemies":"Reptomancer","floor":46.0,"turns":1.0},{"damage":8.0,"enemies":"Writhing Mass","floor":47.0,"turns":3.0},{"damage":13.0,"enemies":"Nemesis","floor":48.0,"turns":3.0},{"damage":8,"enemies":"Awakened One","floor":50,"turns":10},{"damage":0,"enemies":"Shield and Spear","floor":54,"turns":4},{"damage":93,"enemies":"The Heart","floor":55,"turns":6}],"seed_played":"8647295578901749220","potions_obtained":[{"floor":1.0,"key":"DistilledChaos"},{"floor":5.0,"key":"LiquidMemories"},{"floor":6.0,"key":"LiquidMemories"},{"floor":7.0,"key":"DuplicationPotion"},{"floor":12.0,"key":"Regen Potion"},{"floor":18.0,"key":"SkillPotion"},{"floor":27.0,"key":"Block Potion"},{"floor":30.0,"key":"AttackPotion"},{"floor":31.0,"key":"FairyPotion"},{"floor":36.0,"key":"DuplicationPotion"},{"floor":39.0,"key":"BottledMiracle"},{"floor":48.0,"key":"Block Potion"}],"is_trial":false,"path_per_floor":["M","?","?","M","?","E","M","M","T","E","R","M","R","E","R","B",null,"M","M","?","?","M","R","E","R","T","E","M","$","E","M","R","B",null,"M","M","$","M","?","R","E","M","T","R","?","E","M","E","R","B",null,"R","$","E","B",null],"character_chosen":"WATCHER","items_purchased":["Sundial","Tantrum","StancePotion","Vault+1","Pray+1","Prostrate+1"],"campfire_rested":3,"item_purchase_floors":[29,29,29,37,53,53],"current_hp_per_floor":[54,54,54,54,54,42,41,40,40,38,38,29,29,29,29,19,56,50,48,29,22,22,58,55,55,55,44,56,56,43,43,43,5,56,55,56,56,46,44,79,81,50,50,83,83,83,75,64,64,75,81,81,81,83,28],"gold":94,"neow_bonus":"ONE_RANDOM_RARE_CARD","is_daily":false,"chose_seed":false,"campfire_upgraded":6,"win_rate":0.0,"timestamp":1612082061,"path_taken":["M","?","?","?","?","E","M","M","T","E","R","?","R","E","R","BOSS","M","M","?","?","M","R","E","R","T","E","M","$","E","M","R","BOSS","M","?","$","M","?","R","E","M","T","R","?","E","M","E","R","BOSS","R","$","E","BOSS"],"items_purchased_type":["Relic","Card","Potion","Card","Card","Card"],"build_version":"2020-12-22","purchased_purges":3,"victory":true,"max_hp_per_floor":[68,68,68,68,68,68,68,68,68,68,68,68,68,68,68,68,68,68,68,73,73,73,73,73,73,73,73,73,73,73,73,73,73,73,75,77,77,77,79,79,81,83,83,83,83,83,83,83,83,83,83,83,83,83,83],"card_choices":[{"not_picked":["Wallop","JustLucky"],"picked":"WheelKick","floor":1.0},{"not_picked":["BowlingBash","DeceiveReality"],"picked":"InnerPeace","floor":4.0},{"not_picked":["CutThroughFate","ThirdEye"],"picked":"Worship","floor":6.0},{"not_picked":["MasterReality","PathToVictory"],"picked":"EmptyFist","floor":7.0},{"not_picked":["JustLucky","InnerPeace"],"picked":"Prostrate","floor":8.0},{"not_picked":["Consecrate","Protect","SashWhip"],"picked":"SKIP","floor":10.0},{"not_picked":["BowlingBash","CarveReality"],"picked":"EmptyMind","floor":12.0},{"not_picked":["BowlingBash","EmptyBody","ConjureBlade"],"picked":"SKIP","floor":14.0},{"not_picked":["Judgement","Establishment"],"picked":"Ragnarok","floor":16.0},{"not_picked":["Weave","EmptyFist","DeceiveReality"],"picked":"SKIP","floor":18.0},{"not_picked":["Vengeance","Indignation"],"picked":"ThirdEye+1","floor":19.0},{"not_picked":["CrushJoints","Halt"],"picked":"Prostrate","floor":22.0},{"not_picked":["Consecrate","DevaForm","Fasting2"],"picked":"SKIP","floor":24.0},{"not_picked":["Consecrate","JustLucky","SignatureMove","CutThroughFate"],"picked":"SKIP","floor":27.0},{"not_picked":["FlyingSleeves","FlurryOfBlows+1","PathToVictory+1"],"picked":"EmptyBody+1","floor":28.0},{"not_picked":["Crescendo+1","ClearTheMind+1","Weave"],"picked":"Omniscience+1","floor":30.0},{"not_picked":["FlurryOfBlows","Crescendo+1","Halt+1"],"picked":"Perseverance+1","floor":31.0},{"not_picked":["ConjureBlade+1","DevaForm","MasterReality"],"picked":"Vault+1","floor":33.0},{"not_picked":["Crescendo+1","Collect+1","WreathOfFlame+1","EmptyBody+1"],"picked":"Singing Bowl","floor":35.0},{"not_picked":["Protect+1","CutThroughFate+1","CrushJoints","Collect+1"],"picked":"Singing Bowl","floor":36.0},{"not_picked":["DeceiveReality+1","Crescendo+1","CrushJoints+1"],"picked":"Adaptation","floor":38.0},{"not_picked":["EmptyBody+1","CrushJoints","Consecrate","FollowUp"],"picked":"Singing Bowl","floor":39.0},{"not_picked":["Evaluate+1","BattleHymn","FollowUp","Collect+1"],"picked":"Singing Bowl","floor":41.0},{"not_picked":["Halt+1","BattleHymn","Collect+1","FollowUp"],"picked":"Singing Bowl","floor":42.0},{"not_picked":["SignatureMove","Judgement+1","LessonLearned"],"picked":"TalkToTheHand","floor":46.0},{"not_picked":["Evaluate+1","Crescendo+1","JustLucky"],"picked":"InnerPeace+1","floor":47.0},{"not_picked":["SashWhip+1","TalkToTheHand+1","FollowUp"],"picked":"Scrawl+1","floor":48.0},{"not_picked":["ClearTheMind+1","JustLucky","EmptyFist"],"picked":"EmptyMind+1","floor":54}],"player_experience":874792,"relics_obtained":[{"floor":6.0,"key":"Damaru"},{"floor":9.0,"key":"Akabeko"},{"floor":10.0,"key":"Regal Pillow"},{"floor":14.0,"key":"Bag of Marbles"},{"floor":24.0,"key":"Pantograph"},{"floor":24.0,"key":"Question Card"},{"floor":26.0,"key":"Toxic Egg 2"},{"floor":27.0,"key":"Mummified Hand"},{"floor":27.0,"key":"Omamori"},{"floor":30.0,"key":"Singing Bowl"},{"floor":30.0,"key":"Smiling Mask"},{"floor":39.0,"key":"Torii"},{"floor":41.0,"key":"Meat on the Bone"},{"floor":41.0,"key":"Gambling Chip"},{"floor":46.0,"key":"Blood Vial"},{"floor":46.0,"key":"CaptainsWheel"},{"floor":48.0,"key":"Art of War"},{"floor":48.0,"key":"TeardropLocket"},{"floor":54,"key":"Ice Cream"},{"floor":54,"key":"Bronze Scales"}],"event_choices":[{"cards_removed":["Strike_P"],"damage_healed":0.0,"max_hp_gain":0.0,"max_hp_loss":0.0,"gold_gain":0.0,"event_name":"Living Wall","player_choice":"Forget","floor":2.0,"gold_loss":0.0,"damage_taken":0.0},{"damage_healed":0.0,"max_hp_gain":0.0,"max_hp_loss":0.0,"gold_gain":0.0,"event_name":"Upgrade Shrine","player_choice":"Upgraded","floor":3.0,"gold_loss":0.0,"damage_taken":0.0,"cards_upgraded":["Eruption"]},{"damage_healed":0.0,"max_hp_gain":0.0,"max_hp_loss":0.0,"gold_gain":0.0,"event_name":"Lab","player_choice":"Got Potions","floor":5.0,"gold_loss":0.0,"damage_taken":0.0},{"damage_healed":0.0,"max_hp_gain":5.0,"max_hp_loss":0.0,"gold_gain":0.0,"event_name":"Forgotten Altar","player_choice":"Shed Blood","floor":20.0,"gold_loss":0.0,"damage_taken":24.0},{"damage_healed":0.0,"max_hp_gain":0.0,"max_hp_loss":0.0,"gold_gain":50.0,"event_name":"FaceTrader","player_choice":"Touch","floor":21.0,"gold_loss":0.0,"damage_taken":7.0},{"damage_healed":0.0,"max_hp_gain":0.0,"max_hp_loss":0.0,"gold_gain":0.0,"event_name":"Mysterious Sphere","player_choice":"Fight","floor":39.0,"gold_loss":0.0,"damage_taken":0.0},{"cards_removed":["Strike_P"],"damage_healed":0.0,"max_hp_gain":0.0,"max_hp_loss":0.0,"gold_gain":0.0,"event_name":"Designer","player_choice":"Upgrade and Remove","floor":45.0,"gold_loss":110.0,"damage_taken":0.0,"cards_upgraded":["Defend_P"]}],"is_beta":false,"boss_relics":[{"not_picked":["Sozu","HolyWater"],"picked":"Black Star"},{"not_picked":["Fusion Hammer","Velvet Choker"],"picked":"VioletLotus"}],"items_purged_floors":[29,37,53],"is_endless":false,"potions_floor_spawned":[1,6,7,12,18,27,30,31,36,38,39,48],"ascension_level":15}}