{"host":"kzpuingyul43kz0j","time":1612128713,"event":{"mods":["2.2 Compatiblity","BaseMod","Bestiary","Better Skull","BetterRewards","Colored Map","Colored Powertips","Curses Come First","Displayed Cursed Tome","Gold Saver","Highlight Path","Keyboard Shortcuts","Minty Spire (QoL Compilation)","Relic Stats","Remove Card Discount Mod","StSLib","Uncapped"],"gold_per_floor":[782,78,78,93,109,134,134,144,195,222,236,236,250,268,268,369,369,369,369],"floor_reached":18,"language":"ENG","playtime":985,"items_purged":["Dualcast+1","Strike_B","Defend_B","Strike_B"],"score":199,"play_id":"ba0b98cb-18ba-4f32-ab2a-967ed2f8fd63","local_time":"20210131223153","is_ascension_mode":false,"campfire_choices":[{"data":"Zap","floor":7,"key":"SMITH"},{"data":"Madness","floor":12,"key":"SMITH"},{"data":"Buffer","floor":15,"key":"SMITH"}],"circlet_count":0,"master_deck":["Strike_B","Strike_B","Defend_B","Defend_B","Defend_B","Zap+1","Loop","Cold Snap","Biased Cognition","Madness+1","Melter","Leap","Sweeping Beam","Chill","Buffer+1","Sweeping Beam","Leap","Ball Lightning","Core Surge"],"relics":["Tiny House","ClockworkSouvenir","PreservedInsect","Orichalcum","Gremlin Horn","Blood Vial","Happy Flower","Snecko Eye"],"acts_visited":["Exordium","TheCity"],"potions_floor_usage":[6,6,6],"damage_taken":[{"damage":7,"enemies":"Small Slimes","floor":1,"turns":5},{"damage":0,"enemies":"Jaw Worm","floor":4,"turns":4},{"damage":0,"enemies":"Cultist","floor":5,"turns":4},{"damage":6,"enemies":"3 Sentries","floor":6,"turns":6},{"damage":4,"enemies":"Blue Slaver","floor":8,"turns":4},{"damage":0,"enemies":"Gremlin Nob","floor":10,"turns":4},{"damage":0,"enemies":"2 Fungi Beasts","floor":11,"turns":4},{"damage":7,"enemies":"Gremlin Gang","floor":13,"turns":3},{"damage":9,"enemies":"Large Slime","floor":14,"turns":6},{"damage":10,"enemies":"Hexaghost","floor":16,"turns":8},{"damage":0,"enemies":"2 Thieves","floor":18,"turns":1}],"seed_played":"-6898481701783176094","potions_obtained":[{"floor":0,"key":"SpeedPotion"},{"floor":4,"key":"Ancient Potion"},{"floor":5,"key":"Dexterity Potion"},{"floor":10,"key":"GamblersBrew"},{"floor":11,"key":"FairyPotion"}],"is_trial":false,"path_per_floor":["M","$","?","M","M","E","R","M","T","E","M","R","M","M","R","B",null,"M"],"character_chosen":"DEFECT","items_purchased":["ClockworkSouvenir","PreservedInsect","Orichalcum","Biased Cognition","Madness","Melter"],"campfire_rested":0,"item_purchase_floors":[2,2,2,2,2,2],"current_hp_per_floor":[73,73,73,73,73,67,67,63,63,65,67,67,62,55,55,47,80,80,80],"gold":369,"neow_bonus":"BOSS_RELIC","is_daily":false,"chose_seed":false,"campfire_upgraded":3,"win_rate":0.0,"timestamp":1612128713,"path_taken":["M","$","?","M","M","E","R","M","T","E","M","R","M","M","R","BOSS","M"],"items_purchased_type":["Relic","Relic","Relic","Card","Card","Card"],"build_version":"2020-12-22","purchased_purges":4,"victory":false,"max_hp_per_floor":[80,80,80,80,80,80,80,80,80,80,80,80,80,80,80,80,80,80,80],"relic_stats":{"Blood Vial":10,"Gremlin Horn":[4,4],"Happy Flower":[7],"counters":[11,49],"Snecko Eye":[1,3,2,1],"PreservedInsect":52,"Orichalcum":[36],"obtain_stats":[{"Blood Vial":9,"Tiny House":0,"Gremlin Horn":6,"Happy Flower":10,"Snecko Eye":17,"PreservedInsect":2,"Orichalcum":2,"Cracked Core":0,"ClockworkSouvenir":2},{"Blood Vial":5,"Tiny House":0,"Gremlin Horn":4,"Happy Flower":6,"Snecko Eye":10,"PreservedInsect":1,"Orichalcum":1,"Cracked Core":0,"ClockworkSouvenir":1},{"Blood Vial":23,"Tiny House":0,"Gremlin Horn":19,"Happy Flower":27,"Snecko Eye":48,"PreservedInsect":5,"Orichalcum":5,"Cracked Core":0,"ClockworkSouvenir":5}]},"card_choices":[{"not_picked":["Beam Cell","Capacitor"],"picked":"Loop","floor":0},{"not_picked":["Rebound","Hologram"],"picked":"Cold Snap","floor":1},{"not_picked":["Cold Snap","Double Energy"],"picked":"Leap","floor":4},{"not_picked":["Rebound","Meteor Strike"],"picked":"Sweeping Beam","floor":5},{"not_picked":["Glacier","Loop","Barrage"],"picked":"SKIP","floor":6},{"not_picked":["Sunder","Coolheaded"],"picked":"Chill","floor":8},{"not_picked":["Storm","Darkness"],"picked":"Buffer","floor":10},{"not_picked":["Stack","Beam Cell"],"picked":"Sweeping Beam","floor":11},{"not_picked":["Doom and Gloom","Turbo"],"picked":"Leap","floor":13},{"not_picked":["Compile Driver","Cold Snap"],"picked":"Ball Lightning","floor":14},{"not_picked":["Electrodynamics","Creative AI"],"picked":"Core Surge","floor":16}],"player_experience":88411,"relics_obtained":[{"floor":6,"key":"Gremlin Horn"},{"floor":9,"key":"Blood Vial"},{"floor":10,"key":"Happy Flower"}],"event_choices":[{"damage_healed":0,"gold_gain":0,"player_choice":"Ignored","damage_taken":0,"max_hp_gain":0,"max_hp_loss":0,"event_name":"Liars Game","floor":3,"gold_loss":0}],"is_beta":false,"boss_relics":[{"not_picked":["Runic Dome","Pandora\u0027s Box"],"picked":"Snecko Eye"}],"items_purged_floors":[2,2,2,2],"is_endless":false,"potions_floor_spawned":[4,5,10,11],"killed_by":"2 Thieves","ascension_level":0}}