{"host":"lfvf97io7xuhaz8c","time":1612115709,"event":{"mods":["2.2 Compatiblity","BaseMod","Bestiary","Colored Map","Colored Powertips","Curses Come First","Highlight Path","Minty Spire (QoL Compilation)","Relic Stats","StSLib","SuperFastMode"],"gold_per_floor":[116,127,77,89,89,120,120,120,143,185,185,233,258,19,19,153,162,194,109,109,109,109],"floor_reached":21,"language":"FRA","playtime":1296,"items_purged":["Strike_R"],"score":263,"play_id":"5743a6a5-ce29-42f3-aa22-239463ce4841","local_time":"20210131185509","is_ascension_mode":true,"campfire_choices":[{"floor":7,"key":"REST"},{"floor":11,"key":"REST"},{"floor":15,"key":"REST"}],"circlet_count":0,"master_deck":["Strike_R","Strike_R","Strike_R","Defend_R","Defend_R","Defend_R","Defend_R","Bash","Seeing Red","Evolve","Wild Strike","Injury","Shrug It Off","Trip","Carnage","Second Wind","True Grit","Pummel","Feel No Pain","Feed","Double Tap","CurseOfTheBell","Headbutt","Ghostly Armor+1"],"relics":["Black Star","Golden Idol","Tiny Chest","Potion Belt","Pen Nib","Ancient Tea Set","CeramicFish","Matryoshka","InkBottle","Calling Bell","Omamori","Darkstone Periapt","Prayer Wheel","Blood Vial","Regal Pillow"],"acts_visited":["Exordium","TheCity"],"potions_floor_usage":[4,6,10,12,16],"damage_taken":[{"damage":9,"enemies":"2 Louse","floor":1,"turns":4},{"damage":9,"enemies":"Jaw Worm","floor":2,"turns":3},{"damage":1,"enemies":"Cultist","floor":4,"turns":4},{"damage":32,"enemies":"Gremlin Nob","floor":6,"turns":4},{"damage":42,"enemies":"3 Sentries","floor":10,"turns":10},{"damage":17,"enemies":"Lagavulin","floor":12,"turns":5},{"damage":4,"enemies":"Exordium Thugs","floor":13,"turns":5},{"damage":19,"enemies":"Hexaghost","floor":16,"turns":9},{"damage":4,"enemies":"Chosen","floor":18,"turns":6},{"damage":75,"enemies":"3 Byrds","floor":21,"turns":6}],"seed_played":"1262030060532898487","potions_obtained":[{"floor":2,"key":"DuplicationPotion"},{"floor":4,"key":"AttackPotion"},{"floor":6,"key":"GamblersBrew"},{"floor":10,"key":"Strength Potion"},{"floor":13,"key":"FearPotion"}],"is_trial":false,"path_per_floor":["M","M","?","M","?","E","R","?","T","E","R","E","M","$","R","B",null,"M","?","T","M"],"character_chosen":"IRONCLAD","items_purchased":["Feel No Pain","Feed"],"campfire_rested":3,"item_purchase_floors":[14,14],"current_hp_per_floor":[63,54,54,53,53,21,45,45,45,3,27,10,6,6,30,11,63,62,62,62,0,0],"gold":109,"neow_bonus":"BOSS_RELIC","is_daily":false,"chose_seed":false,"campfire_upgraded":0,"win_rate":0.0,"timestamp":1612115709,"path_taken":["M","M","?","M","?","E","R","?","T","E","R","E","?","$","R","BOSS","M","?","?","?"],"items_purchased_type":["Card","Card"],"build_version":"2020-12-22","purchased_purges":1,"victory":false,"max_hp_per_floor":[80,80,80,80,80,80,80,80,80,80,80,80,80,80,80,80,80,83,83,83,83,83],"relic_stats":{"Darkstone Periapt":0,"Blood Vial":2,"Regal Pillow":0,"counters":[10,56],"Golden Idol":52,"CeramicFish":81,"Tiny Chest":1,"Prayer Wheel":1,"Pen Nib":[6],"Black Star":3,"obtain_stats":[{"Potion Belt":6,"Darkstone Periapt":17,"Regal Pillow":20,"Golden Idol":5,"CeramicFish":10,"Pen Nib":9,"Omamori":17,"Ancient Tea Set":10,"Burning Blood":0,"Calling Bell":17,"Blood Vial":19,"Matryoshka":12,"Tiny Chest":6,"Prayer Wheel":17,"Black Star":0,"InkBottle":12},{"Potion Belt":4,"Darkstone Periapt":8,"Regal Pillow":9,"Golden Idol":3,"CeramicFish":5,"Pen Nib":4,"Omamori":8,"Ancient Tea Set":5,"Burning Blood":0,"Calling Bell":8,"Blood Vial":9,"Matryoshka":6,"Tiny Chest":4,"Prayer Wheel":8,"Black Star":0,"InkBottle":6},{"Potion Belt":15,"Darkstone Periapt":44,"Regal Pillow":50,"Golden Idol":11,"CeramicFish":25,"Pen Nib":15,"Omamori":44,"Ancient Tea Set":25,"Burning Blood":0,"Calling Bell":44,"Blood Vial":50,"Matryoshka":30,"Tiny Chest":15,"Prayer Wheel":44,"Black Star":0,"InkBottle":30}],"InkBottle":[7]},"card_choices":[{"not_picked":["Shrug It Off","Heavy Blade"],"picked":"Seeing Red","floor":1},{"not_picked":["Cleave","Heavy Blade"],"picked":"Evolve","floor":2},{"not_picked":["Clash","Headbutt"],"picked":"Wild Strike","floor":4},{"not_picked":["Inflame","Juggernaut"],"picked":"Shrug It Off","floor":6},{"not_picked":["Body Slam","Intimidate"],"picked":"Second Wind","floor":10},{"not_picked":["Second Wind","Searing Blow"],"picked":"True Grit","floor":12},{"not_picked":["Havoc","Flex"],"picked":"Pummel","floor":13},{"not_picked":["Bludgeon","Feed"],"picked":"Double Tap","floor":16},{"not_picked":["Body Slam","Searing Blow"],"picked":"Headbutt","floor":18},{"not_picked":["Sever Soul","Blood for Blood+1"],"picked":"Ghostly Armor+1","floor":18}],"player_experience":1483747,"relics_obtained":[{"floor":6,"key":"Tiny Chest"},{"floor":6,"key":"Potion Belt"},{"floor":9,"key":"Pen Nib"},{"floor":10,"key":"Ancient Tea Set"},{"floor":10,"key":"CeramicFish"},{"floor":12,"key":"Matryoshka"},{"floor":12,"key":"InkBottle"},{"floor":17,"key":"Omamori"},{"floor":17,"key":"Darkstone Periapt"},{"floor":17,"key":"Prayer Wheel"},{"floor":20,"key":"Regal Pillow"}],"event_choices":[{"cards_removed":["Strike_R"],"damage_healed":0,"gold_gain":0,"player_choice":"Card Removal","damage_taken":0,"max_hp_gain":0,"max_hp_loss":0,"event_name":"The Cleric","floor":3,"gold_loss":50},{"damage_healed":0,"gold_gain":0,"player_choice":"Take Wound","damage_taken":0,"relics_obtained":["Golden Idol"],"max_hp_gain":0,"max_hp_loss":0,"event_name":"Golden Idol","floor":5,"gold_loss":0,"cards_obtained":["Injury"]},{"damage_healed":0,"gold_gain":0,"player_choice":"2 cards matched","damage_taken":0,"max_hp_gain":0,"max_hp_loss":0,"event_name":"Match and Keep!","floor":8,"gold_loss":0,"cards_obtained":["Trip","Carnage"]},{"damage_healed":0,"gold_gain":0,"player_choice":"Obtained Relic","damage_taken":0,"relics_obtained":["Blood Vial"],"max_hp_gain":0,"max_hp_loss":0,"event_name":"Addict","floor":19,"gold_loss":85}],"is_beta":false,"boss_relics":[{"not_picked":["Velvet Choker","SlaversCollar"],"picked":"Calling Bell"}],"items_purged_floors":[14],"is_endless":false,"potions_floor_spawned":[2,4,6,10,13],"killed_by":"3 Byrds","ascension_level":7}}