{"host":"g7mkzn6qfoxkk5sz","time":1612064442,"event":{"mods":["BaseMod","Colored Map","Colored Powertips","Downfall","Hermit","Marisa????????","Minty Spire (QoL Compilation)","StSLib","The Animator","The Bug Knight","The Servant 0.9.4"],"gold_per_floor":[131,157,157,170,170,210,210,210,235,251,251,266,293,308,308,405,405,423,395,395,395,192,192,47,96,145,170,192,204,216,281,293,401,413,440,464,476,502,514,554,566,566],"floor_reached":41,"language":"ENG","playtime":2930,"items_purged":[],"score":443,"play_id":"0e196f35-1073-4194-a215-95c5bb572349","local_time":"20210131054042","is_ascension_mode":false,"campfire_choices":[{"floor":8,"key":"REST"},{"floor":15,"key":"REST"},{"data":"animator:Sloth","floor":23,"key":"SMITH"},{"floor":30,"key":"REST"},{"floor":32,"key":"REST"}],"circlet_count":0,"master_deck":["animator:Strike_Elsword+1","animator:Defend_Elsword+1","animator:Strike+1","animator:Strike+1","animator:Strike+1","animator:Defend+1","animator:Defend+1","animator:Defend+1","animator:Chung+1","animator:Raven","animator:Shinoa","animator:ElricEdward","animator:Spearman","animator:Ara","animator:Priestess","animator:Mitsurugi","animator:Eris","animator:Sloth+1","animator:Eve","animator:ChlammyZell","animator:Mitsuba","animator:IrohaTamaki","animator:Canti","animator:Mikaela","Doubt","animator:CrowleyEusford","animator:Shigure","animator:Wiz","CurseOfTheBell","animator:Witch","animator:Megumin+1","Decay","Parasite","animator:Elsword"],"relics":["animator:LivingPicture","animator:TheMissingPiece","NeowsBlessing","Pantograph","War Paint","Blood Vial","Matryoshka","Ice Cream","Cursed Key","Nilry\u0027s Codex","Bag of Marbles","Frozen Egg 2","Akabeko","MawBank","Anchor","HollowMod:LifeEnderRelic","Calling Bell","HollowMod:PaleOreRelic","Paper Frog","animator:HeavyHalberd"],"acts_visited":["Exordium","TheCity","TheBeyond"],"potions_floor_usage":[10,10,12,16,25,25,31,31,38,40,40],"damage_taken":[{"damage":0,"enemies":"Small Slimes","floor":1,"turns":1},{"damage":0,"enemies":"2 Louse","floor":2,"turns":1},{"damage":0,"enemies":"Cultist","floor":4,"turns":1},{"damage":46,"enemies":"Gremlin Nob","floor":6,"turns":6},{"damage":0,"enemies":"Exordium Thugs","floor":10,"turns":5},{"damage":7,"enemies":"Lots of Slimes","floor":12,"turns":4},{"damage":5,"enemies":"3 Sentries","floor":13,"turns":10},{"damage":2,"enemies":"Blue Slaver","floor":14,"turns":4},{"damage":4,"enemies":"The Guardian","floor":16,"turns":14},{"damage":15,"enemies":"Spheric Guardian","floor":18,"turns":7},{"damage":13,"enemies":"2 Thieves","floor":19,"turns":5},{"damage":19,"enemies":"Slavers","floor":25,"turns":5},{"damage":4,"enemies":"3 Cultists","floor":27,"turns":7},{"damage":0,"enemies":"Cultist and Chosen","floor":28,"turns":6},{"damage":1,"enemies":"HollowMod:Nosk","floor":31,"turns":8},{"damage":29,"enemies":"Champ","floor":33,"turns":15},{"damage":20,"enemies":"3 Darklings","floor":35,"turns":10},{"damage":8,"enemies":"3 Shapes","floor":36,"turns":5},{"damage":22,"enemies":"Spire Growth","floor":38,"turns":6},{"damage":27,"enemies":"Writhing Mass","floor":40,"turns":6},{"damage":13,"enemies":"Giant Head","floor":41,"turns":3}],"seed_played":"-7172785170445846209","potions_obtained":[{"floor":1,"key":"SteroidPotion"},{"floor":2,"key":"Fire Potion"},{"floor":4,"key":"animator:FalseLifePotion"},{"floor":12,"key":"Swift Potion"},{"floor":19,"key":"Strength Potion"},{"floor":27,"key":"Weak Potion"},{"floor":28,"key":"LiquidBronze"},{"floor":35,"key":"SteroidPotion"},{"floor":36,"key":"animator:FalseLifePotion"},{"floor":38,"key":"Strength Potion"}],"is_trial":false,"path_per_floor":["M","M","?","M","?","E","?","R","T","M","T","M","E","M","R","B",null,"M","M","?","?","$","R","$","E","T","M","M","?","R","E","R","B",null,"M","M","?","M","?","M","E"],"character_chosen":"THE_ANIMATOR","items_purchased":["Bag of Marbles","animator:IrohaTamaki","animator:Canti","AttackPotion"],"campfire_rested":4,"item_purchase_floors":[22,22,24,24],"current_hp_per_floor":[66,66,53,53,53,7,7,26,26,28,28,23,20,24,44,64,68,53,46,46,30,30,30,30,16,16,18,23,23,44,48,69,44,70,50,47,47,30,30,5,0,0],"gold":566,"neow_bonus":"THREE_ENEMY_KILL","is_daily":false,"chose_seed":false,"campfire_upgraded":1,"win_rate":0.0,"timestamp":1612064442,"path_taken":["M","M","?","M","?","E","?","R","T","?","?","M","E","?","R","BOSS","M","M","?","?","$","R","$","E","T","M","?","?","R","E","R","BOSS","M","M","?","M","?","?","E"],"items_purchased_type":["Relic","Card","Card","Potion"],"build_version":"2020-12-22","purchased_purges":0,"victory":false,"max_hp_per_floor":[66,66,66,66,66,66,66,66,66,66,66,66,66,67,67,68,68,68,69,69,69,69,69,69,69,69,70,70,70,70,70,70,70,70,70,70,70,70,70,70,70,70],"card_choices":[{"not_picked":["animator:MaesHughes","animator:SuzuneAmano"],"picked":"animator:Shinoa","floor":1},{"not_picked":["animator:Spearman","animator:Ain"],"picked":"animator:ElricEdward","floor":2},{"not_picked":["animator:DwarfShaman","animator:Mitsuba"],"picked":"animator:Spearman","floor":4},{"not_picked":["animator:Raven","animator:Lu"],"picked":"animator:Ara","floor":6},{"not_picked":["animator:Mikaela","animator:Pride"],"picked":"animator:Priestess","floor":10},{"not_picked":["animator:Aqua","animator:IrohaTamaki"],"picked":"animator:Mitsurugi","floor":12},{"not_picked":["animator:Verdia","animator:Lu"],"picked":"animator:Eris","floor":13},{"not_picked":["animator:MaesHughes","animator:ElricAlphonse"],"picked":"animator:Sloth","floor":14},{"not_picked":["animator:Wiz","animator:FeridBathory"],"picked":"animator:Eve","floor":16},{"not_picked":["animator:Laby","animator:Shinoa"],"picked":"animator:ChlammyZell","floor":18},{"not_picked":["animator:Vanir","animator:Raven"],"picked":"animator:Mitsuba","floor":19},{"not_picked":["animator:Mitsuba","animator:SuzuneAmano"],"picked":"animator:Mikaela","floor":25},{"not_picked":["animator:Mitsuba","animator:HiiragiShinya"],"picked":"animator:CrowleyEusford","floor":27},{"not_picked":["animator:Yuuichirou","animator:Kazuma+1"],"picked":"animator:DolaRiku","floor":28},{"not_picked":["animator:ElricEdward","animator:Darkness+1"],"picked":"animator:Shigure","floor":31},{"not_picked":["animator:Guren","animator:Father"],"picked":"animator:Wiz","floor":33},{"not_picked":["animator:Chris","animator:MaesHughes","animator:KyokoSakura"],"picked":"SKIP","floor":35},{"not_picked":["animator:Priestess","animator:DwarfShaman"],"picked":"animator:Witch","floor":36},{"not_picked":["animator:Elesis","animator:Mikaela"],"picked":"animator:Megumin+1","floor":38},{"not_picked":["animator:OrikoMikuni","animator:RoyMustang+1"],"picked":"animator:Elsword","floor":40}],"player_experience":435318,"relics_obtained":[{"floor":6,"key":"War Paint"},{"floor":9,"key":"Blood Vial"},{"floor":11,"key":"Matryoshka"},{"floor":13,"key":"Ice Cream"},{"floor":21,"key":"Nilry\u0027s Codex"},{"floor":25,"key":"Frozen Egg 2"},{"floor":26,"key":"Akabeko"},{"floor":26,"key":"MawBank"},{"floor":31,"key":"HollowMod:LifeEnderRelic"},{"floor":34,"key":"HollowMod:PaleOreRelic"},{"floor":34,"key":"Paper Frog"},{"floor":34,"key":"animator:HeavyHalberd"}],"event_choices":[{"damage_healed":0,"gold_gain":0,"player_choice":"Entered Light","damage_taken":13,"max_hp_gain":0,"max_hp_loss":0,"event_name":"Shining Light","floor":3,"gold_loss":0,"cards_upgraded":["animator:Defend","animator:Defend"]},{"damage_healed":0,"gold_gain":0,"player_choice":"Box","damage_taken":0,"relics_obtained":["Pantograph"],"max_hp_gain":0,"max_hp_loss":0,"event_name":"Big Fish","floor":5,"gold_loss":0,"cards_obtained":["Regret"]},{"cards_removed":["Regret"],"damage_healed":0,"gold_gain":0,"player_choice":"Removed Curses","damage_taken":0,"max_hp_gain":0,"max_hp_loss":0,"event_name":"Fountain of Cleansing","floor":7,"gold_loss":0},{"damage_healed":0,"gold_gain":0,"player_choice":"Simplicity","damage_taken":0,"max_hp_gain":0,"max_hp_loss":0,"event_name":"Back to Basics","floor":20,"gold_loss":0,"cards_upgraded":["animator:Strike_Elsword","animator:Strike","animator:Strike","animator:Strike","animator:Defend"]},{"damage_healed":0,"gold_gain":0,"player_choice":"Obtained Book","damage_taken":16,"max_hp_gain":0,"max_hp_loss":0,"event_name":"Cursed Tome","floor":21,"gold_loss":0},{"damage_healed":0,"gold_gain":0,"player_choice":"Opened","damage_taken":0,"relics_obtained":["Anchor"],"max_hp_gain":0,"max_hp_loss":0,"event_name":"The Mausoleum","floor":29,"gold_loss":0},{"cards_removed":["animator:DolaRiku"],"damage_healed":0,"gold_gain":0,"player_choice":"Removed Skill","damage_taken":0,"max_hp_gain":0,"max_hp_loss":0,"event_name":"Falling","floor":37,"gold_loss":0},{"damage_healed":0,"gold_gain":0,"player_choice":"Cursed","damage_taken":0,"max_hp_gain":0,"max_hp_loss":0,"event_name":"Wheel of Change","floor":39,"gold_loss":0,"cards_obtained":["Decay"]}],"is_beta":false,"boss_relics":[{"not_picked":["SlaversCollar","animator:HolyGrailRelic"],"picked":"Cursed Key"},{"not_picked":["Coffee Dripper","animator:RacePiece"],"picked":"Calling Bell"}],"items_purged_floors":[],"is_endless":false,"potions_floor_spawned":[1,2,4,12,19,27,28,35,36,38],"killed_by":"Giant Head","ascension_level":0}}