{"host":"favrcuc0pmi4z15q","time":1612093231,"event":{"mods":["Act Like it!","BaseMod","Colored Powertips","Minty Spire (QoL Compilation)","Reliquary","Replay The Spire","Shop Mod","StSLib","The Animator","The Bug Knight"],"gold_per_floor":[217,103,125,149,177,222,270,339,339,389,431,431,481,510,510,623,623,678,724,764,764,795,841,841,851,851],"floor_reached":25,"language":"ENG","playtime":2604,"items_purged":["animator:Strike"],"score":386,"play_id":"1ef13c80-f272-41e9-a496-aa64b12a1cc5","local_time":"20210131124031","is_ascension_mode":true,"campfire_choices":[{"data":"animator:Aqua","floor":12.0,"key":"SMITH"},{"data":"animator:DolaCouronne","floor":15.0,"key":"SMITH"},{"data":"animator:Darkness","floor":24.0,"key":"SMITH"}],"circlet_count":0,"master_deck":["AscendersBane","animator:Strike_AccelWorld","animator:Defend_AccelWorld","animator:Strike","animator:Strike","animator:Defend","animator:Defend","animator:Defend","animator:Kuroyukihime","animator:LimeBell","animator:Yuuichirou","animator:Darkness","animator:Fredrika","animator:Chris","animator:AcuraTooru","animator:Aqua+1","animator:Eris","animator:Guy","animator:ChaikaBohdan","animator:DolaCouronne+1","animator:Darkness+1","animator:Eve","animator:Viivi","animator:Elsword","animator:HiiragiShinya+1","animator:ChaikaBohdan+1","animator:NivaLada"],"relics":["animator:LivingPicture","animator:TheMissingPiece","animator:PurgingStone","Replay:Bandana","Meat on the Bone","Quantum Egg","reliquary:BallBearing","Mark of Pain","Torii","animator:CursedGlyph"],"acts_visited":["Exordium","TheCity"],"potions_floor_usage":[25],"damage_taken":[{"damage":0.0,"enemies":"Cultist","floor":1.0,"turns":5.0},{"damage":0.0,"enemies":"2 Louse","floor":3.0,"turns":3.0},{"damage":0.0,"enemies":"Jaw Worm","floor":4.0,"turns":4.0},{"damage":0.0,"enemies":"Blue Slaver","floor":5.0,"turns":4.0},{"damage":12.0,"enemies":"Replay:BlueRogue","floor":6.0,"turns":14.0},{"damage":25.0,"enemies":"Gremlin Gang","floor":7.0,"turns":6.0},{"damage":9.0,"enemies":"HollowMod:MossKnight","floor":8.0,"turns":14.0},{"damage":14.0,"enemies":"3 Louse","floor":10.0,"turns":4.0},{"damage":10.0,"enemies":"Large Slime","floor":11.0,"turns":8.0},{"damage":18.0,"enemies":"Lagavulin","floor":13.0,"turns":9.0},{"damage":0.0,"enemies":"Blue Slaver","floor":14.0,"turns":5.0},{"damage":29.0,"enemies":"Hexaghost","floor":16.0,"turns":17.0},{"damage":14.0,"enemies":"Spheric Guardian","floor":18.0,"turns":7.0},{"damage":25.0,"enemies":"Chosen","floor":19.0,"turns":7.0},{"damage":24.0,"enemies":"Snake Plant","floor":20.0,"turns":6.0},{"damage":8.0,"enemies":"3 Cultists","floor":22.0,"turns":5.0},{"damage":21.0,"enemies":"animator:HornedBat","floor":23.0,"turns":5.0},{"damage":43,"enemies":"Gremlin Leader","floor":25,"turns":2}],"seed_played":"-3421598887076794856","potions_obtained":[{"floor":3.0,"key":"Strength Potion"},{"floor":4.0,"key":"Strength Potion"},{"floor":7.0,"key":"Toxic Potion"},{"floor":8.0,"key":"Weak Potion"},{"floor":14.0,"key":"Flashbang"},{"floor":16.0,"key":"Fire Potion"},{"floor":23.0,"key":"Strength Potion"}],"is_trial":false,"path_per_floor":["M","$","M","M","M","E","M","E","T","M","M","R","E","M","R","B",null,"M","M","M","?","M","E","R","E"],"character_chosen":"THE_ANIMATOR","items_purchased":["animator:Darkness"],"campfire_rested":0,"item_purchase_floors":[2],"current_hp_per_floor":[59,59,59,59,60,49,26,19,19,22,30,30,30,36,36,25,58,50,43,37,25,35,32,32,0,0],"gold":851,"neow_bonus":"HUNDRED_GOLD","is_daily":false,"chose_seed":false,"campfire_upgraded":3,"win_rate":0.0,"timestamp":1612093231,"path_taken":["M","$","M","?","?","E","M","E","T","M","M","R","E","M","R","BOSS","M","M","?","?","M","E","R","E"],"items_purchased_type":["Card"],"build_version":"2020-12-22","purchased_purges":1,"victory":false,"max_hp_per_floor":[66,66,66,66,67,68,68,68,68,68,69,69,69,69,69,69,69,69,69,69,74,74,70,70,70,70],"card_choices":[{"not_picked":["animator:Entoma","animator:Souei"],"picked":"animator:Yuuichirou","floor":1.0},{"not_picked":["animator:Verdia","animator:Ara"],"picked":"animator:Fredrika","floor":3.0},{"not_picked":["animator:Tyuule","animator:Jibril"],"picked":"animator:Chris","floor":4.0},{"not_picked":["animator:Viivi","animator:AcuraAkari"],"picked":"animator:AcuraTooru","floor":5.0},{"not_picked":["animator:Elsword","animator:AcuraTooru"],"picked":"animator:Aqua","floor":6.0},{"not_picked":["animator:Raven","animator:Add","animator:Layla"],"picked":"SKIP","floor":7.0},{"not_picked":["animator:ItamiYouji","animator:TukaLunaMarceau"],"picked":"animator:Eris","floor":8.0},{"not_picked":["animator:Layla","animator:ChaikaBohdan"],"picked":"animator:Guy","floor":10.0},{"not_picked":["animator:Chung","animator:Elsword"],"picked":"animator:ChaikaBohdan","floor":11.0},{"not_picked":["animator:HighElfArcher","animator:Elsword"],"picked":"animator:DolaCouronne","floor":13.0},{"not_picked":["animator:TukaLunaMarceau","animator:DolaCouronne"],"picked":"animator:Darkness","floor":14.0},{"not_picked":["animator:GoblinSlayer","animator:Wiz"],"picked":"animator:Eve","floor":16.0},{"not_picked":["animator:Guy","animator:Gillette"],"picked":"animator:Viivi","floor":18.0},{"not_picked":["animator:IzunaHatsuse","animator:Viivi"],"picked":"animator:Elsword","floor":19.0},{"not_picked":["animator:CowGirl","animator:ChaikaBohdan"],"picked":"animator:HiiragiShinya+1","floor":20.0},{"not_picked":["animator:Shion","animator:Gillette"],"picked":"animator:ChaikaBohdan+1","floor":22.0},{"not_picked":["animator:Viivi","animator:AcuraTooru"],"picked":"animator:NivaLada","floor":23.0}],"player_experience":1233978,"relics_obtained":[{"floor":6.0,"key":"Replay:Bandana"},{"floor":8.0,"key":"Meat on the Bone"},{"floor":9.0,"key":"Quantum Egg"},{"floor":13.0,"key":"reliquary:BallBearing"},{"floor":23.0,"key":"Torii"},{"floor":23.0,"key":"animator:CursedGlyph"}],"event_choices":[{"damage_healed":0.0,"max_hp_gain":5.0,"max_hp_loss":0.0,"gold_gain":0.0,"event_name":"Forgotten Altar","player_choice":"Shed Blood","floor":21.0,"gold_loss":0.0,"damage_taken":17.0}],"is_beta":false,"boss_relics":[{"not_picked":["reliquary:Ember","Velvet Choker"],"picked":"Mark of Pain"}],"items_purged_floors":[2],"is_endless":false,"potions_floor_spawned":[3,4,7,8,13,14,16,23],"killed_by":"Gremlin Leader","ascension_level":11}}