{"host":"skvwuvqqk8x6jusd","time":1612105913,"event":{"mods":["AchievementEnabler","BaseMod","Colored Map","Colored Powertips","Highlight Path","Minty Spire (QoL Compilation)","Relic Stats","Slay-I"],"gold_per_floor":[119,119,131,150,150,150,7,7,34,53,73,73,73,148,148,246,246,263,263,279,279,292,292,302,242,268,284,301,71,82,82,82,187,187,205,205,205,222,234,234,234,234,282,282,294,294,92,111,111,111,111],"floor_reached":50,"language":"ENG","playtime":1013,"items_purged":[],"score":534,"play_id":"0f1d2acc-8631-4c84-a31c-525bba5e7d35","local_time":"20210131151153","is_ascension_mode":false,"campfire_choices":[{"data":"Bash","floor":6,"key":"SMITH"},{"data":"Cleave","floor":8,"key":"SMITH"},{"data":"Clash","floor":13,"key":"SMITH"},{"data":"Strike_R","floor":15,"key":"SMITH"},{"data":"Demon Form","floor":23,"key":"SMITH"},{"data":"Whirlwind","floor":32,"key":"SMITH"},{"floor":40,"key":"REST"},{"data":"Flex","floor":42,"key":"SMITH"},{"data":"Flex","floor":46,"key":"SMITH"},{"data":"Flex","floor":49,"key":"SMITH"}],"circlet_count":0,"master_deck":["Strike_R","Strike_R","Strike_R","Strike_R","Strike_R+1","Bash+1","Clash+1","Cleave+1","Demon Form+1","Battle Trance+1","Flex+1","Flex+1","Sever Soul+1","Flex+1","Whirlwind+1","Clash","Whirlwind+1","Heavy Blade","Flex+1"],"relics":["Burning Blood","Toy Ornithopter","Pen Nib","Oddly Smooth Stone","Sozu","MutagenicStrength","Ancient Tea Set","Bag of Marbles","Black Star","Strawberry","Bronze Scales"],"acts_visited":["Exordium","TheCity","TheBeyond"],"potions_floor_usage":[50,50],"damage_taken":[{"damage":13,"enemies":"Jaw Worm","floor":1,"turns":3},{"damage":6,"enemies":"Cultist","floor":3,"turns":3},{"damage":0,"enemies":"2 Louse","floor":4,"turns":2},{"damage":8,"enemies":"Large Slime","floor":10,"turns":4},{"damage":0,"enemies":"2 Fungi Beasts","floor":11,"turns":1},{"damage":0,"enemies":"Slime Boss","floor":16,"turns":3},{"damage":4,"enemies":"Spheric Guardian","floor":18,"turns":3},{"damage":14,"enemies":"3 Byrds","floor":20,"turns":4},{"damage":4,"enemies":"Cultist and Chosen","floor":22,"turns":4},{"damage":14,"enemies":"Centurion and Healer","floor":24,"turns":3},{"damage":0,"enemies":"Snecko","floor":27,"turns":2},{"damage":10,"enemies":"Chosen and Byrds","floor":28,"turns":3},{"damage":0,"enemies":"3 Cultists","floor":30,"turns":1},{"damage":18,"enemies":"Collector","floor":33,"turns":3},{"damage":10,"enemies":"Orb Walker","floor":35,"turns":2},{"damage":51,"enemies":"3 Shapes","floor":38,"turns":3},{"damage":6,"enemies":"Sphere and 2 Shapes","floor":39,"turns":2},{"damage":0,"enemies":"3 Darklings","floor":45,"turns":2},{"damage":15,"enemies":"Writhing Mass","floor":48,"turns":2},{"damage":94,"enemies":"Awakened One","floor":50,"turns":4}],"seed_played":"-3384408613203956519","potions_obtained":[{"floor":4,"key":"Energy Potion"},{"floor":10,"key":"Fire Potion"}],"is_trial":false,"path_per_floor":["M","?","M","M","?","R","$","R","T","M","M","?","R","?","R","B",null,"M","?","M","?","M","R","M","?","T","M","M","$","M","?","R","B",null,"M","?","?","M","M","R","?","R","T","?","M","R","$","M","R","B"],"character_chosen":"IRONCLAD","items_purchased":["Pen Nib","Whirlwind","Clash","Bag of Marbles","Flex","Bronze Scales"],"campfire_rested":1,"item_purchase_floors":[7,29,29,29,47,47],"current_hp_per_floor":[49,37,37,43,43,43,43,43,43,41,47,47,47,36,36,42,80,80,80,72,80,80,80,72,72,72,78,74,74,80,80,80,68,80,76,76,76,31,31,55,55,55,62,62,68,68,68,59,59,0,0],"gold":111,"neow_bonus":"REMOVE_TWO","is_daily":false,"chose_seed":false,"campfire_upgraded":9,"win_rate":0.0,"timestamp":1612105913,"path_taken":["M","?","M","M","?","R","$","R","T","?","M","?","R","?","R","BOSS","M","?","M","?","M","R","?","?","T","M","M","$","?","?","R","BOSS","M","?","?","?","M","R","?","R","T","?","?","R","?","M","R","BOSS"],"items_purchased_type":["Relic","Card","Card","Relic","Card","Relic"],"build_version":"2020-12-22","purchased_purges":0,"victory":false,"max_hp_per_floor":[80,80,80,80,80,80,80,80,80,80,80,80,80,80,80,80,80,80,80,80,80,80,80,80,80,80,80,80,80,80,80,80,80,80,80,80,80,80,80,80,80,80,87,87,87,87,87,87,87,87,87],"relic_stats":{"Sozu":5,"counters":[20,54],"Bronze Scales":[15],"Pen Nib":[10],"Black Star":0,"obtain_stats":[{"Sozu":17,"MutagenicStrength":19,"Strawberry":43,"Bronze Scales":47,"Oddly Smooth Stone":9,"Pen Nib":7,"Bag of Marbles":29,"Black Star":34,"Ancient Tea Set":26,"Burning Blood":0,"Toy Ornithopter":2},{"Sozu":6,"MutagenicStrength":7,"Strawberry":17,"Bronze Scales":18,"Oddly Smooth Stone":3,"Pen Nib":3,"Bag of Marbles":12,"Black Star":14,"Ancient Tea Set":10,"Burning Blood":0,"Toy Ornithopter":1},{"Sozu":16,"MutagenicStrength":19,"Strawberry":46,"Bronze Scales":48,"Oddly Smooth Stone":8,"Pen Nib":8,"Bag of Marbles":35,"Black Star":39,"Ancient Tea Set":30,"Burning Blood":0,"Toy Ornithopter":3}],"Burning Blood":110,"Toy Ornithopter":10},"card_choices":[{"not_picked":["Thunderclap","Anger","Sever Soul"],"picked":"SKIP","floor":1},{"not_picked":["Evolve","Dropkick"],"picked":"Clash","floor":3},{"not_picked":["Body Slam","Blood for Blood"],"picked":"Cleave","floor":4},{"not_picked":["Carnage","Pommel Strike","Bloodletting"],"picked":"SKIP","floor":10},{"not_picked":["Entrench","Clothesline","Havoc"],"picked":"SKIP","floor":11},{"not_picked":["Feed","Impervious"],"picked":"Demon Form","floor":16},{"not_picked":["Anger","Burning Pact","Bloodletting+1"],"picked":"SKIP","floor":18},{"not_picked":["Burning Pact","Headbutt"],"picked":"Battle Trance+1","floor":20},{"not_picked":["Entrench","Cleave+1"],"picked":"Flex+1","floor":22},{"not_picked":["Carnage","Havoc+1"],"picked":"Flex","floor":24},{"not_picked":["Pommel Strike","Perfected Strike"],"picked":"Sever Soul+1","floor":27},{"not_picked":["Pommel Strike","Cleave"],"picked":"Flex","floor":28},{"not_picked":["Clothesline","Sword Boomerang","Twin Strike"],"picked":"SKIP","floor":30},{"not_picked":["Second Wind","Body Slam","Sword Boomerang+1"],"picked":"SKIP","floor":35},{"not_picked":["Flex","Clothesline"],"picked":"Heavy Blade","floor":38},{"not_picked":["Flame Barrier","Anger+1","Iron Wave"],"picked":"SKIP","floor":39},{"not_picked":["Bandage Up","Madness"],"picked":"Dramatic Entrance","floor":41},{"not_picked":["Iron Wave+1","Clothesline","Havoc+1"],"picked":"SKIP","floor":45},{"not_picked":["Seeing Red","Shockwave+1","Shrug It Off+1"],"picked":"SKIP","floor":48}],"player_experience":628305,"relics_obtained":[{"floor":9,"key":"Oddly Smooth Stone"},{"floor":26,"key":"Ancient Tea Set"},{"floor":43,"key":"Strawberry"}],"event_choices":[{"damage_healed":0,"gold_gain":0,"player_choice":"Success","damage_taken":12,"relics_obtained":["Toy Ornithopter"],"max_hp_gain":0,"max_hp_loss":0,"event_name":"Scrap Ooze","floor":2,"gold_loss":0},{"damage_healed":0,"gold_gain":0,"player_choice":"0 cards matched","damage_taken":0,"max_hp_gain":0,"max_hp_loss":0,"event_name":"Match and Keep!","floor":5,"gold_loss":0,"cards_obtained":[]},{"cards_removed":["Defend_R"],"damage_healed":0,"gold_gain":0,"player_choice":"Forget","damage_taken":0,"max_hp_gain":0,"max_hp_loss":0,"event_name":"Living Wall","floor":12,"gold_loss":0},{"damage_healed":0,"gold_gain":75,"player_choice":"Gather Gold","damage_taken":11,"max_hp_gain":0,"max_hp_loss":0,"event_name":"World of Goop","floor":14,"gold_loss":0},{"damage_healed":0,"gold_gain":0,"player_choice":"Inject Mutagens","damage_taken":0,"relics_obtained":["MutagenicStrength"],"max_hp_gain":0,"max_hp_loss":0,"event_name":"Drug Dealer","floor":19,"gold_loss":0},{"damage_healed":8,"gold_gain":0,"player_choice":"Full Heal","damage_taken":0,"max_hp_gain":0,"max_hp_loss":0,"event_name":"Wheel of Change","floor":21,"gold_loss":0},{"cards_removed":["Defend_R"],"damage_healed":0,"gold_gain":0,"player_choice":"Single Remove","damage_taken":0,"max_hp_gain":0,"max_hp_loss":0,"event_name":"Designer","floor":25,"gold_loss":60},{"damage_healed":0,"gold_gain":0,"player_choice":"Ignored","damage_taken":0,"max_hp_gain":0,"max_hp_loss":0,"event_name":"Mysterious Sphere","floor":36,"gold_loss":0},{"damage_healed":0,"gold_gain":0,"player_choice":"Copied","damage_taken":0,"max_hp_gain":0,"max_hp_loss":0,"event_name":"Duplicator","floor":37,"gold_loss":0,"cards_obtained":["Whirlwind"]},{"damage_healed":0,"gold_gain":0,"player_choice":"Memory 1","damage_taken":0,"max_hp_gain":0,"max_hp_loss":0,"event_name":"SensoryStone","floor":41,"gold_loss":0},{"cards_removed":["Dramatic Entrance"],"damage_healed":0,"gold_gain":0,"player_choice":"Removed Attack","damage_taken":0,"max_hp_gain":0,"max_hp_loss":0,"event_name":"Falling","floor":44,"gold_loss":0}],"is_beta":false,"boss_relics":[{"not_picked":["Runic Cube","Snecko Eye"],"picked":"Sozu"},{"not_picked":["Velvet Choker","Cursed Key"],"picked":"Black Star"}],"items_purged_floors":[],"is_endless":false,"potions_floor_spawned":[4,10,18,22,30,35,39],"killed_by":"Awakened One","ascension_level":0}}