{"host":"sav7uxregyirlf69","time":1612095760,"event":{"mods":["AchievementEnabler","BaseMod","Colored Map","DeckTracker","Keyboard Shortcuts","Minty Spire (QoL Compilation)","READ ME - Guardian Mod","StSLib","SuperFastMode"],"gold_per_floor":[119,119,44,60,73,103,103,28,28,28,48,48,48,82,82,161,161,181,193,41,41,54,54,80,80,80],"floor_reached":25,"language":"KOR","playtime":411,"items_purged":["Defend_G","Strike_G"],"score":401,"play_id":"3d38e721-4b4d-493e-9976-6a9c07a42920","local_time":"20210131212240","is_ascension_mode":true,"campfire_choices":[{"data":"Masterful Stab","floor":7.0,"key":"SMITH"},{"floor":12,"key":"REST"},{"data":"Neutralize","floor":15,"key":"SMITH"},{"data":"Tactician","floor":23,"key":"SMITH"}],"circlet_count":0,"master_deck":["AscendersBane","Strike_G","Defend_G","Defend_G","Defend_G","Defend_G","Survivor","Neutralize+1","Masterful Stab+1","Dagger Spray","Blur+1","Backstab","Dagger Spray+1","Flechettes+1","Escape Plan","Envenom+1","Well Laid Plans+1","Backflip","Tactician+1","Adrenaline"],"relics":["Ring of the Snake","NeowsBlessing","Frozen Egg 2","Molten Egg 2","Paper Crane","Coffee Dripper","Matryoshka"],"acts_visited":["Exordium","TheCity"],"potions_floor_usage":[14,16,22],"damage_taken":[{"damage":0.0,"enemies":"Jaw Worm","floor":1.0,"turns":1.0},{"damage":0.0,"enemies":"Cultist","floor":4.0,"turns":1.0},{"damage":0.0,"enemies":"2 Louse","floor":5.0,"turns":1.0},{"damage":39.0,"enemies":"3 Sentries","floor":6.0,"turns":12.0},{"damage":0,"enemies":"Gremlin Gang","floor":11,"turns":3},{"damage":30,"enemies":"Lagavulin","floor":14,"turns":6},{"damage":23,"enemies":"Hexaghost","floor":16,"turns":15},{"damage":10,"enemies":"Shell Parasite","floor":18,"turns":5},{"damage":0,"enemies":"3 Byrds","floor":19,"turns":4},{"damage":5,"enemies":"Cultist and Chosen","floor":22,"turns":5},{"damage":25,"enemies":"Book of Stabbing","floor":24,"turns":6},{"damage":14,"enemies":"Snake Plant","floor":25,"turns":1}],"seed_played":"6075718128162463368","potions_obtained":[{"floor":4.0,"key":"GhostInAJar"},{"floor":6.0,"key":"Regen Potion"},{"floor":24,"key":"Ancient Potion"}],"is_trial":false,"path_per_floor":["M","?","$","M","M","E","R","?","T","?","M","R","?","E","R","B",null,"M","M","$","?","M","R","E","M"],"character_chosen":"THE_SILENT","items_purchased":["Dexterity Potion"],"campfire_rested":1,"item_purchase_floors":[20],"current_hp_per_floor":[59,59,59,59,59,20,20,20,20,20,20,39,39,24,24,1,50,40,40,40,40,35,35,10,0,0],"gold":80,"neow_bonus":"THREE_ENEMY_KILL","is_daily":false,"chose_seed":false,"campfire_upgraded":3,"win_rate":0.0,"timestamp":1612095760,"path_taken":["M","?","$","?","M","E","R","?","T","?","M","R","?","E","R","BOSS","M","?","$","?","M","R","E","M"],"items_purchased_type":["Potion"],"build_version":"2020-12-22","purchased_purges":2,"victory":false,"max_hp_per_floor":[66,66,66,66,66,66,66,66,66,66,66,66,66,66,66,66,66,66,66,66,66,66,66,66,66,66],"card_choices":[{"not_picked":["Cloak And Dagger","Riddle With Holes"],"picked":"Masterful Stab","floor":1.0},{"not_picked":["Underhanded Strike","Dagger Throw"],"picked":"Dagger Spray","floor":4.0},{"not_picked":["Distraction","Dodge and Roll"],"picked":"Blur","floor":5.0},{"not_picked":["Dagger Throw","Slice"],"picked":"Backstab","floor":6.0},{"not_picked":["Underhanded Strike+1","Prepared"],"picked":"Dagger Spray+1","floor":11},{"not_picked":["Blade Dance","Endless Agony+1"],"picked":"Escape Plan","floor":14},{"not_picked":["Doppelganger","Adrenaline"],"picked":"Envenom+1","floor":16},{"not_picked":["Bane+1","Leg Sweep"],"picked":"Well Laid Plans+1","floor":18},{"not_picked":["Sucker Punch+1","Deflect"],"picked":"Backflip","floor":19},{"not_picked":["Blur","Outmaneuver"],"picked":"Tactician","floor":22},{"not_picked":["Dodge and Roll","Riddle With Holes+1"],"picked":"Adrenaline","floor":24}],"player_experience":1445034,"relics_obtained":[{"floor":6.0,"key":"Frozen Egg 2"},{"floor":9.0,"key":"Molten Egg 2"},{"floor":14,"key":"Paper Crane"},{"floor":24,"key":"Matryoshka"}],"event_choices":[{"cards_removed":["Strike_G"],"damage_healed":0.0,"max_hp_gain":0.0,"max_hp_loss":0.0,"gold_gain":0.0,"event_name":"Bonfire Elementals","player_choice":"Offered Basic","floor":2.0,"gold_loss":0.0,"damage_taken":0.0},{"cards_removed":["Strike_G"],"damage_healed":0.0,"max_hp_gain":0.0,"max_hp_loss":0.0,"gold_gain":0.0,"event_name":"The Cleric","player_choice":"Card Removal","floor":8.0,"gold_loss":75.0,"damage_taken":0.0},{"damage_healed":0,"gold_gain":0,"player_choice":"Fled","damage_taken":0,"max_hp_gain":0,"max_hp_loss":0,"event_name":"Scrap Ooze","floor":10,"gold_loss":0},{"damage_healed":0,"gold_gain":0,"cards_transformed":["Strike_G"],"player_choice":"Transformed","damage_taken":0,"max_hp_gain":0,"max_hp_loss":0,"event_name":"Transmorgrifier","floor":13,"gold_loss":0,"cards_obtained":["Flechettes"]},{"damage_healed":0,"gold_gain":0,"player_choice":"Forge","damage_taken":0,"max_hp_gain":0,"max_hp_loss":0,"event_name":"Accursed Blacksmith","floor":21,"gold_loss":0,"cards_upgraded":["Blur"]}],"is_beta":false,"boss_relics":[{"not_picked":["Velvet Choker","Busted Crown"],"picked":"Coffee Dripper"}],"items_purged_floors":[3,20],"is_endless":false,"potions_floor_spawned":[4,6,11,24],"killed_by":"Snake Plant","ascension_level":15}}