{"host":"6xsbn6ynqlzwllfm","time":1612122787,"event":{"mods":["2.2 Compatiblity","BaseMod","Bestiary","Colored Map","Colored Powertips","Curses Come First","Highlight Path","Keyboard Shortcuts","Minty Spire (QoL Compilation)","Relic Stats","Slay the Relics Exporter","StSLib","SuperFastMode"],"gold_per_floor":[110,122,139,139,139,182,182,223,223,257,277,115,139,209,209,305,305,319,319,319,16,30,30,60,60,87,87,87],"floor_reached":27,"language":"ENG","playtime":516,"items_purged":["Strike_P","Strike_P"],"score":523,"play_id":"bd95374b-9a0a-473f-ace4-7396de671638","local_time":"20210131145307","is_ascension_mode":true,"campfire_choices":[{"data":"FlyingSleeves","floor":7,"key":"SMITH"},{"floor":15,"key":"REST"},{"data":"BattleHymn","floor":23,"key":"SMITH"},{"floor":25,"key":"REST"}],"circlet_count":0,"master_deck":["AscendersBane","Strike_P","Strike_P","Defend_P","Defend_P+1","Defend_P","Defend_P","Eruption","Vigilance+1","FlurryOfBlows","FlyingSleeves+1","FlurryOfBlows","ReachHeaven","FlurryOfBlows","TalkToTheHand","BattleHymn+1","FlurryOfBlows","DeusExMachina","WheelKick","MentalFortress"],"relics":["PureWater","NeowsBlessing","Thread and Needle","Bloody Idol","Sundial","Vajra","Yang","War Paint","StrikeDummy","Busted Crown","Enchiridion","Oddly Smooth Stone","Torii","Lantern"],"acts_visited":["Exordium","TheCity"],"potions_floor_usage":[6,8,27],"damage_taken":[{"damage":0,"enemies":"2 Louse","floor":1,"turns":2},{"damage":0,"enemies":"Small Slimes","floor":2,"turns":1},{"damage":0,"enemies":"Jaw Worm","floor":3,"turns":1},{"damage":10,"enemies":"Lagavulin","floor":6,"turns":7},{"damage":17,"enemies":"3 Sentries","floor":8,"turns":8},{"damage":49,"enemies":"Gremlin Nob","floor":10,"turns":4},{"damage":0,"enemies":"2 Fungi Beasts","floor":11,"turns":3},{"damage":0,"enemies":"3 Louse","floor":13,"turns":3},{"damage":2,"enemies":"Gremlin Nob","floor":14,"turns":3},{"damage":12,"enemies":"Hexaghost","floor":16,"turns":5},{"damage":1,"enemies":"Chosen","floor":18,"turns":3},{"damage":0,"enemies":"Shell Parasite","floor":22,"turns":3},{"damage":30,"enemies":"Book of Stabbing","floor":24,"turns":4},{"damage":0,"enemies":"Gremlin Leader","floor":27,"turns":2}],"seed_played":"-5508658349952917494","potions_obtained":[{"floor":3,"key":"LiquidMemories"},{"floor":6,"key":"AttackPotion"},{"floor":8,"key":"FairyPotion"},{"floor":13,"key":"Fire Potion"},{"floor":16,"key":"Dexterity Potion"}],"is_trial":false,"path_per_floor":["M","M","M","?","?","E","R","E","T","E","M","$","M","?","R","B",null,"M","?","?","$","M","R","E","R","T","E"],"character_chosen":"WATCHER","items_purchased":["BattleHymn","WheelKick","Oddly Smooth Stone"],"campfire_rested":2,"item_purchase_floors":[12,21,21],"current_hp_per_floor":[61,61,61,50,50,40,40,23,23,18,18,18,18,16,34,22,52,51,30,30,30,35,35,10,28,33,33,33],"gold":87,"neow_bonus":"THREE_ENEMY_KILL","is_daily":false,"chose_seed":false,"campfire_upgraded":2,"win_rate":0.0,"timestamp":1612122787,"path_taken":["M","M","M","?","?","E","R","E","T","E","M","$","M","?","R","BOSS","M","?","?","?","M","R","E","R","T","E"],"items_purchased_type":["Card","Card","Relic"],"build_version":"2020-12-22","purchased_purges":2,"victory":false,"max_hp_per_floor":[68,68,68,68,62,62,62,62,62,62,62,62,62,62,62,62,62,62,62,62,62,62,62,62,62,62,62,62],"relic_stats":{"Busted Crown":6,"Torii":0,"counters":[14,49],"Sundial":[2],"Bloody Idol":15,"Yang":[91],"War Paint":["Defend_P","Vigilance"],"obtain_stats":[{"Lantern":26,"NeowsBlessing":0,"Torii":24,"Golden Idol":5,"Vajra":8,"Enchiridion":19,"Oddly Smooth Stone":21,"Thread and Needle":4,"Yang":9,"War Paint":10,"Busted Crown":17,"Sundial":6,"Bloody Idol":20,"PureWater":0,"StrikeDummy":14},{"Lantern":13,"NeowsBlessing":0,"Torii":13,"Golden Idol":3,"Vajra":5,"Enchiridion":11,"Oddly Smooth Stone":11,"Thread and Needle":3,"Yang":5,"War Paint":6,"Busted Crown":10,"Sundial":4,"Bloody Idol":11,"PureWater":0,"StrikeDummy":9},{"Lantern":47,"NeowsBlessing":0,"Torii":47,"Golden Idol":4,"Vajra":19,"Enchiridion":40,"Oddly Smooth Stone":40,"Thread and Needle":4,"Yang":19,"War Paint":23,"Busted Crown":37,"Sundial":11,"Bloody Idol":40,"PureWater":0,"StrikeDummy":32}]},"card_choices":[{"not_picked":["ThirdEye","InnerPeace"],"picked":"FlurryOfBlows","floor":1},{"not_picked":["ClearTheMind","InnerPeace","Indignation"],"picked":"SKIP","floor":2},{"not_picked":["Indignation","Evaluate"],"picked":"FlyingSleeves","floor":3},{"not_picked":["JustLucky","Evaluate"],"picked":"FlurryOfBlows","floor":6},{"not_picked":["Protect","Prostrate"],"picked":"ReachHeaven","floor":8},{"not_picked":["Pray","Wireheading"],"picked":"FlurryOfBlows","floor":10},{"not_picked":["Crescendo","SashWhip"],"picked":"TalkToTheHand","floor":11},{"not_picked":["JustLucky","Halt"],"picked":"FlurryOfBlows","floor":14},{"not_picked":["Establishment","Wish"],"picked":"DeusExMachina","floor":16},{"not_picked":[],"picked":"MentalFortress","floor":22}],"player_experience":1366342,"relics_obtained":[{"floor":6,"key":"Sundial"},{"floor":8,"key":"Vajra"},{"floor":9,"key":"Yang"},{"floor":10,"key":"War Paint"},{"floor":14,"key":"StrikeDummy"},{"floor":19,"key":"Enchiridion"},{"floor":24,"key":"Torii"},{"floor":26,"key":"Lantern"}],"event_choices":[{"damage_healed":0,"gold_gain":0,"player_choice":"Success","damage_taken":11,"relics_obtained":["Thread and Needle"],"max_hp_gain":0,"max_hp_loss":0,"event_name":"Scrap Ooze","floor":4,"gold_loss":0},{"damage_healed":0,"gold_gain":0,"player_choice":"Lose Max HP","damage_taken":0,"relics_obtained":["Golden Idol"],"max_hp_gain":0,"max_hp_loss":6,"event_name":"Golden Idol","floor":5,"gold_loss":0},{"damage_healed":0,"gold_gain":0,"player_choice":"Searched \u00272\u0027 times","damage_taken":0,"max_hp_gain":0,"max_hp_loss":0,"event_name":"Dead Adventurer","floor":14,"gold_loss":0},{"damage_healed":0,"gold_gain":0,"player_choice":"Obtained Book","damage_taken":21,"max_hp_gain":0,"max_hp_loss":0,"event_name":"Cursed Tome","floor":19,"gold_loss":0},{"damage_healed":0,"gold_gain":0,"player_choice":"Gave Idol","damage_taken":0,"relics_obtained":["Bloody Idol"],"max_hp_gain":0,"max_hp_loss":0,"event_name":"Forgotten Altar","floor":20,"relics_lost":["Golden Idol"],"gold_loss":0}],"is_beta":false,"boss_relics":[{"not_picked":["HolyWater","Calling Bell"],"picked":"Busted Crown"}],"items_purged_floors":[12,21],"is_endless":false,"potions_floor_spawned":[3,6,8,13,16,18,24],"killed_by":"Gremlin Leader","ascension_level":20}}