{"host":"o67iw34xdwlyp80a","time":1612132846,"event":{"mods":["BaseMod","Colored Map","Minty Spire (QoL Compilation)","Relic Stats","StSLib"],"gold_per_floor":[368,443,443,69,69,112,112,112,112,112,142,142,161,174,174,267,267,291,291,29,29,29,72,87,112,112,112,112,112,112,132,132,226,226,251,251,251,526,526,526,526],"floor_reached":40,"language":"ENG","playtime":1634,"items_purged":["Injury","Strike_B"],"score":783,"play_id":"9a378c4d-7867-48c6-a6f0-6ca1b9372ad0","local_time":"20210131224046","is_ascension_mode":true,"campfire_choices":[{"data":"Conserve Battery","floor":10,"key":"SMITH"},{"data":"Electrodynamics","floor":12,"key":"SMITH"},{"floor":15,"key":"REST"},{"floor":27,"key":"REST"},{"data":"Defragment","floor":30,"key":"SMITH"},{"floor":32,"key":"REST"}],"circlet_count":0,"master_deck":["AscendersBane","Defend_B+1","Defend_B+1","Zap","Dualcast","Gash","Electrodynamics+1","Conserve Battery+1","Cold Snap","Creative AI+1","Gash","Gash","Gash+1","Defragment+1","Sweeping Beam+1","Aggregate+1","Beam Cell+1","Regret"],"relics":["Cracked Core","Golden Idol","Juzu Bracelet","Lizard Tail","Letter Opener","Velvet Choker","Regal Pillow","Centennial Puzzle","Blue Candle","Astrolabe"],"acts_visited":["Exordium","TheCity","TheBeyond"],"potions_floor_usage":[6,18,31,33,35],"damage_taken":[{"damage":4,"enemies":"Jaw Worm","floor":1,"turns":4},{"damage":31,"enemies":"Gremlin Nob","floor":6,"turns":4},{"damage":0,"enemies":"2 Louse","floor":13,"turns":1},{"damage":1,"enemies":"Cultist","floor":14,"turns":3},{"damage":23,"enemies":"Slime Boss","floor":16,"turns":8},{"damage":1,"enemies":"Chosen","floor":18,"turns":5},{"damage":59,"enemies":"Slavers","floor":23,"turns":5},{"damage":16,"enemies":"Spheric Guardian","floor":24,"turns":4},{"damage":16,"enemies":"Centurion and Healer","floor":25,"turns":6},{"damage":9,"enemies":"Snecko","floor":31,"turns":5},{"damage":40,"enemies":"Automaton","floor":33,"turns":6},{"damage":19,"enemies":"3 Darklings","floor":35,"turns":4},{"damage":60,"enemies":"Reptomancer","floor":40,"turns":3}],"seed_played":"-8400889241355200839","potions_obtained":[{"floor":1,"key":"Energy Potion"},{"floor":6,"key":"Block Potion"},{"floor":16,"key":"Energy Potion"},{"floor":24,"key":"BlessingOfTheForge"},{"floor":25,"key":"FocusPotion"},{"floor":33,"key":"LiquidMemories"}],"is_trial":false,"path_per_floor":["M","?","?","$","?","E","?","?","T","R","?","R","M","M","R","B",null,"M","?","$","?","$","E","M","M","T","R","?","?","R","M","R","B",null,"M","?","?","?","?","E"],"character_chosen":"DEFECT","items_purchased":["Gash","Electrodynamics","Juzu Bracelet","Regal Pillow"],"campfire_rested":3,"item_purchase_floors":[4,4,4,20],"current_hp_per_floor":[60,49,49,49,54,23,23,16,16,16,16,16,16,15,35,12,55,54,54,54,54,54,34,18,2,2,37,37,37,37,28,63,23,58,39,39,39,39,39,0,0],"gold":526,"neow_bonus":"TWO_FIFTY_GOLD","is_daily":false,"chose_seed":false,"campfire_upgraded":3,"win_rate":0.0,"timestamp":1612132846,"path_taken":["M","?","?","$","?","E","?","?","T","R","?","R","M","M","R","BOSS","M","?","$","?","$","E","M","M","T","R","?","?","R","M","R","BOSS","M","?","?","?","?","E"],"items_purchased_type":["Card","Card","Relic","Relic"],"build_version":"2020-12-22","purchased_purges":2,"victory":false,"max_hp_per_floor":[64,64,64,64,69,69,69,69,69,69,69,69,69,69,69,69,69,69,69,69,69,69,69,69,69,69,69,69,69,69,69,69,69,69,69,69,69,69,69,69,69],"relic_stats":{"Lizard Tail":34,"Regal Pillow":30,"Centennial Puzzle":[18],"counters":[13,57],"Golden Idol":85,"Blue Candle":[1],"Astrolabe":["Sweeping Beam","Aggregate","Beam Cell"],"Juzu Bracelet":4,"Letter Opener":[48],"obtain_stats":[{"Lizard Tail":6,"Regal Pillow":20,"Centennial Puzzle":23,"Golden Idol":3,"Blue Candle":26,"Astrolabe":34,"Velvet Choker":17,"Juzu Bracelet":4,"Letter Opener":9,"Cracked Core":0},{"Lizard Tail":2,"Regal Pillow":6,"Centennial Puzzle":7,"Golden Idol":1,"Blue Candle":9,"Astrolabe":11,"Velvet Choker":5,"Juzu Bracelet":1,"Letter Opener":2,"Cracked Core":0},{"Lizard Tail":8,"Regal Pillow":25,"Centennial Puzzle":30,"Golden Idol":4,"Blue Candle":40,"Astrolabe":51,"Velvet Choker":20,"Juzu Bracelet":4,"Letter Opener":8,"Cracked Core":0}]},"card_choices":[{"not_picked":["Undo","Redo"],"picked":"Compile Driver","floor":1},{"not_picked":["Melter","Gash"],"picked":"Conserve Battery","floor":6},{"not_picked":["Tempest","Recycle","Double Energy"],"picked":"SKIP","floor":13},{"not_picked":["Leap","Steam"],"picked":"Cold Snap","floor":14},{"not_picked":["Machine Learning","Reboot"],"picked":"Creative AI","floor":16},{"not_picked":["Static Discharge","Rebound"],"picked":"Gash","floor":18},{"not_picked":["Sweeping Beam","Tempest"],"picked":"Gash","floor":23},{"not_picked":["Chaos","Sunder"],"picked":"Gash+1","floor":24},{"not_picked":["Redo","Beam Cell"],"picked":"Defragment","floor":25},{"not_picked":["Turbo+1","Tempest","Hello World"],"picked":"SKIP","floor":31},{"not_picked":["Stack+1","Go for the Eyes","Barrage"],"picked":"SKIP","floor":35}],"player_experience":1148976,"relics_obtained":[{"floor":6,"key":"Lizard Tail"},{"floor":9,"key":"Letter Opener"},{"floor":23,"key":"Centennial Puzzle"},{"floor":26,"key":"Blue Candle"}],"event_choices":[{"damage_healed":0,"gold_gain":75,"player_choice":"Gather Gold","damage_taken":11,"max_hp_gain":0,"max_hp_loss":0,"event_name":"World of Goop","floor":2,"gold_loss":0},{"damage_healed":0,"gold_gain":0,"player_choice":"Take Wound","damage_taken":0,"relics_obtained":["Golden Idol"],"max_hp_gain":0,"max_hp_loss":0,"event_name":"Golden Idol","floor":3,"gold_loss":0,"cards_obtained":["Injury"]},{"damage_healed":0,"gold_gain":0,"player_choice":"Donut","damage_taken":0,"max_hp_gain":5,"max_hp_loss":0,"event_name":"Big Fish","floor":5,"gold_loss":0},{"damage_healed":0,"gold_gain":0,"player_choice":"Ignored","damage_taken":0,"max_hp_gain":0,"max_hp_loss":0,"event_name":"Shining Light","floor":7,"gold_loss":0},{"cards_removed":["Strike_B"],"damage_healed":0,"gold_gain":0,"player_choice":"Card Removal","damage_taken":7,"max_hp_gain":0,"max_hp_loss":0,"event_name":"Golden Wing","floor":8,"gold_loss":0},{"damage_healed":0,"gold_gain":30,"player_choice":"Searched \u00271\u0027 times","damage_taken":0,"max_hp_gain":0,"max_hp_loss":0,"event_name":"Dead Adventurer","floor":11,"gold_loss":0},{"damage_healed":0,"gold_gain":0,"player_choice":"Upgraded","damage_taken":0,"max_hp_gain":0,"max_hp_loss":0,"event_name":"Upgrade Shrine","floor":19,"gold_loss":0,"cards_upgraded":["Creative AI"]},{"damage_healed":0,"gold_gain":0,"player_choice":"Ignored","damage_taken":0,"max_hp_gain":0,"max_hp_loss":0,"event_name":"Vampires","floor":21,"gold_loss":0},{"damage_healed":0,"gold_gain":0,"player_choice":"Simplicity","damage_taken":0,"max_hp_gain":0,"max_hp_loss":0,"event_name":"Back to Basics","floor":28,"gold_loss":0,"cards_upgraded":["Strike_B","Strike_B","Defend_B","Defend_B","Defend_B","Defend_B"]},{"damage_healed":0,"gold_gain":0,"player_choice":"Ignored","damage_taken":0,"max_hp_gain":0,"max_hp_loss":0,"event_name":"Cursed Tome","floor":29,"gold_loss":0},{"damage_healed":0,"gold_gain":0,"player_choice":"Ignored","damage_taken":0,"max_hp_gain":0,"max_hp_loss":0,"event_name":"Tomb of Lord Red Mask","floor":36,"gold_loss":0},{"cards_removed":["Defend_B"],"damage_healed":0,"gold_gain":0,"player_choice":"Purged","damage_taken":0,"max_hp_gain":0,"max_hp_loss":0,"event_name":"Purifier","floor":37,"gold_loss":0},{"damage_healed":0,"gold_gain":275,"player_choice":"Desecrate","damage_taken":0,"max_hp_gain":0,"max_hp_loss":0,"event_name":"Golden Shrine","floor":38,"gold_loss":0,"cards_obtained":["Regret"]},{"cards_removed":["Compile Driver"],"damage_healed":0,"gold_gain":0,"player_choice":"Removed Attack","damage_taken":0,"max_hp_gain":0,"max_hp_loss":0,"event_name":"Falling","floor":39,"gold_loss":0}],"is_beta":false,"boss_relics":[{"not_picked":["Runic Pyramid","Empty Cage"],"picked":"Velvet Choker"},{"not_picked":["SacredBark","Tiny House"],"picked":"Astrolabe"}],"items_purged_floors":[4,20],"is_endless":false,"potions_floor_spawned":[1,6,16,24,25,33],"killed_by":"Reptomancer","ascension_level":17}}