{"host":"gmrw3hv4wligmwgo","time":1612101447,"event":{"mods":["2.2 Compatiblity","BaseMod","Colored Map","Highlight Path","Minty Spire (QoL Compilation)","Relic Stats","StSLib","Synergy Search","Td1madao Mod","The Animator"],"gold_per_floor":[110,121,134,134,11,11,11,29,99,130,30,43,54,70,70,167,167,178,178,53,65,82,108,108,108,181,191,241,260,350,362,362,459,459,473,473,490,186,205,205,225,243,266,266,91,110,110,125,125,125],"floor_reached":51,"language":"ENG","playtime":5680,"items_purged":["Strike_R","Strike_R","Strike_R","Defend_R","Defend_R"],"score":725,"play_id":"2261fdd0-f07e-4b5b-97b6-18e824ff94ba","local_time":"20210131145727","is_ascension_mode":false,"campfire_choices":[{"data":"Flex","floor":7,"key":"SMITH"},{"data":"Rampage","floor":15,"key":"SMITH"},{"data":"Double Tap","floor":24,"key":"SMITH"},{"data":"Defend_R","floor":32,"key":"SMITH"},{"floor":40,"key":"REST"},{"floor":44,"key":"REST"},{"floor":49,"key":"REST"}],"circlet_count":0,"master_deck":["Defend_R+1","Bash+1","Thunderclap+1","Rampage+1","Flex+1","Double Tap+1"],"relics":["Empty Cage","Anchor","HornCleat","Nunchaku","Busted Crown","Whetstone","Molten Egg 2","SlaversCollar","Oddly Smooth Stone","Vajra"],"acts_visited":["Exordium","TheCity","TheBeyond"],"potions_floor_usage":[13,16,16,16,33,50,50],"damage_taken":[{"damage":10,"enemies":"Jaw Worm","floor":1,"turns":4},{"damage":9,"enemies":"2 Louse","floor":2,"turns":4},{"damage":1,"enemies":"Cultist","floor":3,"turns":3},{"damage":0,"enemies":"Blue Slaver","floor":8,"turns":3},{"damage":21,"enemies":"Lagavulin","floor":10,"turns":7},{"damage":0,"enemies":"Red Slaver","floor":12,"turns":3},{"damage":0,"enemies":"Large Slime","floor":13,"turns":4},{"damage":0,"enemies":"Blue Slaver","floor":14,"turns":4},{"damage":21,"enemies":"The Guardian","floor":16,"turns":7},{"damage":0,"enemies":"Spheric Guardian","floor":18,"turns":3},{"damage":0,"enemies":"Chosen","floor":21,"turns":3},{"damage":0,"enemies":"Centurion and Healer","floor":22,"turns":5},{"damage":20,"enemies":"Book of Stabbing","floor":23,"turns":5},{"damage":4,"enemies":"Shelled Parasite and Fungi","floor":27,"turns":3},{"damage":0,"enemies":"Cultist and Chosen","floor":29,"turns":4},{"damage":1,"enemies":"Snake Plant","floor":31,"turns":3},{"damage":7,"enemies":"Champ","floor":33,"turns":5},{"damage":4,"enemies":"3 Shapes","floor":35,"turns":3},{"damage":38,"enemies":"Orb Walker","floor":37,"turns":5},{"damage":18,"enemies":"Writhing Mass","floor":39,"turns":3},{"damage":0,"enemies":"Jaw Worm Horde","floor":41,"turns":3},{"damage":10,"enemies":"Transient","floor":42,"turns":5},{"damage":13,"enemies":"Writhing Mass","floor":46,"turns":2},{"damage":5,"enemies":"Maw","floor":48,"turns":3},{"damage":30,"enemies":"Time Eater","floor":50,"turns":7}],"seed_played":"-4617974890805837340","potions_obtained":[{"floor":10,"key":"ElixirPotion"},{"floor":12,"key":"Fruit Juice"},{"floor":13,"key":"Swift Potion"},{"floor":14,"key":"Regen Potion"},{"floor":18,"key":"EssenceOfSteel"},{"floor":27,"key":"PowerPotion"},{"floor":29,"key":"Swift Potion"},{"floor":33,"key":"Strength Potion"},{"floor":36,"key":"DuplicationPotion"}],"is_trial":false,"path_per_floor":["M","M","M","?","$","?","R","M","T","E","$","M","M","M","R","B",null,"M","?","$","M","M","E","R","$","T","M","?","M","?","M","R","B",null,"M","?","M","$","M","R","M","M","T","R","$","M","?","M","R","B",null],"character_chosen":"IRONCLAD","items_purchased":["Flex","Oddly Smooth Stone"],"campfire_rested":3,"item_purchase_floors":[5,38],"current_hp_per_floor":[70,61,60,57,57,62,62,62,62,41,41,41,46,46,46,40,90,90,90,90,90,90,70,70,70,70,66,66,66,54,53,53,46,90,86,86,48,48,30,57,57,47,47,74,74,61,61,56,83,53],"gold":125,"neow_bonus":"BOSS_RELIC","is_daily":false,"chose_seed":false,"campfire_upgraded":4,"win_rate":0.0,"timestamp":1612101447,"path_taken":["M","M","M","?","$","?","R","M","T","E","$","M","M","M","R","BOSS","M","?","$","M","M","E","R","$","T","M","?","?","?","?","R","BOSS","M","?","?","$","M","R","M","M","T","R","$","M","?","M","R","BOSS"],"items_purchased_type":["Card","Relic"],"build_version":"2020-12-22","purchased_purges":5,"victory":true,"max_hp_per_floor":[80,80,80,80,80,85,85,85,85,85,85,85,90,90,90,90,90,90,90,90,90,90,90,90,90,90,90,90,90,90,90,90,90,90,90,90,90,90,90,90,90,90,90,90,90,90,90,90,90,90],"relic_stats":{"Nunchaku":[18],"Busted Crown":30,"counters":[25,101],"Whetstone":["Thunderclap","Bash"],"obtain_stats":[{"SlaversCollar":34,"Anchor":4,"Nunchaku":10,"HornCleat":9,"Busted Crown":17,"Oddly Smooth Stone":38,"Vajra":43,"Molten Egg 2":26,"Whetstone":23,"Empty Cage":0,"Burning Blood":0},{"SlaversCollar":17,"Anchor":3,"Nunchaku":5,"HornCleat":4,"Busted Crown":9,"Oddly Smooth Stone":19,"Vajra":22,"Molten Egg 2":13,"Whetstone":13,"Empty Cage":0,"Burning Blood":0},{"SlaversCollar":70,"Anchor":11,"Nunchaku":21,"HornCleat":14,"Busted Crown":39,"Oddly Smooth Stone":78,"Vajra":89,"Molten Egg 2":55,"Whetstone":55,"Empty Cage":0,"Burning Blood":0}]},"card_choices":[{"not_picked":["Heavy Blade","Sword Boomerang"],"picked":"Thunderclap","floor":1},{"not_picked":["Armaments","Cleave","Pommel Strike"],"picked":"SKIP","floor":2},{"not_picked":["True Grit","Whirlwind"],"picked":"Rampage","floor":3},{"not_picked":["Cleave","Combust","Reckless Charge"],"picked":"SKIP","floor":8},{"not_picked":["Iron Wave","Disarm","Twin Strike"],"picked":"SKIP","floor":10},{"not_picked":["Disarm","Rage","Cleave"],"picked":"SKIP","floor":12},{"not_picked":["Havoc","Headbutt","Warcry"],"picked":"SKIP","floor":13},{"not_picked":["Battle Trance","Havoc","Sword Boomerang"],"picked":"SKIP","floor":14},{"not_picked":["Immolate","Brutality"],"picked":"Double Tap","floor":16},{"not_picked":["Clothesline+1"],"picked":"SKIP","floor":18},{"not_picked":["Twin Strike"],"picked":"SKIP","floor":21},{"not_picked":["Twin Strike+1"],"picked":"SKIP","floor":22},{"not_picked":["Twin Strike+1"],"picked":"SKIP","floor":23},{"not_picked":["Twin Strike+1"],"picked":"SKIP","floor":23},{"not_picked":["Twin Strike+1"],"picked":"SKIP","floor":27},{"not_picked":["Pommel Strike+1"],"picked":"SKIP","floor":29},{"not_picked":["Cleave+1"],"picked":"SKIP","floor":31},{"not_picked":["Anger+1"],"picked":"SKIP","floor":35},{"not_picked":["Wild Strike+1"],"picked":"SKIP","floor":37},{"not_picked":["Whirlwind+1"],"picked":"SKIP","floor":39},{"not_picked":["Flex"],"picked":"SKIP","floor":41},{"not_picked":["Entrench+1"],"picked":"SKIP","floor":42},{"not_picked":["Searing Blow+1"],"picked":"SKIP","floor":46},{"not_picked":["Headbutt+1"],"picked":"SKIP","floor":48}],"player_experience":684220,"relics_obtained":[{"floor":9,"key":"HornCleat"},{"floor":10,"key":"Nunchaku"},{"floor":23,"key":"Whetstone"},{"floor":26,"key":"Molten Egg 2"},{"floor":43,"key":"Vajra"}],"event_choices":[{"damage_healed":0,"gold_gain":0,"player_choice":"Success","damage_taken":3,"relics_obtained":["Anchor"],"max_hp_gain":0,"max_hp_loss":0,"event_name":"Scrap Ooze","floor":4,"gold_loss":0},{"damage_healed":0,"gold_gain":0,"player_choice":"Donut","damage_taken":0,"max_hp_gain":5,"max_hp_loss":0,"event_name":"Big Fish","floor":6,"gold_loss":0},{"cards_removed":["Defend_R"],"damage_healed":0,"gold_gain":0,"player_choice":"Elegance","damage_taken":0,"max_hp_gain":0,"max_hp_loss":0,"event_name":"Back to Basics","floor":19,"gold_loss":0},{"damage_healed":0,"gold_gain":100,"player_choice":"Bet on Murderer","damage_taken":0,"max_hp_gain":0,"max_hp_loss":0,"event_name":"The Joust","floor":28,"gold_loss":50},{"damage_healed":0,"gold_gain":90,"player_choice":"GOLD ","damage_taken":12,"max_hp_gain":0,"max_hp_loss":0,"event_name":"Knowing Skull","floor":30,"potions_obtained":[],"gold_loss":0,"cards_obtained":[]},{"damage_healed":0,"gold_gain":0,"player_choice":"Got Potions","damage_taken":0,"max_hp_gain":0,"max_hp_loss":0,"event_name":"Lab","floor":36,"gold_loss":0},{"damage_healed":0,"gold_gain":0,"player_choice":"Ignored","damage_taken":0,"max_hp_gain":0,"max_hp_loss":0,"event_name":"Transmorgrifier","floor":47,"gold_loss":0}],"is_beta":false,"boss_relics":[{"not_picked":["Black Star","Snecko Eye"],"picked":"Busted Crown"},{"not_picked":["Runic Pyramid","Tiny House"],"picked":"SlaversCollar"}],"items_purged_floors":[5,11,20,38,45],"is_endless":false,"potions_floor_spawned":[10,12,13,14,18,27,29,33,35,48],"ascension_level":0}}