{"host":"1zjc08c6hob33401","time":1612115644,"event":{"mods":["AchievementEnabler","Act Like it!","Aspiration","BaseMod","Downfall","Elementarium","Energized Spire","Evolution","Friendly Minions","Gensokyo","GifTheSpireLib","Hubris","Infinite Spire","Jedi Mod","Menagerie","Minty Spire (QoL Compilation)","Pale of the Ancients","Quick Restart","Reliquary","Replay The Spire","Retaliation","Shop Mod","Spicy Shops","Spire Arcade","StS++","StSLib","Stuff the Spire","The Blue Laboratory","Wandering Minibosses","??????REMEMod"],"gold_per_floor":[110,110,35,46,65,65,83,115,115,125,125,125,150,169,169,241,241,252,262,280,299,27,58,58,84,84,95,95,113,113,125,125,125,125],"floor_reached":33,"language":"RUS","playtime":2210,"items_purged":["Defend_B","Dualcast"],"score":608,"play_id":"50f41789-48aa-4f08-973f-1aa218f7cf8e","local_time":"20210131195404","is_ascension_mode":true,"campfire_choices":[{"data":"Buffer","floor":6.0,"key":"SMITH"},{"data":"Self Repair","floor":12.0,"key":"SMITH"},{"data":"Guardian:StasisStrike","floor":15.0,"key":"SMITH"},{"data":"Chill","floor":24.0,"key":"SMITH"},{"data":"jedi:meditation","floor":28.0,"key":"SMITH"},{"data":"Defragment","floor":32,"key":"SMITH"}],"circlet_count":0,"master_deck":["AscendersBane","Cold Snap","Cold Snap","Cold Snap","Cold Snap","jedi:blockon","jedi:blockon","jedi:blockon","Zap","Guardian:StasisStrike+1","Buffer+1","Gash","Chill+1","Self Repair+1","jedi:markofdeath","Conserve Battery","Skim","Conserve Battery","FTL","jedi:meditation+1","Compile Driver","Go for the Eyes+1","Cold Snap","Loop","Compile Driver","Compile Driver","Gash","Defragment+1"],"relics":["Cracked Core","EVO:Axolotl","REME_ComplimentaryCards","hubris:Towel","jedi:heavyjacket","infinitespire:ShieldingShard","jedi:matchstick","reliquary:RedCape","jedi:purplefairy","StuffTheSpire:Wildfire","Pet Ghost","Ice Cream"],"acts_visited":["Exordium","Gensokyo:Gensokyoer"],"potions_floor_usage":[29],"damage_taken":[{"damage":4.0,"enemies":"Small Slimes","floor":1.0,"turns":2.0},{"damage":0.0,"enemies":"Jaw Worm","floor":4.0,"turns":2.0},{"damage":0.0,"enemies":"Cultist","floor":5.0,"turns":4.0},{"damage":0.0,"enemies":"Blue Slaver","floor":7.0,"turns":4.0},{"damage":17.0,"enemies":"Replay:BlueRogue","floor":8.0,"turns":4.0},{"damage":0.0,"enemies":"Large Slime","floor":10.0,"turns":7.0},{"damage":33.0,"enemies":"Gremlin Nob","floor":13.0,"turns":6.0},{"damage":0.0,"enemies":"2 Fungi Beasts","floor":14.0,"turns":4.0},{"damage":17.0,"enemies":"Slime Boss","floor":16.0,"turns":8.0},{"damage":0.0,"enemies":"Gensokyo:Chomper","floor":18.0,"turns":5.0},{"damage":0.0,"enemies":"Gensokyo:2_Gloops","floor":19.0,"turns":5.0},{"damage":0.0,"enemies":"Gensokyo:Swordslinger","floor":20.0,"turns":4.0},{"damage":5.0,"enemies":"Gensokyo:Monolith_and_Dog","floor":21.0,"turns":9.0},{"damage":13.0,"enemies":"Gensokyo:Tenshi","floor":23.0,"turns":6.0},{"damage":0.0,"enemies":"Gensokyo:Koishi","floor":25.0,"turns":8.0},{"damage":0.0,"enemies":"Gensokyo:Slime_Group","floor":27.0,"turns":6.0},{"damage":40,"enemies":"Gensokyo:3_Gloops","floor":29,"turns":5},{"damage":0,"enemies":"Gensokyo:Swordslinger","floor":31,"turns":7},{"damage":44,"enemies":"Gensokyo:Eternal_Rivals","floor":33,"turns":6}],"seed_played":"-8593903500857271113","potions_obtained":[{"floor":1.0,"key":"jedi:StrikingPotion"},{"floor":4.0,"key":"Dexterity Potion"},{"floor":8.0,"key":"blueLaboratory:HorrorPotion"},{"floor":18.0,"key":"blueLaboratory:HummingbirdPotion"},{"floor":20.0,"key":"Slimebound:ThreeZeroPotion"},{"floor":23.0,"key":"Energy Potion"},{"floor":25.0,"key":"LiquidBronze"},{"floor":31,"key":"Dexterity Potion"}],"is_trial":false,"path_per_floor":["M","?","$","M","M","R","M","E","T","M","$","R","E","M","R","B",null,"M","M","M","M","$","E","R","E","T","M","R","M","?","M","R","B"],"character_chosen":"DEFECT","items_purchased":["jedi:purplefairy"],"campfire_rested":0,"item_purchase_floors":[22],"current_hp_per_floor":[60,60,60,60,60,60,67,57,57,64,64,64,41,51,51,34,62,71,71,71,66,66,63,68,71,71,71,71,31,36,36,41,0,0],"gold":125,"neow_bonus":"ONE_RANDOM_RARE_CARD","is_daily":false,"chose_seed":false,"campfire_upgraded":6,"win_rate":0.0,"timestamp":1612115644,"path_taken":["M","?","?","?","M","R","M","E","T","M","$","R","E","M","R","BOSS","M","?","M","M","$","E","R","E","T","M","R","M","?","M","R","BOSS"],"items_purchased_type":["Relic"],"build_version":"2020-12-22","purchased_purges":2,"victory":false,"max_hp_per_floor":[71,71,71,71,71,71,71,71,71,71,71,71,71,71,71,71,71,71,71,71,71,71,71,71,71,71,71,71,71,76,76,76,76,76],"card_choices":[{"not_picked":["Reinforced Body","Steam"],"picked":"Gash","floor":1.0},{"not_picked":["StuffTheSpire:NuclearReactor","BasicCrystalCard"],"picked":"Chill","floor":4.0},{"not_picked":["Force Field","StuffTheSpire:LaunchingStrike"],"picked":"Self Repair","floor":5.0},{"not_picked":["Hello World","Gash"],"picked":"jedi:markofdeath","floor":7.0},{"not_picked":["StuffTheSpire:NuclearReactor","jedi:BurstFrost"],"picked":"Conserve Battery","floor":8.0},{"not_picked":["Static Discharge","jedi:BurstFrost"],"picked":"Skim","floor":10.0},{"not_picked":["ReplayTheSpireMod:Reroute Power","Darkness"],"picked":"Conserve Battery","floor":13.0},{"not_picked":["jedi:sharpshooter","Steam"],"picked":"FTL","floor":14.0},{"not_picked":["StSpp:MemoryLeak","ReplayTheSpireMod:Omega Cannon"],"picked":"jedi:meditation","floor":16.0},{"not_picked":["Beam Cell","Rebound"],"picked":"Compile Driver","floor":18.0},{"not_picked":["Coolheaded","Compile Driver"],"picked":"Go for the Eyes+1","floor":19.0},{"not_picked":["jedi:markofdeath","jedi:reiji"],"picked":"Cold Snap","floor":20.0},{"not_picked":["Amplify","Coolheaded"],"picked":"Loop","floor":21.0},{"not_picked":["Turbo","Self Repair"],"picked":"Compile Driver","floor":23.0},{"not_picked":["Coolheaded","Sweeping Beam"],"picked":"Compile Driver","floor":25.0},{"not_picked":["Compile Driver","Cold Snap"],"picked":"Gash","floor":27.0},{"not_picked":["StuffTheSpire:Rend+1","Self Repair"],"picked":"Defragment","floor":29},{"not_picked":["jedi:blockon","Aggregate","Darkness"],"picked":"SKIP","floor":31}],"player_experience":721020,"relics_obtained":[{"floor":8.0,"key":"jedi:heavyjacket"},{"floor":9.0,"key":"infinitespire:ShieldingShard"},{"floor":13.0,"key":"jedi:matchstick"},{"floor":23.0,"key":"StuffTheSpire:Wildfire"},{"floor":25.0,"key":"Pet Ghost"},{"floor":26.0,"key":"Ice Cream"}],"event_choices":[],"is_beta":false,"boss_relics":[{"not_picked":["Nuclear Battery","Ectoplasm"],"picked":"reliquary:RedCape"}],"items_purged_floors":[3,22],"is_endless":false,"potions_floor_spawned":[1,4,7,8,18,20,23,25,31],"killed_by":"Gensokyo:Eternal_Rivals","ascension_level":18}}