{"host":"ty7uytdfitsmf36k","time":1612110693,"event":{"mods":["AchievementEnabler","BaseMod","Colored Map","Colored Powertips","DeckTracker","Downfall","Infinite Spire","Minty Spire (QoL Compilation)","Relic Stats","Replay The Spire","Spire Arcade","StSLib","SuperFastMode","The Jungle","Wandering Minibosses"],"gold_per_floor":[112,187,206,226,226,259,330,357,357,369,402,415,415,432,432,432,432],"floor_reached":16,"language":"ENG","playtime":303,"items_purged":[],"score":195,"play_id":"cfdb17bd-f7a6-4fb5-af5a-60b8ce3f0afd","local_time":"20210131113133","is_ascension_mode":true,"campfire_choices":[{"data":"Dark Embrace","floor":13,"key":"SMITH"},{"data":"Strike_R","floor":15,"key":"PURGE"}],"circlet_count":0,"master_deck":["AscendersBane","Strike_R","Strike_R","Strike_R","Strike_R","Defend_R","Defend_R","Defend_R","Bash","Power Through","ReplayTheSpireMod:Strike From Hell","Shrug It Off","Flex+1","Evolve","Sword Boomerang","Shrug It Off","Dark Embrace+1","Havoc"],"relics":["Burning Blood","NeowsBlessing","Mummified Hand","Blue Doll","Golden Egg","Onion Ring","ReplayTheSpireMod:Lightbulb"],"acts_visited":["Exordium"],"potions_floor_usage":[6],"damage_taken":[{"damage":0,"enemies":"2 Louse","floor":1,"turns":2},{"damage":0,"enemies":"Cultist","floor":3,"turns":1},{"damage":0,"enemies":"Jaw Worm","floor":4,"turns":1},{"damage":32,"enemies":"Gremlin Nob","floor":6,"turns":5},{"damage":33,"enemies":"Lagavulin","floor":8,"turns":7},{"damage":0,"enemies":"Looter","floor":10,"turns":3},{"damage":21,"enemies":"3 Sentries","floor":11,"turns":8},{"damage":9,"enemies":"2 Fungi Beasts","floor":12,"turns":3},{"damage":16,"enemies":"Exordium Thugs","floor":14,"turns":5},{"damage":0,"enemies":"Fading Forest","floor":16,"turns":2}],"seed_played":"2424880746210872240","potions_obtained":[{"floor":4,"key":"BloodPotion"},{"floor":7,"key":"FairyPotion"},{"floor":8,"key":"Block Potion"}],"is_trial":false,"path_per_floor":["M","?","M","M","?","E","?","E","T","M","E","M","R","M","R_BF","B"],"character_chosen":"IRONCLAD","items_purchased":[],"campfire_rested":0,"item_purchase_floors":[],"current_hp_per_floor":[78,70,76,80,80,70,70,43,43,49,34,31,31,21,21,21,21],"gold":432,"neow_bonus":"THREE_ENEMY_KILL","is_daily":false,"chose_seed":false,"campfire_upgraded":1,"win_rate":0.0,"timestamp":1612110693,"path_taken":["M","?","?","M","?","E","?","E","T","M","E","?","R","M","R_BF","BOSS"],"items_purchased_type":[],"build_version":"2020-12-22","purchased_purges":0,"victory":false,"max_hp_per_floor":[80,80,80,80,80,80,80,80,80,80,80,80,80,80,80,80,80],"relic_stats":{"counters":[10,37],"Mummified Hand":[5],"obtain_stats":[{"Golden Egg":8,"NeowsBlessing":0,"Mummified Hand":6,"Blue Doll":7,"Onion Ring":9,"ReplayTheSpireMod:Lightbulb":11,"Burning Blood":0},{"Golden Egg":5,"NeowsBlessing":0,"Mummified Hand":4,"Blue Doll":4,"Onion Ring":5,"ReplayTheSpireMod:Lightbulb":7,"Burning Blood":0},{"Golden Egg":16,"NeowsBlessing":0,"Mummified Hand":9,"Blue Doll":9,"Onion Ring":16,"ReplayTheSpireMod:Lightbulb":27,"Burning Blood":0}],"Burning Blood":52},"card_choices":[{"not_picked":["Pommel Strike","Spot Weakness"],"picked":"Power Through","floor":1},{"not_picked":["Havoc","Blood for Blood"],"picked":"ReplayTheSpireMod:Strike From Hell","floor":3},{"not_picked":["ReplayTheSpireMod:Corrosion Curse","Run Through"],"picked":"Shrug It Off","floor":4},{"not_picked":["Armaments","Bloodletting","Carnage"],"picked":"SKIP","floor":6},{"not_picked":["Rage","Spot Weakness"],"picked":"Evolve","floor":7},{"not_picked":["Replay:Undeath\u0027s Touch","Havoc"],"picked":"Sword Boomerang","floor":7},{"not_picked":["infinitespire:OneForAll","Corruption","Anger"],"picked":"SKIP","floor":8},{"not_picked":["Bloodletting","Sword Boomerang","Flex"],"picked":"SKIP","floor":10},{"not_picked":["Flex","Abandon"],"picked":"Shrug It Off","floor":11},{"not_picked":["Headbutt","Life Link"],"picked":"Dark Embrace","floor":12},{"not_picked":["Rupture","Life Link"],"picked":"Havoc","floor":14}],"player_experience":208413,"relics_obtained":[{"floor":6,"key":"Mummified Hand"},{"floor":7,"key":"Blue Doll"},{"floor":8,"key":"Golden Egg"},{"floor":9,"key":"Onion Ring"},{"floor":11,"key":"ReplayTheSpireMod:Lightbulb"}],"event_choices":[{"damage_healed":0,"gold_gain":75,"player_choice":"Touch","damage_taken":8,"max_hp_gain":0,"max_hp_loss":0,"event_name":"FaceTrader","floor":2,"gold_loss":0}],"is_beta":false,"boss_relics":[],"items_purged_floors":[],"is_endless":false,"potions_floor_spawned":[4,8,11,14],"killed_by":"Fading Forest","ascension_level":12}}