{"host":"815dqs41i1y8uxms","time":1612105732,"event":{"mods":["A Penny For Your Troubles","Act Like it!","BaseMod","Dark Map","Elementarium","Fox Events","Minty Spire (QoL Compilation)","Rare Cards Sparkle","Shop Mod","Spire Arcade","StSLib","The Marked"],"gold_per_floor":[117,117,97,107,121,121,135,135,135,163,175,192,192,249,249,353,353,363,363,250,250,16,16,44,44,44,79,93,93,93,93,93,191,191,206,222,222,222,222],"floor_reached":38,"language":"ENG","playtime":2525,"items_purged":[],"score":410,"play_id":"935c9d61-e137-4466-adc0-cbbbcb3682c9","local_time":"20210131160852","is_ascension_mode":false,"campfire_choices":[{"data":"theMarked:SuspiciousRaven","floor":6,"key":"SMITH"},{"floor":8,"key":"RECALL"},{"floor":15,"key":"REST"},{"data":"theMarked:Polarize","floor":23,"key":"SMITH"},{"data":"theMarked:ComboAttacks","floor":25,"key":"SMITH"},{"floor":32,"key":"REST"}],"circlet_count":0,"master_deck":["theMarked:Strike+1","theMarked:Strike","theMarked:Strike","theMarked:Strike","theMarked:Strike","theMarked:Defend","theMarked:Defend","theMarked:Defend","theMarked:Defend","theMarked:SoldierOfQuellstein","theMarked:ComboAttacks+1","theMarked:TakeCover","theMarked:SuspiciousRaven+1","theMarked:Static","theMarked:MuscleMemory","theMarked:TakeCover","theMarked:ShockingTouch+1","theMarked:Polarize+1","theMarked:ThrowWeapon","CurseOfTheBell","theMarked:WardOff","theMarked:MysticalArsenal","theMarked:Determination","theMarked:Friction+1","theMarked:BanishingStrike+1","theMarked:Convert","theMarked:GodGivenPower","Elementarium:StickyTar","theMarked:Abjuration","theMarked:RogueSparks+1","theMarked:EmpowerWeapon+1","theMarked:ContemptForTheProud+1","theMarked:SwordAndMagic+1","Magnetism"],"relics":["theMarked:ArtifactOfAir","Bronze Scales","Tiny Chest","Oddly Smooth Stone","Juzu Bracelet","Prayer Wheel","Elementarium:HuntersElixir","MerchantsRug","TheAbacus","Gambling Chip","White Beast Statue","Matryoshka","Whetstone","Mummified Hand","Elementarium:ElementariumTrophy","SlaversCollar"],"acts_visited":["Exordium","Elementarium:Elementarium","TheBeyond"],"potions_floor_usage":[0,4,10,10,10,16,24,33,36,38,38,38],"damage_taken":[{"damage":0,"enemies":"Cultist","floor":1,"turns":4},{"damage":4,"enemies":"Jaw Worm","floor":4,"turns":4},{"damage":0,"enemies":"2 Louse","floor":5,"turns":2},{"damage":1,"enemies":"Looter","floor":7,"turns":3},{"damage":42,"enemies":"Gremlin Nob","floor":10,"turns":5},{"damage":5,"enemies":"Large Slime","floor":11,"turns":4},{"damage":7,"enemies":"2 Fungi Beasts","floor":12,"turns":3},{"damage":17,"enemies":"Lagavulin Event","floor":14,"turns":7},{"damage":19,"enemies":"The Guardian","floor":16,"turns":12},{"damage":5,"enemies":"Elementarium:Cyclone","floor":18,"turns":6},{"damage":14,"enemies":"Elementarium:FIRE_NOBILITY","floor":24,"turns":9},{"damage":32,"enemies":"Elementarium:WarGolem","floor":27,"turns":6},{"damage":0,"enemies":"Elementarium:2_ELEMENTALS","floor":28,"turns":5},{"damage":19,"enemies":"Elementarium:FIRE_SANCTUM_HERALD","floor":29,"turns":5},{"damage":45,"enemies":"Elementarium:GolemEmperor","floor":33,"turns":7},{"damage":20,"enemies":"3 Shapes","floor":35,"turns":7},{"damage":55,"enemies":"3 Darklings","floor":36,"turns":6},{"damage":12,"enemies":"Jaw Worm Horde","floor":38,"turns":3}],"seed_played":"2920811503787232967","potions_obtained":[{"floor":0,"key":"Dexterity Potion"},{"floor":0,"key":"Fruit Juice"},{"floor":0,"key":"LiquidMemories"},{"floor":3,"key":"Block Potion"},{"floor":4,"key":"BlessingOfTheForge"},{"floor":7,"key":"SkillPotion"},{"floor":12,"key":"Dexterity Potion"},{"floor":18,"key":"LiquidMemories"},{"floor":27,"key":"Strength Potion"},{"floor":28,"key":"SpeedPotion"},{"floor":33,"key":"Fire Potion"},{"floor":35,"key":"Energy Potion"},{"floor":36,"key":"SpeedPotion"}],"is_trial":false,"path_per_floor":["M","T","?","M","M","R","M","R","T","E","M","M","?","?","R","B",null,"M","T","?","?","$","R","E","R","T","E","M","?","T","?","R","B",null,"M","M","?","M"],"character_chosen":"THE_DEFAULT","items_purchased":["MerchantsRug","TheAbacus","theMarked:Determination"],"campfire_rested":2,"item_purchase_floors":[22,22,22],"current_hp_per_floor":[75,75,75,71,71,71,70,70,70,28,23,16,21,4,28,9,80,75,75,75,72,72,72,68,68,68,46,46,27,27,55,79,34,80,60,5,5,0,0],"gold":222,"neow_bonus":"THREE_SMALL_POTIONS","is_daily":false,"chose_seed":false,"campfire_upgraded":3,"win_rate":0.0,"timestamp":1612105732,"path_taken":["M","?","?","M","M","R","M","R","T","E","M","?","?","?","R","BOSS","M","?","?","?","$","R","E","R","T","E","M","?","?","?","R","BOSS","M","M","?","M"],"items_purchased_type":["Relic","Relic","Card"],"build_version":"2020-12-22","purchased_purges":0,"victory":false,"max_hp_per_floor":[75,75,75,75,75,75,75,75,75,75,75,75,80,80,80,80,80,80,80,80,80,80,80,80,80,80,80,80,80,80,80,80,80,80,80,80,80,80,80],"card_choices":[{"not_picked":["theMarked:RepellingDischarge","theMarked:TwofoldDefense"],"picked":"theMarked:ComboAttacks","floor":1},{"not_picked":["theMarked:Frustration","theMarked:Improvise"],"picked":"theMarked:TakeCover","floor":4},{"not_picked":["theMarked:EmpowerWeapon","theMarked:WardOff"],"picked":"theMarked:SuspiciousRaven","floor":5},{"not_picked":["theMarked:WardOff","theMarked:Aftermath"],"picked":"theMarked:Static","floor":7},{"not_picked":["theMarked:EnhanceMovement","theMarked:TurnInvisible"],"picked":"theMarked:MuscleMemory","floor":10},{"not_picked":["theMarked:ResourceFulStrike","theMarked:WardOff"],"picked":"theMarked:TakeCover","floor":11},{"not_picked":["theMarked:RepellingDischarge","theMarked:Memento"],"picked":"theMarked:ShockingTouch","floor":12},{"not_picked":["theMarked:ResourceFulStrike","theMarked:EmpowerWeapon"],"picked":"theMarked:Polarize","floor":14},{"not_picked":["theMarked:Defy","theMarked:Snap"],"picked":"theMarked:ThrowWeapon","floor":16},{"not_picked":["theMarked:WastefulAttack","theMarked:BanishingStrike"],"picked":"theMarked:WardOff","floor":18},{"not_picked":["theMarked:ResourceFulStrike+1","theMarked:ElectricStrings"],"picked":"theMarked:MysticalArsenal","floor":18},{"not_picked":["theMarked:Aftermath","theMarked:ChainLightning+1"],"picked":"theMarked:Friction+1","floor":24},{"not_picked":["theMarked:Friction","theMarked:CreepingChasm+1"],"picked":"theMarked:BanishingStrike+1","floor":27},{"not_picked":["theMarked:Memento","theMarked:RogueSparks"],"picked":"theMarked:Convert","floor":28},{"not_picked":["theMarked:TakeCover","theMarked:WardOff"],"picked":"theMarked:GodGivenPower","floor":28},{"not_picked":["theMarked:TurnInvisible","theMarked:Defy"],"picked":"theMarked:Abjuration","floor":33},{"not_picked":["theMarked:Parkour+1","theMarked:Parry"],"picked":"theMarked:RogueSparks+1","floor":35},{"not_picked":["theMarked:Maelstrom+1","theMarked:ResourceFulStrike"],"picked":"theMarked:EmpowerWeapon+1","floor":35},{"not_picked":["theMarked:RepellingDischarge+1","theMarked:ElectricStrings+1"],"picked":"theMarked:ContemptForTheProud+1","floor":36},{"not_picked":["theMarked:Panic","theMarked:ElectricStrings+1"],"picked":"theMarked:SwordAndMagic+1","floor":36},{"not_picked":["The Bomb","Deep Breath"],"picked":"Magnetism","floor":37}],"player_experience":3732625,"relics_obtained":[{"floor":2,"key":"Bronze Scales"},{"floor":10,"key":"Tiny Chest"},{"floor":17,"key":"Juzu Bracelet"},{"floor":17,"key":"Blue Candle"},{"floor":17,"key":"Prayer Wheel"},{"floor":19,"key":"Mercury Hourglass"},{"floor":24,"key":"Gambling Chip"},{"floor":26,"key":"White Beast Statue"},{"floor":27,"key":"Matryoshka"},{"floor":30,"key":"Whetstone"},{"floor":30,"key":"Mummified Hand"}],"event_choices":[{"damage_healed":0,"gold_gain":0,"player_choice":"Bought 1 Potion","damage_taken":0,"max_hp_gain":0,"max_hp_loss":0,"event_name":"The Woman in Blue","floor":3,"gold_loss":0},{"damage_healed":0,"gold_gain":0,"player_choice":"Donut","damage_taken":0,"max_hp_gain":5,"max_hp_loss":0,"event_name":"Big Fish","floor":13,"gold_loss":0},{"damage_healed":0,"gold_gain":30,"player_choice":"Searched \u00273\u0027 times","damage_taken":0,"relics_obtained":["Oddly Smooth Stone"],"max_hp_gain":0,"max_hp_loss":0,"event_name":"Dead Adventurer","floor":14,"gold_loss":0},{"damage_healed":0,"gold_gain":0,"player_choice":"Sling","damage_taken":0,"relics_obtained":["Elementarium:HuntersElixir"],"max_hp_gain":0,"max_hp_loss":0,"event_name":"Elementarium:BigGameHunter","floor":20,"gold_loss":113},{"damage_healed":0,"gold_gain":0,"player_choice":"Poke through","damage_taken":3,"max_hp_gain":0,"max_hp_loss":0,"event_name":"Elementarium:GreatTreasure","floor":21,"gold_loss":0},{"damage_healed":0,"gold_gain":0,"player_choice":"Fight","damage_taken":0,"max_hp_gain":0,"max_hp_loss":0,"event_name":"Elementarium:FireSanctum","floor":29,"gold_loss":0},{"damage_healed":0,"gold_gain":0,"player_choice":"Discretion","damage_taken":0,"max_hp_gain":0,"max_hp_loss":0,"event_name":"Elementarium:FireSanctum","floor":29,"gold_loss":0},{"damage_healed":28,"gold_gain":0,"player_choice":"Drink","damage_taken":0,"max_hp_gain":0,"max_hp_loss":0,"event_name":"Elementarium:StickySituation","floor":31,"gold_loss":0,"cards_obtained":["Elementarium:StickyTar"]},{"damage_healed":0,"gold_gain":0,"player_choice":"Memory 1","damage_taken":0,"max_hp_gain":0,"max_hp_loss":0,"event_name":"SensoryStone","floor":37,"gold_loss":0}],"is_beta":false,"boss_relics":[{"not_picked":["Sozu","Pandora\u0027s Box"],"picked":"Calling Bell"},{"not_picked":["Tiny House","Busted Crown"],"picked":"SlaversCollar"}],"items_purged_floors":[],"is_endless":false,"potions_floor_spawned":[4,7,12,18,27,28,29,33,35,36],"killed_by":"Jaw Worm Horde","ascension_level":0}}