{"host":"6xsbn6ynqlzwllfm","time":1612119668,"event":{"mods":["2.2 Compatiblity","BaseMod","Bestiary","Colored Map","Colored Powertips","Curses Come First","Highlight Path","Keyboard Shortcuts","Minty Spire (QoL Compilation)","Relic Stats","Slay the Relics Exporter","StSLib","SuperFastMode"],"gold_per_floor":[118,118,193,208,208,243,243,243,321,321,28,61,61,85,85,175,175,200,91,91,91],"floor_reached":20,"language":"ENG","playtime":387,"items_purged":["Strike_P"],"score":456,"play_id":"86b94b59-2008-4a91-b71b-71517c80f26e","local_time":"20210131140108","daily_mods":["Heirloom","Flight"],"is_ascension_mode":true,"campfire_choices":[{"floor":7,"key":"REST"},{"data":"SandsOfTime","floor":8,"key":"SMITH"},{"floor":10,"key":"REST"},{"data":"CrushJoints","floor":13,"key":"SMITH"},{"data":"Consecrate","floor":15,"key":"SMITH"}],"circlet_count":0,"master_deck":["AscendersBane","Eruption","Vigilance","SandsOfTime+1","Consecrate+1","CrushJoints+1","Ragnarok","SandsOfTime","Crescendo","FlurryOfBlows","Omniscience","WaveOfTheHand","DeceiveReality","Weave","FlyingSleeves+1","Evaluate","CarveReality"],"relics":["PureWater","Mango","TungstenRod","Golden Idol","Vajra","Eternal Feather","OrangePellets","Strawberry","Pandora\u0027s Box"],"acts_visited":["Exordium","TheCity"],"potions_floor_usage":[],"damage_taken":[{"damage":5.0,"enemies":"Cultist","floor":1.0,"turns":4.0},{"damage":3.0,"enemies":"Jaw Worm","floor":4.0,"turns":5.0},{"damage":51,"enemies":"3 Sentries","floor":6,"turns":6},{"damage":20,"enemies":"Lagavulin","floor":12,"turns":7},{"damage":8,"enemies":"2 Louse","floor":14,"turns":2},{"damage":0,"enemies":"Slime Boss","floor":16,"turns":3},{"damage":17,"enemies":"Spheric Guardian","floor":18,"turns":3},{"damage":0,"enemies":"3 Byrds","floor":20,"turns":3}],"seed_played":"-4571334051394048076","potions_obtained":[{"floor":1.0,"key":"Weak Potion"},{"floor":18,"key":"Explosive Potion"}],"is_trial":true,"path_per_floor":["M","?","?","M","?","E","R","R","T","R","$","E","R","M","R","B",null,"M","$","M"],"character_chosen":"WATCHER","items_purchased":["OrangePellets","Consecrate","Evaluate","CarveReality"],"campfire_rested":2,"item_purchase_floors":[11,11,19,19],"current_hp_per_floor":[70,65,55,52,52,1,23,23,23,51,51,38,44,36,42,42,71,54,54,54,54],"gold":91,"neow_bonus":"","is_daily":false,"chose_seed":false,"campfire_upgraded":3,"win_rate":0.0,"timestamp":1612119668,"path_taken":["M","?","?","M","?","E","R","R","T","R","?","E","R","M","R","BOSS","M","$","M"],"items_purchased_type":["Relic","Card","Card","Card"],"build_version":"2020-12-22","purchased_purges":1,"victory":false,"max_hp_per_floor":[82,82,82,82,74,74,74,74,74,74,74,81,81,81,81,81,81,81,81,81,81],"relic_stats":{"OrangePellets":[0],"counters":[8,33],"Golden Idol":42,"Eternal Feather":18,"Pandora\u0027s Box":["SandsOfTime","Crescendo","FlurryOfBlows","Omniscience","WaveOfTheHand","DeceiveReality","Weave"],"obtain_stats":[{"OrangePellets":11,"Golden Idol":5,"Strawberry":12,"Vajra":6,"Mango":0,"Eternal Feather":9,"Pandora\u0027s Box":17,"PureWater":0,"TungstenRod":2},{"OrangePellets":3,"Golden Idol":2,"Strawberry":4,"Vajra":3,"Mango":0,"Eternal Feather":3,"Pandora\u0027s Box":6,"PureWater":0,"TungstenRod":1},{"OrangePellets":15,"Golden Idol":9,"Strawberry":22,"Vajra":15,"Mango":0,"Eternal Feather":15,"Pandora\u0027s Box":27,"PureWater":0,"TungstenRod":4}],"TungstenRod":30},"card_choices":[{"not_picked":["Protect","ThirdEye"],"picked":"SandsOfTime","floor":4.0},{"not_picked":["Evaluate","DevaForm"],"picked":"CrushJoints","floor":12},{"not_picked":["SpiritShield","Brilliance"],"picked":"Ragnarok","floor":16},{"not_picked":["ThirdEye","Wireheading"],"picked":"FlyingSleeves+1","floor":18}],"player_experience":1363967,"relics_obtained":[{"floor":6,"key":"Vajra"},{"floor":9,"key":"Eternal Feather"},{"floor":12,"key":"Strawberry"}],"event_choices":[{"damage_healed":0.0,"max_hp_gain":0.0,"max_hp_loss":0.0,"gold_gain":0.0,"event_name":"Scrap Ooze","player_choice":"Success","floor":2.0,"gold_loss":0.0,"damage_taken":5.0,"relics_obtained":["TungstenRod"]},{"damage_healed":0.0,"max_hp_gain":0.0,"max_hp_loss":0.0,"gold_gain":75.0,"event_name":"World of Goop","player_choice":"Gather Gold","floor":3.0,"gold_loss":0.0,"damage_taken":11.0},{"damage_healed":0.0,"max_hp_gain":0.0,"max_hp_loss":8.0,"gold_gain":0.0,"event_name":"Golden Idol","player_choice":"Lose Max HP","floor":5.0,"gold_loss":0.0,"damage_taken":0.0,"relics_obtained":["Golden Idol"]}],"is_beta":false,"boss_relics":[{"not_picked":["Fusion Hammer","Black Star"],"picked":"Pandora\u0027s Box"}],"items_purged_floors":[11],"is_endless":false,"potions_floor_spawned":[1,18],"killed_by":"3 Byrds","ascension_level":20}}