{"host":"x8sop9v6zw8yitbt","time":1612132680,"event":{"mods":["BaseMod","Best Route Mod","Block Reminder","Colored Powertips","Dark Map","DeckTracker","Minty Spire (QoL Compilation)","Permanent Neow","Quick Restart","Reliquary","StSLib"],"gold_per_floor":[109,74,89,39,39,39,73,88,88,104,119,119,39,66,66,166,166,185,185,110,126,208,237,237,207,207,235,255,265,265,277,277,277,277],"floor_reached":33,"language":"ENG","playtime":1041,"items_purged":[],"score":361,"play_id":"1de3a3ce-8218-43da-9574-b05eb915c854","local_time":"20210131173800","is_ascension_mode":true,"campfire_choices":[{"data":"Caltrops","floor":6.0,"key":"SMITH"},{"data":"Deadly Poison","floor":12.0,"key":"SMITH"},{"data":"Neutralize","floor":15.0,"key":"SMITH"},{"data":"Adrenaline","floor":24.0,"key":"SMITH"},{"data":"Crippling Poison","floor":30,"key":"SMITH"},{"data":"Noxious Fumes","floor":32,"key":"SMITH"}],"circlet_count":0,"master_deck":["Strike_G","Strike_G","Strike_G","Defend_G","Defend_G","Defend_G","Defend_G","Defend_G","Survivor","Neutralize+1","Adrenaline+1","Caltrops+1","Blur","Deadly Poison+1","Crippling Poison+1","Noxious Fumes+1","Corpse Explosion","Leg Sweep","Noxious Fumes","Well Laid Plans+1","Noxious Fumes","PiercingWail+1","Noxious Fumes"],"relics":["Ring of the Snake","reliquary:Sideboard","Mango","reliquary:RadioactivePellet","reliquary:PorcupineQuills","SacredBark","Calipers","Gremlin Horn","reliquary:TuningFork","Regal Pillow","Tiny Chest"],"acts_visited":["Exordium","TheCity"],"potions_floor_usage":[27,28,33],"damage_taken":[{"damage":1.0,"enemies":"Cultist","floor":1.0,"turns":4.0},{"damage":0.0,"enemies":"Jaw Worm","floor":3.0,"turns":3.0},{"damage":27.0,"enemies":"3 Sentries","floor":7.0,"turns":10.0},{"damage":0.0,"enemies":"Small Slimes","floor":8.0,"turns":3.0},{"damage":0.0,"enemies":"Blue Slaver","floor":10.0,"turns":4.0},{"damage":0.0,"enemies":"Red Slaver","floor":11.0,"turns":3.0},{"damage":34.0,"enemies":"Gremlin Nob","floor":14.0,"turns":5.0},{"damage":2.0,"enemies":"Hexaghost","floor":16.0,"turns":9.0},{"damage":2.0,"enemies":"Spheric Guardian","floor":18.0,"turns":3.0},{"damage":0.0,"enemies":"Chosen","floor":21.0,"turns":4.0},{"damage":13.0,"enemies":"Gremlin Leader","floor":23.0,"turns":8.0},{"damage":17,"enemies":"Slavers","floor":27,"turns":5},{"damage":3,"enemies":"3 Cultists","floor":28,"turns":4},{"damage":11,"enemies":"Cultist and Chosen","floor":29,"turns":5},{"damage":24,"enemies":"Snake Plant","floor":31,"turns":4},{"damage":19,"enemies":"Collector","floor":33,"turns":5}],"seed_played":"4369437387618643909","potions_obtained":[{"floor":7.0,"key":"Block Potion"},{"floor":11.0,"key":"Poison Potion"},{"floor":16.0,"key":"SpeedPotion"},{"floor":25,"key":"Strength Potion"},{"floor":25,"key":"FearPotion"},{"floor":27,"key":"ColorlessPotion"},{"floor":28,"key":"PowerPotion"}],"is_trial":false,"path_per_floor":["M","$","M","?","?","R","E","M","T","M","M","R","$","E","R","B",null,"M","?","?","M","T","E","R","?","T","E","M","M","R","M","R","B"],"character_chosen":"THE_SILENT","items_purchased":["Caltrops","Noxious Fumes"],"campfire_rested":0,"item_purchase_floors":[2,13],"current_hp_per_floor":[69,69,69,69,66,66,53,53,53,53,53,53,53,19,19,17,84,82,82,82,82,82,69,69,69,69,52,49,38,38,14,14,0,0],"gold":277,"neow_bonus":"ONE_RANDOM_RARE_CARD","is_daily":false,"chose_seed":false,"campfire_upgraded":6,"win_rate":0.0,"timestamp":1612132680,"path_taken":["M","?","M","?","?","R","E","M","T","?","M","R","?","E","R","BOSS","M","?","?","M","?","E","R","?","T","E","M","M","R","M","R","BOSS"],"items_purchased_type":["Card","Card"],"build_version":"2020-12-22","purchased_purges":0,"victory":false,"max_hp_per_floor":[70,70,70,70,70,70,84,84,84,84,84,84,84,84,84,84,84,84,84,84,84,84,84,84,84,84,84,84,84,84,84,84,84,84],"card_choices":[{"not_picked":["Sucker Punch","Backflip","Concentrate"],"picked":"SKIP","floor":1.0},{"not_picked":["Finisher","Catalyst","Slice"],"picked":"SKIP","floor":3.0},{"not_picked":["Cloak And Dagger","Quick Slash"],"picked":"Blur","floor":7.0},{"not_picked":["Bane","Flying Knee"],"picked":"Deadly Poison","floor":8.0},{"not_picked":["Heel Hook","Outmaneuver","All Out Attack"],"picked":"SKIP","floor":10.0},{"not_picked":["Skewer","Dagger Throw"],"picked":"Crippling Poison","floor":11.0},{"not_picked":["Backflip","PiercingWail"],"picked":"Leg Sweep","floor":14.0},{"not_picked":["Doppelganger","Envenom"],"picked":"Corpse Explosion","floor":16.0},{"not_picked":["Deadly Poison","All Out Attack"],"picked":"Noxious Fumes","floor":18.0},{"not_picked":["Eviscerate+1","Setup+1"],"picked":"Well Laid Plans+1","floor":21.0},{"not_picked":["Cloak And Dagger","Terror"],"picked":"Noxious Fumes","floor":23.0},{"not_picked":["Cloak And Dagger","Prepared","Blade Dance"],"picked":"SKIP","floor":27},{"not_picked":["Night Terror","Acrobatics"],"picked":"PiercingWail+1","floor":28},{"not_picked":["Calculated Gamble","PiercingWail+1","Sucker Punch+1"],"picked":"SKIP","floor":29},{"not_picked":["Dodge and Roll","Slice"],"picked":"Noxious Fumes","floor":31}],"player_experience":866626,"relics_obtained":[{"floor":7.0,"key":"Mango"},{"floor":9.0,"key":"reliquary:RadioactivePellet"},{"floor":14.0,"key":"reliquary:PorcupineQuills"},{"floor":22.0,"key":"Gremlin Horn"},{"floor":23.0,"key":"reliquary:TuningFork"},{"floor":26,"key":"Regal Pillow"},{"floor":27,"key":"Tiny Chest"}],"event_choices":[{"cards_removed":["Strike_G"],"damage_healed":0.0,"max_hp_gain":0.0,"max_hp_loss":0.0,"gold_gain":0.0,"event_name":"The Cleric","player_choice":"Card Removal","floor":4.0,"gold_loss":50.0,"damage_taken":0.0},{"damage_healed":0.0,"max_hp_gain":0.0,"max_hp_loss":0.0,"gold_gain":0.0,"event_name":"Scrap Ooze","player_choice":"Success","floor":5.0,"gold_loss":0.0,"damage_taken":3.0,"relics_obtained":["reliquary:Sideboard"]},{"damage_healed":0.0,"max_hp_gain":0.0,"max_hp_loss":0.0,"gold_gain":0.0,"event_name":"The Mausoleum","player_choice":"Opened","floor":19.0,"gold_loss":0.0,"damage_taken":0.0,"relics_obtained":["Calipers"]},{"cards_removed":["Strike_G"],"damage_healed":0.0,"max_hp_gain":0.0,"max_hp_loss":0.0,"gold_gain":0.0,"event_name":"Beggar","player_choice":"Gave Gold","floor":20.0,"gold_loss":75.0,"damage_taken":0.0},{"damage_healed":0,"gold_gain":0,"player_choice":"Bought 2 Potions","damage_taken":0,"max_hp_gain":0,"max_hp_loss":0,"event_name":"The Woman in Blue","floor":25,"gold_loss":0}],"is_beta":false,"boss_relics":[{"not_picked":["reliquary:RedPaperclip","Astrolabe"],"picked":"SacredBark"}],"items_purged_floors":[],"is_endless":false,"potions_floor_spawned":[7,11,16,27,28],"killed_by":"Collector","ascension_level":1}}