{"host":"7jl348xfsxr8glry","time":1612098229,"event":{"mods":["AchievementEnabler","BaseMod","Colored Map","Minty Spire (QoL Compilation)","Random Character Button","Unceasing Turn Reminder"],"gold_per_floor":[209,225,225,2,16,16,27,59,104,104,104,104,122,151,151,246,246,258,258,258],"floor_reached":19,"language":"ENG","playtime":643,"items_purged":["Strike_R"],"score":261,"play_id":"dfdd0e61-51ec-4063-b140-540f6fa9a0de","local_time":"20210201000349","is_ascension_mode":true,"campfire_choices":[{"data":"Twin Strike","floor":6,"key":"SMITH"},{"data":"Demon Form","floor":11,"key":"SMITH"},{"floor":15,"key":"REST"}],"circlet_count":0,"master_deck":["Strike_R","Strike_R","Strike_R","Strike_R","Defend_R","Defend_R","Defend_R","Defend_R","Bash","Pommel Strike+1","Twin Strike+1","Demon Form+1","Demon Form"],"relics":["Burning Blood","Juzu Bracelet","The Courier","Gambling Chip","Nunchaku","Black Star"],"acts_visited":["Exordium","TheCity"],"potions_floor_usage":[8,8,16,16],"damage_taken":[{"damage":5,"enemies":"2 Louse","floor":1,"turns":3},{"damage":6,"enemies":"Cultist","floor":2,"turns":3},{"damage":4,"enemies":"Jaw Worm","floor":5,"turns":3},{"damage":2,"enemies":"3 Louse","floor":7,"turns":3},{"damage":16,"enemies":"Gremlin Nob","floor":8,"turns":3},{"damage":4,"enemies":"2 Fungi Beasts","floor":13,"turns":3},{"damage":10,"enemies":"Lagavulin","floor":14,"turns":5},{"damage":0,"enemies":"Slime Boss","floor":16,"turns":4},{"damage":26,"enemies":"Chosen","floor":18,"turns":5},{"damage":69,"enemies":"3 Byrds","floor":19,"turns":4}],"seed_played":"-1961069329271265126","potions_obtained":[{"floor":5,"key":"Fire Potion"},{"floor":7,"key":"Energy Potion"},{"floor":8,"key":"FearPotion"},{"floor":13,"key":"SteroidPotion"}],"is_trial":false,"path_per_floor":["M","M","?","$","M","R","M","E","T","T","R","$","M","E","R","B",null,"M","M"],"character_chosen":"IRONCLAD","items_purchased":["Juzu Bracelet"],"campfire_rested":1,"item_purchase_floors":[4],"current_hp_per_floor":[80,80,80,80,80,80,80,70,70,70,70,70,72,68,80,80,80,60,0,0],"gold":258,"neow_bonus":"HUNDRED_GOLD","is_daily":false,"chose_seed":false,"campfire_upgraded":2,"win_rate":0.0,"timestamp":1612098229,"path_taken":["M","M","?","?","M","R","M","E","T","?","R","$","M","E","R","BOSS","M","M"],"items_purchased_type":["Relic"],"build_version":"2020-12-22","purchased_purges":1,"victory":false,"max_hp_per_floor":[80,80,80,80,80,80,80,80,80,80,80,80,80,80,80,80,80,80,80,80],"card_choices":[{"not_picked":["Havoc","Flame Barrier"],"picked":"Pommel Strike","floor":1},{"not_picked":["Body Slam","Dark Embrace","Shockwave"],"picked":"SKIP","floor":2},{"not_picked":["Power Through","Havoc"],"picked":"Twin Strike","floor":5},{"not_picked":["Headbutt","Battle Trance"],"picked":"Demon Form","floor":7},{"not_picked":["Burning Pact","True Grit","Corruption"],"picked":"SKIP","floor":8},{"not_picked":["Dropkick","Uppercut","Anger"],"picked":"SKIP","floor":13},{"not_picked":["Reaper","Sword Boomerang","Warcry"],"picked":"SKIP","floor":14},{"not_picked":["Juggernaut","Limit Break"],"picked":"Demon Form","floor":16},{"not_picked":["Havoc","Entrench","Perfected Strike+1"],"picked":"SKIP","floor":18}],"player_experience":178179,"relics_obtained":[{"floor":8,"key":"The Courier"},{"floor":10,"key":"Gambling Chip"},{"floor":14,"key":"Nunchaku"}],"event_choices":[{"damage_healed":0,"gold_gain":0,"player_choice":"Upgraded","damage_taken":0,"max_hp_gain":0,"max_hp_loss":0,"event_name":"Upgrade Shrine","floor":3,"gold_loss":0,"cards_upgraded":["Pommel Strike"]}],"is_beta":false,"boss_relics":[{"not_picked":["Busted Crown","Tiny House"],"picked":"Black Star"}],"items_purged_floors":[4],"is_endless":false,"potions_floor_spawned":[5,7,8,13],"killed_by":"3 Byrds","ascension_level":3}}