{"host":"3ss1op6o3h01bku3","time":1612116603,"event":{"mods":["BaseMod","Bestiary","Block Reminder","Colored Map","Colored Powertips","Curses Come First","Displayed Cursed Tome","Minty Spire (QoL Compilation)","Quick Restart","Random Character Button","Relic Stats","StSLib","The IronCluck","slay the spire mod where everything is the same but ironclad has a cowboy hat"],"gold_per_floor":[110,110,110,155,173,173,217,217,217,62,62,96,110,153,153,284,284,268,268,268,268,51,86,86,122,122,162,195,122,134,164,176,314,389,415,441,453,485,513,525,525],"floor_reached":40,"language":"ENG","playtime":2022,"items_purged":[],"score":531,"play_id":"26635ff5-cb23-43e4-9ce8-8b05393737bb","local_time":"20210131191003","is_ascension_mode":true,"campfire_choices":[{"data":"Darkness","floor":6.0,"key":"SMITH"},{"floor":8.0,"key":"REST"},{"data":"Rip and Tear","floor":11.0,"key":"SMITH"},{"data":"Capacitor","floor":15.0,"key":"SMITH"},{"data":"Self Repair","floor":24.0,"key":"SMITH"},{"floor":32.0,"key":"REST"}],"circlet_count":0,"master_deck":["Strike_B","Strike_B","Strike_B","Strike_B","Defend_B","Defend_B+1","Defend_B","Defend_B","Zap+1","Dualcast","Skim+1","Darkness+1","Glacier","Ball Lightning","Cold Snap","Coolheaded","Ball Lightning","Rip and Tear+1","Capacitor+1","Leap+1","CurseOfTheBell","Aggregate+1","Self Repair+1","Darkness","Echo Form","Electrodynamics","Go for the Eyes+1","Parasite","Stack","Sunder+1"],"relics":["Cracked Core","Dream Catcher","Golden Idol","Anchor","Du-Vu Doll","Torii","Orrery","Matryoshka","Mango","Calling Bell","Juzu Bracelet","Darkstone Periapt","Thread and Needle","War Paint","Bronze Scales","Centennial Puzzle","Symbiotic Virus","Pear","Ancient Tea Set","MawBank","Pantograph","Tiny House"],"acts_visited":["TheCity","TheBeyond"],"potions_floor_usage":[38],"damage_taken":[{"damage":0.0,"enemies":"Small Slimes","floor":1.0,"turns":2.0},{"damage":0.0,"enemies":"Jaw Worm","floor":5.0,"turns":3.0},{"damage":36.0,"enemies":"Gremlin Nob","floor":7.0,"turns":4.0},{"damage":2.0,"enemies":"Lagavulin","floor":12.0,"turns":5.0},{"damage":0.0,"enemies":"Cultist","floor":13.0,"turns":2.0},{"damage":16.0,"enemies":"3 Sentries","floor":14.0,"turns":8.0},{"damage":9.0,"enemies":"The Guardian","floor":16.0,"turns":9.0},{"damage":9.0,"enemies":"2 Thieves","floor":18.0,"turns":4.0},{"damage":32.0,"enemies":"Slavers","floor":23.0,"turns":5.0},{"damage":8.0,"enemies":"Book of Stabbing","floor":25.0,"turns":6.0},{"damage":10.0,"enemies":"Gremlin Leader","floor":27.0,"turns":6.0},{"damage":7.0,"enemies":"Spheric Guardian","floor":28.0,"turns":4.0},{"damage":15.0,"enemies":"Shelled Parasite and Fungi","floor":31.0,"turns":7.0},{"damage":61.0,"enemies":"Collector","floor":33.0,"turns":12.0},{"damage":30,"enemies":"3 Darklings","floor":35,"turns":6},{"damage":1,"enemies":"Orb Walker","floor":36,"turns":3},{"damage":52,"enemies":"Writhing Mass","floor":38,"turns":5},{"damage":26,"enemies":"3 Darklings","floor":39,"turns":7},{"damage":0,"enemies":"Reptomancer","floor":40,"turns":1}],"seed_played":"-2709009835566500275","potions_obtained":[{"floor":7.0,"key":"Swift Potion"},{"floor":14.0,"key":"ColorlessPotion"},{"floor":16.0,"key":"EssenceOfDarkness"},{"floor":18.0,"key":"Strength Potion"},{"floor":25.0,"key":"DuplicationPotion"},{"floor":27.0,"key":"BlessingOfTheForge"},{"floor":33.0,"key":"SneckoOil"},{"floor":34.0,"key":"SpeedPotion"},{"floor":35,"key":"PowerPotion"},{"floor":38,"key":"Swift Potion"}],"is_trial":false,"path_per_floor":["M","?","?","T","M","R","E","R","T","$","R","E","M","E","R","B",null,"M","?","?","T","$","E","R","E","T","E","M","?","?","M","R","B",null,"M","M","?","M","M","E"],"character_chosen":"DEFECT","items_purchased":["Orrery","Self Repair","Bronze Scales"],"campfire_rested":2,"item_purchase_floors":[10,22,22],"current_hp_per_floor":[75,69,69,69,69,69,33,53,53,53,53,51,51,49,49,40,83,74,74,74,74,74,49,49,51,61,61,64,64,46,31,58,32,98,78,87,87,51,35,35,35],"gold":525,"neow_bonus":"RANDOM_COMMON_RELIC","is_daily":false,"chose_seed":false,"campfire_upgraded":4,"win_rate":0.0,"timestamp":1612116603,"path_taken":["M","?","?","?","?","R","E","R","T","$","R","E","M","E","R","BOSS","M","?","?","?","$","E","R","E","T","E","M","?","?","M","R","BOSS","M","M","?","M","M","E"],"items_purchased_type":["Relic","Card","Relic"],"build_version":"2020-12-22","purchased_purges":0,"victory":false,"max_hp_per_floor":[75,69,69,69,69,69,69,69,69,69,69,69,69,83,83,83,83,83,83,83,83,83,83,83,83,93,93,93,93,93,93,93,93,98,98,98,93,99,99,99,99],"relic_stats":{"Darkstone Periapt":6,"Dream Catcher":2,"Centennial Puzzle":[27],"Torii":23,"counters":[19,99],"Golden Idol":142,"Bronze Scales":[214],"Pantograph":25,"Juzu Bracelet":1,"War Paint":["Skim","Leap"],"MawBank":156,"obtain_stats":[{"Darkstone Periapt":17,"Pear":26,"Tiny House":34,"Torii":9,"Golden Idol":2,"Mango":14,"Thread and Needle":17,"Juzu Bracelet":17,"War Paint":21,"Ancient Tea Set":26,"MawBank":27,"Du-Vu Doll":7,"Calling Bell":17,"Dream Catcher":0,"Anchor":4,"Centennial Puzzle":23,"Matryoshka":12,"Bronze Scales":22,"Pantograph":29,"Orrery":10,"Cracked Core":0,"Symbiotic Virus":25},{"Darkstone Periapt":7,"Pear":10,"Tiny House":14,"Torii":3,"Golden Idol":1,"Mango":6,"Thread and Needle":7,"Juzu Bracelet":7,"War Paint":8,"Ancient Tea Set":10,"MawBank":11,"Du-Vu Doll":3,"Calling Bell":7,"Dream Catcher":0,"Anchor":1,"Centennial Puzzle":9,"Matryoshka":4,"Bronze Scales":8,"Pantograph":12,"Orrery":3,"Cracked Core":0,"Symbiotic Virus":10},{"Darkstone Periapt":33,"Pear":48,"Tiny House":77,"Torii":9,"Golden Idol":2,"Mango":24,"Thread and Needle":33,"Juzu Bracelet":33,"War Paint":37,"Ancient Tea Set":48,"MawBank":54,"Du-Vu Doll":9,"Calling Bell":33,"Dream Catcher":0,"Anchor":2,"Centennial Puzzle":42,"Matryoshka":14,"Bronze Scales":37,"Pantograph":58,"Orrery":9,"Cracked Core":0,"Symbiotic Virus":48}]},"card_choices":[{"not_picked":["Stack","Compile Driver"],"picked":"Skim","floor":1.0},{"not_picked":["Blizzard","Compile Driver"],"picked":"Darkness","floor":5.0},{"not_picked":["Capacitor","Beam Cell","Consume"],"picked":"SKIP","floor":7.0},{"not_picked":["Beam Cell","Redo"],"picked":"Glacier","floor":8.0},{"not_picked":["Skim","Reinforced Body"],"picked":"Ball Lightning","floor":10.0},{"not_picked":["Multi-Cast","Reprogram"],"picked":"Cold Snap","floor":10.0},{"not_picked":["BootSequence","Stack"],"picked":"Coolheaded","floor":10.0},{"not_picked":["Scrape","Gash"],"picked":"Ball Lightning","floor":10.0},{"not_picked":["Beam Cell","Auto Shields"],"picked":"Rip and Tear","floor":10.0},{"not_picked":["Undo","Doom and Gloom"],"picked":"Capacitor","floor":12.0},{"not_picked":["Streamline","Machine Learning"],"picked":"Leap","floor":13.0},{"not_picked":["Melter","Beam Cell","BootSequence"],"picked":"SKIP","floor":14.0},{"not_picked":["Scrape","Stack"],"picked":"Aggregate+1","floor":18.0},{"not_picked":["Lockon+1","Reprogram","Go for the Eyes+1"],"picked":"SKIP","floor":23.0},{"not_picked":["Recycle","Ball Lightning","Turbo"],"picked":"SKIP","floor":25.0},{"not_picked":["Sweeping Beam","Coolheaded+1"],"picked":"Darkness","floor":27.0},{"not_picked":["Fusion","Compile Driver+1","Coolheaded"],"picked":"SKIP","floor":28.0},{"not_picked":["Hello World","Coolheaded","Storm"],"picked":"SKIP","floor":31.0},{"not_picked":["Fission","Machine Learning"],"picked":"Electrodynamics","floor":33.0},{"not_picked":["Sweeping Beam","Rebound"],"picked":"Go for the Eyes+1","floor":34.0},{"not_picked":["Compile Driver","Go for the Eyes","Barrage"],"picked":"SKIP","floor":35},{"not_picked":["Rip and Tear+1","Rebound","Self Repair"],"picked":"SKIP","floor":36},{"not_picked":["Go for the Eyes","Ball Lightning"],"picked":"Stack","floor":38},{"not_picked":["Go for the Eyes+1","Coolheaded"],"picked":"Sunder+1","floor":39}],"player_experience":130912,"relics_obtained":[{"floor":4.0,"key":"Anchor"},{"floor":7.0,"key":"Du-Vu Doll"},{"floor":9.0,"key":"Torii"},{"floor":12.0,"key":"Matryoshka"},{"floor":14.0,"key":"Mango"},{"floor":17.0,"key":"Juzu Bracelet"},{"floor":17.0,"key":"Darkstone Periapt"},{"floor":17.0,"key":"Thread and Needle"},{"floor":21.0,"key":"War Paint"},{"floor":23.0,"key":"Centennial Puzzle"},{"floor":25.0,"key":"Symbiotic Virus"},{"floor":26.0,"key":"Pear"},{"floor":26.0,"key":"Ancient Tea Set"},{"floor":27.0,"key":"MawBank"}],"event_choices":[{"damage_healed":0.0,"max_hp_gain":0.0,"max_hp_loss":6.0,"gold_gain":0.0,"event_name":"Golden Idol","player_choice":"Lose Max HP","floor":2.0,"gold_loss":0.0,"damage_taken":0.0,"relics_obtained":["Golden Idol"]},{"damage_healed":0.0,"max_hp_gain":0.0,"max_hp_loss":0.0,"gold_gain":0.0,"event_name":"Living Wall","player_choice":"Grow","floor":3.0,"gold_loss":0.0,"damage_taken":0.0,"cards_upgraded":["Zap"]},{"damage_healed":0.0,"max_hp_gain":0.0,"max_hp_loss":0.0,"gold_gain":0.0,"event_name":"Ghosts","player_choice":"Ignored","floor":20.0,"gold_loss":0.0,"damage_taken":0.0},{"damage_healed":0.0,"max_hp_gain":0.0,"max_hp_loss":0.0,"gold_gain":0.0,"event_name":"Addict","player_choice":"Obtained Relic","floor":29.0,"gold_loss":85.0,"damage_taken":0.0,"relics_obtained":["Pantograph"]},{"damage_healed":0.0,"max_hp_gain":0.0,"max_hp_loss":18.0,"gold_gain":2.0,"event_name":"betterStone:BetterStone","player_choice":"2","floor":30.0,"gold_loss":0.0,"damage_taken":0.0},{"damage_healed":0,"gold_gain":0,"player_choice":"Max HP","damage_taken":0,"max_hp_gain":0,"max_hp_loss":5,"event_name":"Winding Halls","floor":37,"gold_loss":0}],"is_beta":false,"boss_relics":[{"not_picked":["Coffee Dripper","Sozu"],"picked":"Calling Bell"},{"not_picked":["SacredBark","Runic Pyramid"],"picked":"Tiny House"}],"items_purged_floors":[],"is_endless":false,"potions_floor_spawned":[7,14,16,18,25,27,33,35,38,39],"killed_by":"Reptomancer","ascension_level":2}}