{"host":"gqhy17d1xpb1p3ki","time":1612134354,"event":{"mods":["2.2 Compatiblity","AchievementEnabler","BaseMod","Bestiary","BetterRewards","Colored Map","Colored Powertips","Conspire","Curses Come First","Custom Start","DeckTracker","Downfall","Duelist Mod","Hermit","Highlight Path","Hubris","Infinite Spire","Jorbs\u0027s Wanderer Trilogy","Marisa????????","Minty Spire (QoL Compilation)","Quick Restart","Rare Cards Sparkle","Relic Stats","Remilia??????","Robot Space Explorer","Shop Mod","StSLib","Td1madao Mod","The Animator","The Bug Knight","The Cursed","The Disciple","The Hierophant","The Jungle","The Marked","The Mystic","The Necromancer","The Runesmith","The Senshi","The Servant 0.9.4","The Witch","TheBandit","WarShipGirlsR/????R mod","Yuri Mod"],"gold_per_floor":[99,113,29,41,41,59,59,59,76,104,114,114,124,158,170,266,266,266,266,266,32,45,64,109,109,109,127,27,53,53,70,95,198,198,198,213,230,230,230],"floor_reached":38,"language":"ENG","playtime":3335,"items_purged":["downfall:Aged"],"score":558,"play_id":"64790c34-5414-42ca-a144-ef9dc46a0804","local_time":"20210131180554","is_ascension_mode":false,"campfire_choices":[{"data":"hermit:Snapshot","floor":1,"key":"SMITH"},{"data":"infinitespire:SevenWalls","floor":8,"key":"SMITH"},{"data":"hermit:Glare","floor":12,"key":"SMITH"},{"data":"hermit:CalledShot","floor":18,"key":"SMITH"},{"data":"hermit:Determination","floor":25,"key":"SMITH"},{"data":"hermit:Adapt","floor":28,"key":"SMITH"},{"data":"infinitespire:Punishment","floor":30,"key":"SMITH"},{"data":"hermit:WideOpen","floor":35,"key":"SMITH"}],"circlet_count":0,"master_deck":["hermit:Strike_Hermit","hermit:Strike_Hermit","hermit:Strike_Hermit","hermit:Strike_Hermit","hermit:Defend_Hermit","hermit:Defend_Hermit","hermit:Defend_Hermit","hermit:Defend_Hermit","hermit:Snapshot+1","hermit:Covet","hermit:Feint","hermit:Vantage","hermit:Enervate","hermit:Headshot","Normality","infinitespire:SevenWalls+1","hermit:Feint","hermit:Glare+1","hermit:SprayPray","hermit:Deadeye","hermit:Adapt+1","hermit:GhostlyPresence","hermit:CalledShot+1","hermit:HeroicBravado","CurseOfTheBell","hermit:Quickdraw","hermit:Determination+1","hermit:Scavenge","hermit:Gambit","hermit:Cheat","hermit:Misfire","infinitespire:Punishment+1","hermit:WideOpen+1","hermit:HighNoon","hermit:Dive+1"],"relics":["hermit:Momento","Potion Belt","Anchor","hubris:Metronome","infinitespire:CheckeredPen","Regal Pillow","Shuriken","Thread and Needle","hubris:Towel","Nloth\u0027s Gift","Juzu Bracelet","hubris:Icosahedron","downfall:HeartBlessingGreen","hubris:FunFungus","Busted Crown"],"acts_visited":["Exordium","TheCity","TheBeyond"],"potions_floor_usage":[27,32,33,38,38,38],"damage_taken":[{"damage":3,"enemies":"Jaw Worm","floor":2,"turns":3},{"damage":0,"enemies":"downfall:FleeingMerchant","floor":3,"turns":4},{"damage":0,"enemies":"Small Slimes","floor":4,"turns":2},{"damage":0,"enemies":"Cultist","floor":6,"turns":4},{"damage":0,"enemies":"Exordium Wildlife","floor":9,"turns":4},{"damage":0,"enemies":"Lagavulin","floor":10,"turns":5},{"damage":0,"enemies":"2 Fungi Beasts","floor":11,"turns":3},{"damage":5,"enemies":"Blue Slaver","floor":13,"turns":3},{"damage":0,"enemies":"3 Sentries","floor":14,"turns":8},{"damage":13,"enemies":"Lots of Slimes","floor":15,"turns":4},{"damage":0,"enemies":"DF_ARCHETYPE_STREAMLINE","floor":16,"turns":14},{"damage":0,"enemies":"downfall:FleeingMerchant","floor":21,"turns":4},{"damage":0,"enemies":"conspire:FuzzyDice","floor":22,"turns":6},{"damage":5,"enemies":"Shelled Parasite and Fungi","floor":23,"turns":4},{"damage":2,"enemies":"Centurion and Healer","floor":27,"turns":7},{"damage":21,"enemies":"Nightmare","floor":29,"turns":8},{"damage":0,"enemies":"Snake Plant","floor":31,"turns":4},{"damage":1,"enemies":"Shelled Parasite and Fungi","floor":32,"turns":5},{"damage":19,"enemies":"IC_MUSHROOM_ARCHETYPE","floor":33,"turns":9},{"damage":4,"enemies":"3 Darklings","floor":36,"turns":6},{"damage":0,"enemies":"3 Shapes","floor":37,"turns":6},{"damage":35,"enemies":"infinitespire:Three Voidlings","floor":38,"turns":5},{"damage":67,"enemies":"Nightmare_Alpha","floor":38,"turns":6}],"seed_played":"-4336716790197367247","potions_obtained":[{"floor":4,"key":"LiquidBronze"},{"floor":6,"key":"PowerPotion"},{"floor":10,"key":"Regen Potion"},{"floor":14,"key":"FearPotion"},{"floor":15,"key":"Swift Potion"},{"floor":27,"key":"Ancient Potion"},{"floor":32,"key":"Weak Potion"},{"floor":33,"key":"Weak Potion"}],"is_trial":false,"path_per_floor":["R","M","$","M","?","M","T","R","M","E","M","R","M","E","M","B",null,"R","?","?","$","M","M","T","R","?","M","R","NM","R","M","M","B",null,"R","M","M","?"],"character_chosen":"HERMIT","items_purchased":["hermit:Enervate","hermit:Determination","hermit:Scavenge"],"campfire_rested":0,"item_purchase_floors":[3,21,21],"current_hp_per_floor":[75,72,72,72,72,72,72,72,72,72,72,72,67,67,54,54,75,75,75,75,75,75,70,70,70,70,68,68,47,47,47,46,27,75,75,71,75,0,0],"gold":230,"neow_bonus":"RANDOM_COMMON_RELIC","is_daily":false,"chose_seed":false,"campfire_upgraded":8,"win_rate":0.0,"timestamp":1612134354,"path_taken":["R","M","$","M","?","M","T","R","M","E","M","R","M","E","M","BOSS","R","?","?","$","?","M","T","R","?","M","R","NM","R","M","M","BOSS","R","M","M","?"],"items_purchased_type":["Card","Card","Card"],"build_version":"2020-12-22","purchased_purges":1,"victory":false,"max_hp_per_floor":[75,75,75,75,75,75,75,75,75,75,75,75,75,75,75,75,75,75,75,75,75,75,75,75,75,75,75,75,75,75,75,75,75,75,75,75,75,75,75],"relic_stats":{"Regal Pillow":0,"Busted Crown":12,"counters":[23,124],"Shuriken":[14],"Nloth\u0027s Gift":14,"Juzu Bracelet":0,"obtain_stats":[{"Potion Belt":0,"hubris:Metronome":10,"Regal Pillow":17,"Thread and Needle":17,"downfall:HeartBlessingGreen":28,"Juzu Bracelet":24,"infinitespire:CheckeredPen":14,"hubris:Towel":19,"Calling Bell":17,"Anchor":7,"hubris:Icosahedron":26,"Busted Crown":34,"Shuriken":17,"hubris:FunFungus":29,"Nloth\u0027s Gift":20,"hermit:Momento":0},{"Potion Belt":0,"hubris:Metronome":6,"Regal Pillow":11,"Thread and Needle":11,"downfall:HeartBlessingGreen":15,"Juzu Bracelet":14,"infinitespire:CheckeredPen":9,"hubris:Towel":11,"Calling Bell":11,"Anchor":4,"hubris:Icosahedron":14,"Busted Crown":19,"Shuriken":11,"hubris:FunFungus":16,"Nloth\u0027s Gift":11,"hermit:Momento":0},{"Potion Belt":0,"hubris:Metronome":22,"Regal Pillow":54,"Thread and Needle":54,"downfall:HeartBlessingGreen":75,"Juzu Bracelet":68,"infinitespire:CheckeredPen":36,"hubris:Towel":54,"Calling Bell":54,"Anchor":13,"hubris:Icosahedron":68,"Busted Crown":101,"Shuriken":54,"hubris:FunFungus":83,"Nloth\u0027s Gift":54,"hermit:Momento":0}]},"card_choices":[{"not_picked":["hermit:Combo","hermit:Manifest"],"picked":"hermit:Feint","floor":2},{"not_picked":["hermit:Brawl","hermit:Virtue"],"picked":"hermit:Vantage","floor":3},{"not_picked":["hermit:Feint","hermit:Quickdraw"],"picked":"hermit:Headshot","floor":4},{"not_picked":["infinitespire:FinalStrike","infinitespire:Execution"],"picked":"infinitespire:SevenWalls","floor":5},{"not_picked":["hermit:Shortfuse","hermit:Manifest"],"picked":"hermit:Feint","floor":6},{"not_picked":["hermit:CalledShot","hermit:ItchyTrigger"],"picked":"hermit:Glare","floor":9},{"not_picked":["hermit:Ricochet","hermit:Roulette"],"picked":"hermit:SprayPray","floor":10},{"not_picked":["hermit:Desperado","hermit:Headshot"],"picked":"hermit:Deadeye","floor":11},{"not_picked":["hermit:Gestalt","hermit:Enervate"],"picked":"hermit:Adapt","floor":13},{"not_picked":["hermit:PistolWhip","hermit:Roughhouse"],"picked":"hermit:GhostlyPresence","floor":14},{"not_picked":["hermit:BodyArmor","hermit:SprayPray"],"picked":"hermit:CalledShot","floor":15},{"not_picked":["hermit:HighNoon","hermit:EternalForm"],"picked":"hermit:HeroicBravado","floor":16},{"not_picked":["hermit:HighCaliber","hermit:Desperado"],"picked":"hermit:Quickdraw","floor":21},{"not_picked":["hermit:Manifest","hermit:OverwhelmingPower"],"picked":"hermit:Gambit","floor":22},{"not_picked":["hermit:CalledShot","hermit:Manifest"],"picked":"hermit:Cheat","floor":23},{"not_picked":["hermit:Adapt","hermit:BodyArmor"],"picked":"hermit:Misfire","floor":27},{"not_picked":["infinitespire:Collect","infinitespire:TheBestDefense"],"picked":"infinitespire:Punishment","floor":29},{"not_picked":["hermit:Showdown","hermit:Deadeye"],"picked":"hermit:WideOpen","floor":29},{"not_picked":["hermit:Adapt","hermit:Headshot","hermit:Manifest"],"picked":"SKIP","floor":31},{"not_picked":["hermit:Glare+1","hermit:FinalCanter","hermit:Coalescence"],"picked":"SKIP","floor":32},{"not_picked":["hermit:Gambit","hermit:HeroicBravado"],"picked":"hermit:HighNoon","floor":33},{"not_picked":["hermit:Snipe"],"picked":"SKIP","floor":36},{"not_picked":[],"picked":"hermit:Dive+1","floor":37}],"player_experience":465125,"relics_obtained":[{"floor":7,"key":"Anchor"},{"floor":10,"key":"hubris:Metronome"},{"floor":14,"key":"infinitespire:CheckeredPen"},{"floor":17,"key":"Regal Pillow"},{"floor":17,"key":"Shuriken"},{"floor":17,"key":"Thread and Needle"},{"floor":24,"key":"Juzu Bracelet"},{"floor":29,"key":"hubris:FunFungus"}],"event_choices":[],"is_beta":false,"boss_relics":[{"not_picked":["Pandora\u0027s Box","hubris:GrandSneckoEye"],"picked":"Calling Bell"},{"not_picked":["conspire:SeveredTorchhead","conspire:RoyalGoblet"],"picked":"Busted Crown"}],"items_purged_floors":[21],"is_endless":true,"potions_floor_spawned":[4,6,10,14,15,16,22,23,27,32,33,36,37],"killed_by":"Nightmare_Alpha","ascension_level":0}}