{"host":"8o45mh5p3pp1o2mi","time":1612052619,"event":{"mods":["BaseMod","Bestiary","Better Match","Better Third Choice","BetterRewards","Dark Map","Downfall","Fox Events","Minty Spire (QoL Compilation)","Rare Cards Sparkle","Relic Stats","Replay The Spire","Shop Mod","Spire Exporter","StSLib","everything is the same but u backflip on backflip"],"gold_per_floor":[113,131,131,131,81,81,81,94,94,119,135,167,167,177,177,281,281,300,275,325,337,12,47,114,114,114],"floor_reached":25,"language":"ENG","playtime":1829,"items_purged":["Strike_G","Defend_G"],"score":300,"play_id":"47b68c79-5426-4485-b285-6d63ae098691","local_time":"20210131002339","is_ascension_mode":true,"campfire_choices":[{"data":"Blade Dance","floor":6,"key":"SMITH"},{"floor":15,"key":"REST"}],"circlet_count":0,"master_deck":["Strike_G+1","Strike_G+1","Strike_G","Defend_G","Defend_G","Defend_G","Defend_G","Survivor","Neutralize+1","Hidden Blade+1","PiercingWail","Well Laid Plans","Blade Dance+1","Accuracy","Toxin Wave","Choke","Sneak Up","After Image","Cloak And Dagger","downfall:Bewildered","Quick Slash+1","Trip","Envenom","Skewer+1"],"relics":["Ring of the Snake","Question Card","MerchantsRug","Torii","BranchBurnRelic","Chameleon Ring","White Beast Statue","SsserpentHead","Busted Crown","sneckomod:BabySnecko","Gremlin Food","Ice Cream"],"acts_visited":["Exordium","TheCity"],"potions_floor_usage":[2,10,16,23],"damage_taken":[{"damage":19,"enemies":"Jaw Worm","floor":1,"turns":7},{"damage":0,"enemies":"Small Slimes","floor":2,"turns":4},{"damage":0,"enemies":"Cultist","floor":8,"turns":3},{"damage":2,"enemies":"Lagavulin","floor":10,"turns":5},{"damage":7,"enemies":"Blue Slaver","floor":11,"turns":2},{"damage":22,"enemies":"Gremlin Nob","floor":12,"turns":5},{"damage":10,"enemies":"Exordium Thugs","floor":14,"turns":3},{"damage":13,"enemies":"Hexaghost","floor":16,"turns":7},{"damage":10,"enemies":"Chosen","floor":18,"turns":5},{"damage":1,"enemies":"Shell Parasite","floor":21,"turns":3},{"damage":11,"enemies":"Replay:Snechameleon","floor":23,"turns":6},{"damage":35,"enemies":"3 Cultists","floor":24,"turns":5},{"damage":42,"enemies":"Slavers","floor":25,"turns":4}],"seed_played":"8703967620748214919","potions_obtained":[{"floor":1,"key":"Adrenaline Potion"},{"floor":2,"key":"SkillPotion"},{"floor":10,"key":"Elixir"},{"floor":11,"key":"Dexterity Potion"},{"floor":14,"key":"hexamod:SoulburnPotion"},{"floor":16,"key":"BlessingOfTheForge"},{"floor":18,"key":"champ:CounterPotion"},{"floor":21,"key":"SkillPotion"},{"floor":23,"key":"sneckomod:MuddlingPotion"},{"floor":24,"key":"Weak Potion"}],"is_trial":false,"path_per_floor":["M","M","?","?","?","R","?","M","T","E","M","E","?","M","R","B",null,"M","?","?","M","$","E","M","E"],"character_chosen":"THE_SILENT","items_purchased":["Hidden Blade","PiercingWail","Question Card","FairyPotion","MerchantsRug","Trip","Gremlin Food"],"campfire_rested":1,"item_purchase_floors":[0,0,0,0,0,22,22],"current_hp_per_floor":[44,44,44,44,44,44,44,53,53,51,44,22,22,12,33,35,61,51,51,51,50,50,39,4,0,0],"gold":114,"neow_bonus":"","is_daily":false,"chose_seed":false,"campfire_upgraded":1,"win_rate":0.0,"timestamp":1612052619,"path_taken":["M","M","?","?","?","R","?","M","T","E","?","E","?","M","R","BOSS","M","?","?","M","$","E","?","E"],"items_purchased_type":["Card","Card","Relic","Potion","Relic","Card","Relic"],"build_version":"2020-12-22","purchased_purges":2,"victory":false,"max_hp_per_floor":[70,70,70,70,70,70,70,70,70,70,70,70,70,70,70,70,70,70,70,70,70,70,70,70,70,70],"relic_stats":{"SsserpentHead":150,"Busted Crown":8,"Torii":33,"counters":[45,191],"Question Card":12,"obtain_stats":[{"TwistedFunnel":20,"Ice Cream":23,"bronze:BronzeCore":0,"Torii":3,"Vajra":25,"Mango":6,"Painkiller Herb":17,"Snake Skull":9,"Juzu Bracelet":11,"Bag of Preparation":43,"Whetstone":12,"Blood Vial":0,"BranchBurnRelic":6,"SsserpentHead":13,"Nunchaku":41,"Chameleon Ring":9,"Strawberry":26,"Philosopher\u0027s Stone":34,"Iron Hammer":23,"InkBottle":42,"Ring of the Snake":7,"Gremlin Food":22,"MerchantsRug":0,"Pear":29,"Replay:Towering Pillar of Hats":0,"Guide Book":5,"Dead Branch":0,"Question Card":0,"White Beast Statue":10,"sneckomod:BabySnecko":20,"Anchor":4,"Busted Crown":17,"foxEvents:LuckyCharm":3,"Membership Card":0,"TungstenRod":0},{"TwistedFunnel":18,"Ice Cream":43,"bronze:BronzeCore":0,"Torii":34,"Vajra":22,"Mango":12,"Painkiller Herb":16,"Snake Skull":13,"Juzu Bracelet":7,"Bag of Preparation":30,"Whetstone":38,"Blood Vial":9,"BranchBurnRelic":34,"SsserpentHead":38,"Nunchaku":29,"Chameleon Ring":35,"Strawberry":22,"Philosopher\u0027s Stone":26,"Iron Hammer":20,"InkBottle":30,"Ring of the Snake":12,"Gremlin Food":42,"MerchantsRug":9,"Pear":24,"Replay:Towering Pillar of Hats":9,"Guide Book":11,"Dead Branch":32,"Question Card":32,"White Beast Statue":36,"sneckomod:BabySnecko":41,"Anchor":11,"Busted Crown":40,"foxEvents:LuckyCharm":2,"Membership Card":9,"TungstenRod":9},{"TwistedFunnel":60,"Ice Cream":182,"bronze:BronzeCore":0,"Torii":143,"Vajra":78,"Mango":34,"Painkiller Herb":52,"Snake Skull":36,"Juzu Bracelet":19,"Bag of Preparation":118,"Whetstone":158,"Blood Vial":25,"BranchBurnRelic":143,"SsserpentHead":158,"Nunchaku":109,"Chameleon Ring":146,"Strawberry":78,"Philosopher\u0027s Stone":99,"Iron Hammer":69,"InkBottle":118,"Ring of the Snake":34,"Gremlin Food":176,"MerchantsRug":25,"Pear":87,"Replay:Towering Pillar of Hats":25,"Guide Book":30,"Dead Branch":132,"Question Card":132,"White Beast Statue":151,"sneckomod:BabySnecko":173,"Anchor":30,"Busted Crown":168,"foxEvents:LuckyCharm":5,"Membership Card":25,"TungstenRod":25}],"Ring of the Snake":[72]},"card_choices":[{"not_picked":["Flechettes","Acrobatics","Expertise"],"picked":"Well Laid Plans","floor":1},{"not_picked":["Sucker Punch","Dagger Throw","Noxious Fumes"],"picked":"Blade Dance","floor":2},{"not_picked":["Deadly Poison","Dash","Dodge and Roll"],"picked":"Accuracy","floor":8},{"not_picked":["Slice","PiercingWail","Dagger Throw","Deadly Poison"],"picked":"SKIP","floor":10},{"not_picked":["Dodge and Roll","Dagger Throw","Grand Finale"],"picked":"Toxin Wave","floor":11},{"not_picked":["Eviscerate","Expertise","Unload"],"picked":"Choke","floor":12},{"not_picked":["Distraction","Backflip","Concentrate"],"picked":"Sneak Up","floor":14},{"not_picked":["Phantasmal Killer","Night Terror","A Thousand Cuts"],"picked":"After Image","floor":16},{"not_picked":["Poisoned Stab+1"],"picked":"Cloak And Dagger","floor":18},{"not_picked":["Noxious Fumes"],"picked":"Quick Slash+1","floor":21},{"not_picked":["Deflect"],"picked":"Envenom","floor":23},{"not_picked":["Dagger Throw"],"picked":"Skewer+1","floor":24}],"player_experience":150774,"relics_obtained":[{"floor":9,"key":"Chameleon Ring"},{"floor":10,"key":"White Beast Statue"},{"floor":12,"key":"Whetstone"},{"floor":23,"key":"Ice Cream"}],"event_choices":[{"damage_healed":0,"gold_gain":0,"player_choice":"Box","damage_taken":0,"relics_obtained":["Torii"],"max_hp_gain":0,"max_hp_loss":0,"event_name":"Big Fish","floor":3,"gold_loss":0,"cards_obtained":["Regret"]},{"cards_removed":["Regret"],"damage_healed":0,"gold_gain":0,"player_choice":"Card Removal","damage_taken":0,"max_hp_gain":0,"max_hp_loss":0,"event_name":"The Cleric","floor":5,"gold_loss":50},{"damage_healed":0,"gold_gain":0,"player_choice":"Upgraded","damage_taken":0,"max_hp_gain":0,"max_hp_loss":0,"event_name":"Upgrade Shrine","floor":7,"gold_loss":0,"cards_upgraded":["Hidden Blade"]},{"damage_healed":0,"gold_gain":0,"player_choice":"Trade","damage_taken":0,"relics_obtained":["SsserpentHead"],"max_hp_gain":0,"max_hp_loss":0,"event_name":"FaceTrader","floor":13,"gold_loss":0},{"cards_removed":["Strike_G"],"damage_healed":0,"gold_gain":0,"player_choice":"Gave Gold","damage_taken":0,"max_hp_gain":0,"max_hp_loss":0,"event_name":"Beggar","floor":19,"gold_loss":75}],"is_beta":false,"boss_relics":[{"not_picked":["ChewingGum","Empty Cage"],"picked":"Busted Crown"}],"items_purged_floors":[0,22],"is_endless":false,"potions_floor_spawned":[1,2,10,11,12,14,16,18,21,23,24],"killed_by":"Slavers","ascension_level":6}}