{"host":"6xsbn6ynqlzwllfm","time":1612112239,"event":{"mods":["2.2 Compatiblity","BaseMod","Bestiary","Colored Map","Colored Powertips","Curses Come First","Highlight Path","Keyboard Shortcuts","Minty Spire (QoL Compilation)","Relic Stats","Slay the Relics Exporter","StSLib","SuperFastMode"],"gold_per_floor":[115,128,128,128,146,146,173,173,218,249,268,298,7,57,57,223,223,267,18,57,92,157,207,271,271,350,375,375,375],"floor_reached":28,"language":"ENG","playtime":968,"items_purged":["Shame"],"score":616,"play_id":"c102f84f-5819-4e87-a38c-000cfa5c7a35","local_time":"20210131115719","is_ascension_mode":true,"campfire_choices":[{"data":"CutThroughFate","floor":6.0,"key":"SMITH"},{"data":"SashWhip","floor":8.0,"key":"SMITH"},{"data":"HandOfGreed","floor":15.0,"key":"SMITH"},{"floor":25.0,"key":"REST"}],"circlet_count":0,"master_deck":["AscendersBane","Strike_P","Strike_P","Strike_P","Strike_P","Defend_P","Defend_P","Defend_P","Defend_P","Eruption","Vigilance","CarveReality+1","Protect","CutThroughFate+1","SashWhip+1","Tantrum","HandOfGreed+1","ThirdEye","Scrawl","Worship","Protect","Evaluate","Worship"],"relics":["Cursed Key","Ancient Tea Set","Toy Ornithopter","Yang","Omamori","Bag of Preparation","VioletLotus","Membership Card","Bag of Marbles","MealTicket","Sundial"],"acts_visited":["Exordium","TheCity"],"potions_floor_usage":[],"damage_taken":[{"damage":0.0,"enemies":"Small Slimes","floor":1.0,"turns":3.0},{"damage":0.0,"enemies":"Jaw Worm","floor":2.0,"turns":2.0},{"damage":8.0,"enemies":"2 Louse","floor":5.0,"turns":2.0},{"damage":30.0,"enemies":"Lagavulin","floor":7.0,"turns":9.0},{"damage":10.0,"enemies":"3 Sentries","floor":10.0,"turns":5.0},{"damage":0.0,"enemies":"Exordium Wildlife","floor":11.0,"turns":1.0},{"damage":0.0,"enemies":"Lagavulin","floor":14.0,"turns":2.0},{"damage":11.0,"enemies":"Slime Boss","floor":16.0,"turns":11.0},{"damage":0.0,"enemies":"Spheric Guardian","floor":18.0,"turns":2.0},{"damage":13.0,"enemies":"Shell Parasite","floor":20.0,"turns":6.0},{"damage":0.0,"enemies":"Snake Plant","floor":21.0,"turns":2.0},{"damage":26.0,"enemies":"Centurion and Healer","floor":22.0,"turns":6.0},{"damage":0.0,"enemies":"Gremlin Leader","floor":23.0,"turns":5.0},{"damage":13.0,"enemies":"Chosen and Byrds","floor":24.0,"turns":6.0},{"damage":0.0,"enemies":"Colosseum Slavers","floor":27.0,"turns":3.0},{"damage":39,"enemies":"Book of Stabbing","floor":28,"turns":5}],"seed_played":"1079796018571704893","potions_obtained":[{"floor":1.0,"key":"Regen Potion"},{"floor":10.0,"key":"Dexterity Potion"},{"floor":14.0,"key":"ColorlessPotion"},{"floor":16.0,"key":"Weak Potion"},{"floor":20.0,"key":"Swift Potion"},{"floor":24.0,"key":"SpeedPotion"}],"is_trial":false,"path_per_floor":["M","M","?","T","M","R","E","R","T","E","M","?","$","E","R","B",null,"M","$","M","M","M","E","M","R","T","?","E"],"character_chosen":"WATCHER","items_purchased":["HandOfGreed","Membership Card","Bag of Marbles"],"campfire_rested":1,"item_purchase_floors":[13,19,19],"current_hp_per_floor":[61,61,61,61,53,53,32,32,32,22,22,22,22,22,22,21,56,56,56,48,53,27,27,14,34,34,39,0,0],"gold":375,"neow_bonus":"BOSS_RELIC","is_daily":false,"chose_seed":false,"campfire_upgraded":3,"win_rate":0.0,"timestamp":1612112239,"path_taken":["M","M","?","?","M","R","E","R","T","E","M","?","$","E","R","BOSS","M","$","M","M","M","E","M","R","T","?","E"],"items_purchased_type":["Card","Relic","Relic"],"build_version":"2020-12-22","purchased_purges":1,"victory":false,"max_hp_per_floor":[68,68,68,68,68,68,68,68,68,68,68,68,68,68,68,68,68,68,68,68,68,68,68,68,68,68,68,68,68],"relic_stats":{"counters":[16,70],"Sundial":[0],"Yang":[97],"MealTicket":0,"VioletLotus":[3],"Bag of Preparation":[18],"Cursed Key":2,"obtain_stats":[{"Sundial":26,"Yang":10,"MealTicket":23,"VioletLotus":17,"Omamori":12,"Bag of Preparation":14,"Bag of Marbles":19,"Membership Card":19,"PureWater":0,"Cursed Key":0,"Ancient Tea Set":7,"Toy Ornithopter":9},{"Sundial":14,"Yang":5,"MealTicket":13,"VioletLotus":8,"Omamori":6,"Bag of Preparation":7,"Bag of Marbles":9,"Membership Card":9,"PureWater":0,"Cursed Key":0,"Ancient Tea Set":4,"Toy Ornithopter":4},{"Sundial":62,"Yang":21,"MealTicket":56,"VioletLotus":35,"Omamori":22,"Bag of Preparation":24,"Bag of Marbles":37,"Membership Card":37,"PureWater":0,"Cursed Key":0,"Ancient Tea Set":16,"Toy Ornithopter":16}],"Toy Ornithopter":25},"card_choices":[{"not_picked":["WreathOfFlame","ThirdEye"],"picked":"CarveReality","floor":1.0},{"not_picked":["Adaptation","FlurryOfBlows"],"picked":"Protect","floor":2.0},{"not_picked":["SashWhip","Adaptation"],"picked":"CutThroughFate","floor":5.0},{"not_picked":["PathToVictory","InnerPeace"],"picked":"SashWhip","floor":7.0},{"not_picked":["Evaluate","ClearTheMind"],"picked":"Tantrum","floor":10.0},{"not_picked":["Alpha","Consecrate"],"picked":"ThirdEye","floor":14.0},{"not_picked":["DeusExMachina","SpiritShield"],"picked":"Scrawl","floor":16.0},{"not_picked":["SashWhip","Pray"],"picked":"Worship","floor":18.0},{"not_picked":["MentalFortress","BattleHymn"],"picked":"Protect","floor":21.0},{"not_picked":["WindmillStrike","Sanctity"],"picked":"Evaluate","floor":22.0},{"not_picked":["Protect","Sanctity"],"picked":"Worship","floor":24.0}],"player_experience":1357539,"relics_obtained":[{"floor":7.0,"key":"Ancient Tea Set"},{"floor":9.0,"key":"Toy Ornithopter"},{"floor":10.0,"key":"Yang"},{"floor":14.0,"key":"Bag of Preparation"},{"floor":23.0,"key":"MealTicket"},{"floor":26.0,"key":"Sundial"}],"event_choices":[{"damage_healed":0.0,"max_hp_gain":0.0,"max_hp_loss":0.0,"gold_gain":0.0,"event_name":"Living Wall","player_choice":"Grow","floor":3.0,"gold_loss":0.0,"damage_taken":0.0,"cards_upgraded":["CarveReality"]},{"damage_healed":0.0,"max_hp_gain":0.0,"max_hp_loss":0.0,"gold_gain":30.0,"event_name":"Dead Adventurer","player_choice":"Searched \u00272\u0027 times","floor":12.0,"gold_loss":0.0,"damage_taken":0.0,"relics_obtained":["Omamori"]},{"damage_healed":0.0,"max_hp_gain":0.0,"max_hp_loss":0.0,"gold_gain":0.0,"event_name":"Colosseum","player_choice":"Fight","floor":27.0,"gold_loss":0.0,"damage_taken":0.0},{"damage_healed":0.0,"max_hp_gain":0.0,"max_hp_loss":0.0,"gold_gain":0.0,"event_name":"Colosseum","player_choice":"Fled From Nobs","floor":27.0,"gold_loss":0.0,"damage_taken":0.0}],"is_beta":false,"boss_relics":[{"not_picked":["Coffee Dripper","Snecko Eye"],"picked":"VioletLotus"}],"items_purged_floors":[13],"is_endless":false,"potions_floor_spawned":[1,10,14,16,18,20,24,27],"killed_by":"Book of Stabbing","ascension_level":20}}