{"host":"sckme7d1fomdxamv","time":1612086845,"event":{"mods":["Act Like it!","BaseMod","Downfall","Friendly Minions","Gensokyo","Kiyohime（清姬）","Marisa（F雨　魔理沙）","Minty Spire (QoL Compilation)","READ ME - Guardian Mod","Rare Cards Sparkle","Remilia（蕾米莉亚）","Replay The Spire","Shop Mod","StSLib","The Bug Knight","The Hierophant","The Servant 0.9.4"],"gold_per_floor":[118,118,118,138,141,141,66,85,110,129,129,160,160,160,160,255,255,270,185,185,204,242,242,277,277,350,449,449,449,469,485,485,581,581,593,593,8,8,27,44,64,0,0,48,48,59,59,69,69,69,69],"floor_reached":50,"language":"ZHS","playtime":8200,"items_purged":["ReplayTheSpireMod:Splinters"],"score":483,"play_id":"367bd851-da67-4895-a769-608d8bf0d5a7","local_time":"20210131175405","is_ascension_mode":false,"campfire_choices":[{"data":"HollowMod:DescendingDark","floor":6.0,"key":"SMITH"},{"floor":13.0,"key":"REST"},{"data":"HollowMod:MonarchWings","floor":15.0,"key":"SMITH"},{"data":"HollowMod:HuntersJournal","floor":23.0,"key":"SMITH"},{"floor":25.0,"key":"REST"},{"data":"HollowMod:VengefulVoid","floor":47,"key":"SMITH"},{"floor":49,"key":"RECALL"}],"circlet_count":0,"master_deck":["HollowMod:NailStrikeStart","HollowMod:NailStrikeStart+1","HollowMod:NailStrikeStart","HollowMod:NailStrikeStart","HollowMod:QuickDashStart","HollowMod:QuickDashStart","HollowMod:QuickDashStart","HollowMod:QuickDashStart+1","HollowMod:FocusHealStart","HollowMod:PogoStrike+1","HollowMod:NewGlowingWomb+1","HollowMod:DescendingDark+1","HollowMod:SiblingsShadow+1","HollowMod:CloakDash+1","HollowMod:FastStrike","HollowMod:MonarchWings+1","HollowMod:LifebloodCore+1","HollowMod:HuntersJournal+1","HollowMod:AbyssShriek","HollowMod:ShadowDash+1","HollowMod:VengefulVoid+1","HollowMod:NewLittleFool+1","HollowMod:MonarchWings+1","HollowMod:LifebloodCore","HollowMod:DoubleDash","HollowMod:RecoilStrike+1","HollowMod:SiblingsShadow+1","HollowMod:HeavyBlow","Gensokyo:AllTheWorldsEvil","HollowMod:CloakDash+1","HollowMod:HeavyBlow+1","HollowMod:DashSlash"],"relics":["Philosopher\u0027s Stone","ReplayTheSpireMod:CursedCoin","Juzu Bracelet","ScarletDevilRocket","Cursed Key","Sundial","Enchiridion","Incense Burner","Pocketwatch","Garlic","Honey Jar","Guide Book","Divine Protection","Ring of Panic","Red Mask","Boot","CatCart"],"acts_visited":["Exordium","TheCity","TheBeyond"],"potions_floor_usage":[41,44,44],"damage_taken":[{"damage":0.0,"enemies":"Jaw Worm","floor":1.0,"turns":3.0},{"damage":5.0,"enemies":"2 Louse","floor":4.0,"turns":2.0},{"damage":0.0,"enemies":"Small Slimes","floor":8.0,"turns":2.0},{"damage":0.0,"enemies":"Exordium Wildlife","floor":10.0,"turns":3.0},{"damage":27.0,"enemies":"3 Sentries","floor":12.0,"turns":4.0},{"damage":36.0,"enemies":"The Guardian","floor":16.0,"turns":9.0},{"damage":0.0,"enemies":"3 Byrds","floor":18.0,"turns":3.0},{"damage":12.0,"enemies":"2 Thieves","floor":21.0,"turns":3.0},{"damage":24.0,"enemies":"Book of Stabbing","floor":24.0,"turns":4.0},{"damage":0.0,"enemies":"Sentry and Sphere","floor":30.0,"turns":1.0},{"damage":0.0,"enemies":"Snecko","floor":31.0,"turns":3.0},{"damage":13.0,"enemies":"HollowMod:NKGrimm","floor":33.0,"turns":11.0},{"damage":0,"enemies":"Orb Walker","floor":35,"turns":2},{"damage":0,"enemies":"3 Shapes","floor":39,"turns":2},{"damage":0,"enemies":"Sphere and 2 Shapes","floor":40,"turns":3},{"damage":9,"enemies":"Jaw Worm Horde","floor":41,"turns":4},{"damage":0,"enemies":"Orin","floor":44,"turns":12},{"damage":10,"enemies":"HollowMod:SlobberingHusk","floor":46,"turns":7},{"damage":0,"enemies":"Spire Growth","floor":48,"turns":3},{"damage":116,"enemies":"Replay:Hell Engine","floor":50,"turns":11}],"seed_played":"-7877773164723772470","potions_obtained":[{"floor":4.0,"key":"LiquidBronze"},{"floor":10.0,"key":"BlessingOfTheForge"},{"floor":18.0,"key":"Milkshake"},{"floor":21.0,"key":"LifebloodPotion"},{"floor":30.0,"key":"Reflective Coating"},{"floor":40,"key":"Strength Potion"},{"floor":41,"key":"bronze:BurnAndBuffPotion"},{"floor":46,"key":"FearPotion"}],"is_trial":false,"path_per_floor":["M","?","?","M","$","R","?","M","T","M","$","E","R","T","R","B",null,"M","?","?","M","?","R","E","R","T","?","?","?","M","M","R","B",null,"M","?","$","?","M","M","M","?","T","?","?","M","R","M","R","B"],"character_chosen":"THE_BUGKNIGHT","items_purchased":["ReplayTheSpireMod:CursedCoin","HollowMod:SiblingsShadow","Guide Book","HollowMod:LifebloodCore","Divine Protection","HollowMod:DoubleDash"],"campfire_rested":2,"item_purchase_floors":[5,5,37,37,37,37],"current_hp_per_floor":[75,75,60,55,55,55,60,60,60,60,60,33,57,57,57,21,80,80,80,64,52,52,52,28,52,52,52,52,52,52,52,76,63,80,80,80,80,80,80,80,71,71,71,71,71,61,61,61,61,0,0],"gold":69,"neow_bonus":"BOSS_RELIC","is_daily":false,"chose_seed":false,"campfire_upgraded":4,"win_rate":0.0,"timestamp":1612086845,"path_taken":["M","?","?","M","?","R","?","M","T","M","$","E","R","?","R","BOSS","M","?","?","M","?","R","E","R","T","?","?","?","M","M","R","BOSS","M","?","?","?","M","M","M","?","T","?","?","M","R","M","R","BOSS"],"items_purchased_type":["Relic","Card","Relic","Card","Relic","Card"],"build_version":"2020-12-22","purchased_purges":1,"victory":false,"max_hp_per_floor":[75,75,75,75,75,75,80,80,80,80,80,80,80,80,80,80,80,80,80,80,80,80,80,80,80,80,80,80,80,80,80,80,80,80,80,80,80,80,80,80,80,80,80,80,80,80,80,80,80,80,80],"card_choices":[{"not_picked":["HollowMod:SoulSplash","HollowMod:GoodIntentions"],"picked":"HollowMod:NewGlowingWomb","floor":1.0},{"not_picked":["HollowMod:InfectedCysts","HollowMod:ChannelNail"],"picked":"HollowMod:DescendingDark","floor":4.0},{"not_picked":["HollowMod:NewJinnsSoul","HollowMod:GoodIntentions"],"picked":"HollowMod:CloakDash","floor":8.0},{"not_picked":["HollowMod:Weaversong","HollowMod:DreamGate"],"picked":"HollowMod:FastStrike","floor":10.0},{"not_picked":["HollowMod:WraithStrike","HollowMod:MonomonsArchive"],"picked":"HollowMod:MonarchWings","floor":12.0},{"not_picked":["HollowMod:AwokenDreamNail","HollowMod:ElderbugsWisdom"],"picked":"HollowMod:LifebloodCore","floor":16.0},{"not_picked":["HollowMod:CoiledNail","HollowMod:CloakDash+1"],"picked":"HollowMod:HuntersJournal","floor":18.0},{"not_picked":["HollowMod:Grubsong+1","HollowMod:LuriensSpire"],"picked":"HollowMod:AbyssShriek","floor":21.0},{"not_picked":["HollowMod:SoulSplash","HollowMod:NewLittleFool+1"],"picked":"HollowMod:ShadowDash+1","floor":22.0},{"not_picked":["HollowMod:ChannelNail","HollowMod:SoulEater","HollowMod:TaintedHusks"],"picked":"SKIP","floor":24.0},{"not_picked":["HollowMod:MothsMistake+1","HollowMod:CloakDash"],"picked":"HollowMod:VengefulVoid","floor":30.0},{"not_picked":["HollowMod:SoulShaman+1","HollowMod:AwokenDreamNail","HollowMod:InfectedCysts"],"picked":"SKIP","floor":31.0},{"not_picked":["HollowMod:LifebloodCocoon","HollowMod:GoodIntentions","HollowMod:MawleksShell"],"picked":"HollowMod:NewLittleFool+1","floor":35},{"not_picked":["HollowMod:MonarchWings","HollowMod:VengefulVoid","HollowMod:LifebloodCocoon"],"picked":"HollowMod:RecoilStrike+1","floor":39},{"not_picked":["HollowMod:LifebloodCocoon+1","HollowMod:WraithStrike","HollowMod:InfectedCysts+1"],"picked":"HollowMod:SiblingsShadow+1","floor":40},{"not_picked":["HollowMod:SoulSplash+1","HollowMod:SharpenedNail","HollowMod:NewJinnsSoul+1"],"picked":"HollowMod:HeavyBlow","floor":41},{"not_picked":["HollowMod:PureNailStrike","HollowMod:WraithStrike","HollowMod:MonarchWings"],"picked":"HollowMod:CloakDash+1","floor":44},{"not_picked":["HollowMod:HerrahsAnger","HollowMod:CloakDash+1","HollowMod:DoubleDash"],"picked":"HollowMod:HeavyBlow+1","floor":46},{"not_picked":["HollowMod:GoodIntentions","HollowMod:CrystalDash","HollowMod:ChannelNail+1"],"picked":"HollowMod:DashSlash","floor":48}],"player_experience":246211,"relics_obtained":[{"floor":9.0,"key":"Juzu Bracelet"},{"floor":12.0,"key":"ScarletDevilRocket"},{"floor":20.0,"key":"Enchiridion"},{"floor":22.0,"key":"Incense Burner"},{"floor":24.0,"key":"Pocketwatch"},{"floor":26.0,"key":"Garlic"},{"floor":38,"key":"Ring of Panic"},{"floor":43,"key":"Boot"},{"floor":44,"key":"CatCart"}],"event_choices":[{"damage_healed":0.0,"max_hp_gain":0.0,"max_hp_loss":0.0,"gold_gain":0.0,"event_name":"Shining Light","player_choice":"Entered Light","floor":3.0,"gold_loss":0.0,"damage_taken":15.0,"cards_upgraded":["HollowMod:QuickDashStart","HollowMod:PogoStrike"]},{"damage_healed":0.0,"max_hp_gain":0.0,"max_hp_loss":0.0,"gold_gain":0.0,"event_name":"Addict","player_choice":"Obtained Relic","floor":19.0,"gold_loss":85.0,"damage_taken":0.0,"relics_obtained":["Sundial"]},{"damage_healed":0.0,"max_hp_gain":0.0,"max_hp_loss":0.0,"gold_gain":0.0,"event_name":"Cursed Tome","player_choice":"Obtained Book","floor":20.0,"gold_loss":0.0,"damage_taken":16.0},{"damage_healed":0.0,"max_hp_gain":0.0,"max_hp_loss":0.0,"gold_gain":99.0,"event_name":"Nest","player_choice":"Stole From Cult","floor":27.0,"gold_loss":0.0,"damage_taken":0.0},{"cards_removed":["Shame"],"damage_healed":0.0,"max_hp_gain":0.0,"max_hp_loss":0.0,"gold_gain":0.0,"event_name":"Purifier","player_choice":"Purged","floor":28.0,"gold_loss":0.0,"damage_taken":0.0},{"damage_healed":0,"gold_gain":0,"player_choice":"Copied","damage_taken":0,"max_hp_gain":0,"max_hp_loss":0,"event_name":"Duplicator","floor":36,"gold_loss":0,"cards_obtained":["HollowMod:MonarchWings"]},{"damage_healed":0,"gold_gain":0,"player_choice":"Paid","damage_taken":0,"relics_obtained":["Red Mask"],"max_hp_gain":0,"max_hp_loss":0,"event_name":"Tomb of Lord Red Mask","floor":42,"gold_loss":64},{"damage_healed":0,"gold_gain":0,"player_choice":"Fight","damage_taken":0,"max_hp_gain":0,"max_hp_loss":0,"event_name":"OrinTheCat","floor":44,"gold_loss":0},{"damage_healed":0,"gold_gain":0,"player_choice":"Forge","damage_taken":0,"max_hp_gain":0,"max_hp_loss":0,"event_name":"Accursed Blacksmith","floor":45,"gold_loss":0,"cards_upgraded":["HollowMod:SiblingsShadow"]}],"is_beta":false,"boss_relics":[{"not_picked":["Sozu","HollowMod:KingsSoulRelic"],"picked":"Cursed Key"},{"not_picked":["Kintsugi","SacredBark"],"picked":"Honey Jar"}],"items_purged_floors":[5],"is_endless":false,"potions_floor_spawned":[4,10,18,21,30,40,41,46],"killed_by":"Replay:Hell Engine","ascension_level":0}}