{"host":"06e3yyzgn8o619wl","time":1612097788,"event":{"mods":["BaseMod","Block Reminder","Colored Map","Colored Powertips","DeckTracker","Minty Spire (QoL Compilation)","Permanent Neow","Relic Stats","StSLib"],"gold_per_floor":[114,125,17,33,33,33,62,62,85,112,147,159,196,218,239,362,374,406,444,456,496,23,23,54,76,102,102,125,50,50,73,73,170,170,191,203,222,122,181,190,208,208,208,218,247,247,247,122,122,122,122],"floor_reached":50,"language":"JPN","playtime":3685,"items_purged":["Strike_P","Defend_P","Consecrate"],"score":709,"play_id":"89788543-3193-431a-a641-c50615962cf0","local_time":"20210131215628","is_ascension_mode":true,"campfire_choices":[{"data":"TalkToTheHand","floor":6,"key":"SMITH"},{"data":"Vigilance","floor":8,"key":"SMITH"},{"floor":15,"key":"REST"},{"floor":23,"key":"REST"},{"floor":30,"key":"REST"},{"floor":32,"key":"REST"},{"floor":40,"key":"REST"},{"data":"Tantrum","floor":42,"key":"SMITH"},{"floor":47,"key":"REST"},{"floor":49,"key":"REST"}],"circlet_count":0,"master_deck":["Defend_P+1","Defend_P","Eruption","Vigilance+1","TalkToTheHand+1","Tantrum+1","BattleHymn+1","MentalFortress","EmptyFist","ThirdEye","Evaluate","ClearTheMind+1","ThirdEye","Devotion","CutThroughFate","CrushJoints+1","Adaptation","Protect","LikeWater","DeceiveReality+1","TalkToTheHand","Protect+1","Madness","Madness"],"relics":["Velvet Choker","Dream Catcher","CeramicFish","MawBank","Juzu Bracelet","Empty Cage","War Paint","HornCleat","Akabeko","Strawberry","Pen Nib","Sozu","Prayer Wheel","White Beast Statue","Ancient Tea Set"],"acts_visited":["Exordium","TheCity","TheBeyond"],"potions_floor_usage":[11,24,33,37],"damage_taken":[{"damage":3,"enemies":"Small Slimes","floor":1,"turns":3},{"damage":0,"enemies":"Cultist","floor":2,"turns":2},{"damage":0,"enemies":"Jaw Worm","floor":4,"turns":3},{"damage":15,"enemies":"Gremlin Nob","floor":7,"turns":3},{"damage":27,"enemies":"Gremlin Gang","floor":10,"turns":3},{"damage":0,"enemies":"Lagavulin","floor":11,"turns":4},{"damage":0,"enemies":"Blue Slaver","floor":13,"turns":3},{"damage":0,"enemies":"Exordium Wildlife","floor":14,"turns":3},{"damage":7,"enemies":"Hexaghost","floor":16,"turns":7},{"damage":18,"enemies":"3 Byrds","floor":18,"turns":5},{"damage":13,"enemies":"2 Thieves","floor":19,"turns":4},{"damage":0,"enemies":"Cultist and Chosen","floor":21,"turns":6},{"damage":26,"enemies":"Slavers","floor":24,"turns":4},{"damage":12,"enemies":"Snake Plant","floor":25,"turns":5},{"damage":7,"enemies":"Centurion and Healer","floor":31,"turns":4},{"damage":10,"enemies":"Automaton","floor":33,"turns":10},{"damage":6,"enemies":"3 Shapes","floor":35,"turns":3},{"damage":0,"enemies":"Orb Walker","floor":36,"turns":3},{"damage":15,"enemies":"Sphere and 2 Shapes","floor":37,"turns":7},{"damage":0,"enemies":"Mind Bloom Boss Battle","floor":39,"turns":5},{"damage":12,"enemies":"Transient","floor":44,"turns":5},{"damage":43,"enemies":"Reptomancer","floor":45,"turns":6},{"damage":77,"enemies":"Awakened One","floor":50,"turns":4}],"seed_played":"8359442018148005056","potions_obtained":[{"floor":1,"key":"SpeedPotion"},{"floor":2,"key":"Strength Potion"},{"floor":4,"key":"FearPotion"},{"floor":11,"key":"Swift Potion"},{"floor":16,"key":"Fire Potion"},{"floor":24,"key":"DuplicationPotion"}],"is_trial":false,"path_per_floor":["M","M","$","M","?","R","E","R","T","M","E","?","M","M","R","B",null,"M","M","?","M","$","R","E","M","T","?","T","?","R","M","R","B",null,"M","M","M","$","?","R","?","R","T","M","E","?","R","$","R","B"],"character_chosen":"WATCHER","items_purchased":["Tantrum","BattleHymn","War Paint","HornCleat"],"campfire_rested":7,"item_purchase_floors":[3,3,22,22],"current_hp_per_floor":[62,62,62,62,62,62,47,47,47,20,20,20,20,20,41,34,63,45,32,32,32,32,53,27,15,22,7,7,7,32,25,50,40,73,67,67,52,52,52,77,66,66,66,54,11,11,36,36,61,0,0],"gold":122,"neow_bonus":"BOSS_RELIC","is_daily":false,"chose_seed":false,"campfire_upgraded":3,"win_rate":0.0,"timestamp":1612097788,"path_taken":["M","M","$","M","?","R","E","R","T","?","E","?","M","M","R","BOSS","M","M","?","M","$","R","E","M","T","?","?","?","R","M","R","BOSS","M","M","M","$","?","R","?","R","T","M","E","?","R","$","R","BOSS"],"items_purchased_type":["Card","Card","Relic","Relic"],"build_version":"2020-12-22","purchased_purges":3,"victory":false,"max_hp_per_floor":[72,72,72,72,72,72,72,72,72,72,72,72,72,72,72,72,72,72,72,72,72,72,72,72,72,79,84,84,84,84,84,84,84,84,84,84,84,84,84,84,84,84,84,84,84,84,84,84,84,84,84],"relic_stats":{"Sozu":3,"Dream Catcher":7,"counters":[23,102],"CeramicFish":135,"Prayer Wheel":1,"Pen Nib":[10],"Juzu Bracelet":2,"War Paint":["Defend_P","ClearTheMind"],"MawBank":132,"obtain_stats":[{"CeramicFish":9,"Velvet Choker":0,"Pen Nib":28,"Juzu Bracelet":12,"War Paint":22,"MawBank":11,"Empty Cage":17,"Ancient Tea Set":45,"Akabeko":24,"White Beast Statue":43,"Sozu":34,"Dream Catcher":7,"HornCleat":22,"Strawberry":26,"Prayer Wheel":39,"PureWater":0},{"CeramicFish":4,"Velvet Choker":0,"Pen Nib":14,"Juzu Bracelet":6,"War Paint":12,"MawBank":6,"Empty Cage":9,"Ancient Tea Set":22,"Akabeko":13,"White Beast Statue":20,"Sozu":16,"Dream Catcher":4,"HornCleat":12,"Strawberry":14,"Prayer Wheel":20,"PureWater":0},{"CeramicFish":11,"Velvet Choker":0,"Pen Nib":55,"Juzu Bracelet":18,"War Paint":46,"MawBank":18,"Empty Cage":31,"Ancient Tea Set":98,"Akabeko":50,"White Beast Statue":87,"Sozu":69,"Dream Catcher":11,"HornCleat":46,"Strawberry":55,"Prayer Wheel":87,"PureWater":0}]},"card_choices":[{"not_picked":["Vengeance","Weave"],"picked":"Consecrate","floor":1},{"not_picked":["JustLucky","SignatureMove"],"picked":"TalkToTheHand","floor":2},{"not_picked":["FlyingSleeves","Devotion"],"picked":"MentalFortress","floor":4},{"not_picked":["PathToVictory","FollowUp"],"picked":"EmptyFist","floor":7},{"not_picked":["Conclude","Evaluate"],"picked":"ThirdEye","floor":10},{"not_picked":["CutThroughFate","JustLucky"],"picked":"Evaluate","floor":11},{"not_picked":["FlyingSleeves","Halt"],"picked":"ClearTheMind","floor":13},{"not_picked":["Pray","Halt","EmptyMind"],"picked":"SKIP","floor":14},{"not_picked":["SashWhip","Devotion"],"picked":"ThirdEye","floor":15},{"not_picked":["Vault","DevaForm"],"picked":"Devotion","floor":16},{"not_picked":["JustLucky","CrushJoints"],"picked":"CutThroughFate","floor":18},{"not_picked":["PathToVictory","Crescendo+1"],"picked":"CrushJoints+1","floor":19},{"not_picked":["Alpha","Evaluate"],"picked":"Adaptation","floor":21},{"not_picked":["Alpha","ThirdEye","EmptyBody+1"],"picked":"SKIP","floor":24},{"not_picked":["SashWhip","FlurryOfBlows"],"picked":"Protect","floor":25},{"not_picked":["ClearTheMind","Evaluate+1"],"picked":"LikeWater","floor":31},{"not_picked":["Protect+1","Meditate+1"],"picked":"DeceiveReality+1","floor":35},{"not_picked":["EmptyMind+1","WreathOfFlame","BowlingBash+1"],"picked":"SKIP","floor":36},{"not_picked":["FlyingSleeves","FlurryOfBlows+1","ThirdEye+1"],"picked":"SKIP","floor":37},{"not_picked":["ThirdEye+1","JustLucky+1"],"picked":"TalkToTheHand","floor":39},{"not_picked":["CutThroughFate","Tantrum"],"picked":"Protect+1","floor":40},{"not_picked":["Consecrate","CutThroughFate","PathToVictory"],"picked":"SKIP","floor":44},{"not_picked":["Establishment","SignatureMove+1","JustLucky+1"],"picked":"SKIP","floor":44},{"not_picked":["Tantrum+1","FlurryOfBlows+1","SpiritShield"],"picked":"SKIP","floor":45}],"player_experience":134247,"relics_obtained":[{"floor":7,"key":"Dream Catcher"},{"floor":9,"key":"CeramicFish"},{"floor":11,"key":"MawBank"},{"floor":24,"key":"Akabeko"},{"floor":26,"key":"Strawberry"},{"floor":28,"key":"Pen Nib"},{"floor":39,"key":"Prayer Wheel"},{"floor":43,"key":"White Beast Statue"},{"floor":45,"key":"Ancient Tea Set"}],"event_choices":[{"damage_healed":0,"gold_gain":0,"player_choice":"Forge","damage_taken":0,"max_hp_gain":0,"max_hp_loss":0,"event_name":"Accursed Blacksmith","floor":5,"gold_loss":0,"cards_upgraded":["BattleHymn"]},{"damage_healed":0,"gold_gain":0,"player_choice":"Gave Potion","damage_taken":0,"relics_obtained":["Juzu Bracelet"],"max_hp_gain":0,"max_hp_loss":0,"event_name":"WeMeetAgain","floor":12,"gold_loss":0},{"cards_removed":["Strike_P"],"damage_healed":0,"gold_gain":0,"player_choice":"Elegance","damage_taken":0,"max_hp_gain":0,"max_hp_loss":0,"event_name":"Back to Basics","floor":20,"gold_loss":0},{"damage_healed":0,"gold_gain":0,"player_choice":"Shed Blood","damage_taken":20,"max_hp_gain":5,"max_hp_loss":0,"event_name":"Forgotten Altar","floor":27,"gold_loss":0},{"cards_removed":["Defend_P"],"damage_healed":0,"gold_gain":0,"player_choice":"Gave Gold","damage_taken":0,"max_hp_gain":0,"max_hp_loss":0,"event_name":"Beggar","floor":29,"gold_loss":75},{"damage_healed":0,"gold_gain":0,"player_choice":"Fight","damage_taken":0,"max_hp_gain":0,"max_hp_loss":0,"event_name":"MindBloom","floor":39,"gold_loss":0},{"damage_healed":0,"gold_gain":0,"player_choice":"Embrace Madness","damage_taken":11,"max_hp_gain":0,"max_hp_loss":0,"event_name":"Winding Halls","floor":41,"gold_loss":0,"cards_obtained":["Madness","Madness"]},{"damage_healed":0,"gold_gain":0,"player_choice":"Ignored","damage_taken":0,"max_hp_gain":0,"max_hp_loss":0,"event_name":"Mysterious Sphere","floor":46,"gold_loss":0}],"is_beta":false,"boss_relics":[{"not_picked":["Runic Dome","Cursed Key"],"picked":"Empty Cage"},{"not_picked":["Calling Bell","Runic Pyramid"],"picked":"Sozu"}],"items_purged_floors":[22,38,48],"is_endless":false,"potions_floor_spawned":[1,2,4,11,16,24,31,36,44,45],"killed_by":"Awakened One","ascension_level":7}}