{"host":"syozzdlzcqop4jia","time":1612127977,"event":{"mods":["BaseMod","Colored Map","Colored Powertips","Minty Spire (QoL Compilation)","Quick Restart"],"gold_per_floor":[111,129,129,142,161,161,196,196,223,278,218,218,237,264,264,371,371,400,438,461,560,144,144,164,164,164,199,224,251,251,276,285,285,285],"floor_reached":33,"language":"ENG","playtime":1611,"items_purged":["Strike_R"],"score":330,"play_id":"de85d99d-19a3-4349-9f37-4ad6dd4d2006","local_time":"20210131221937","is_ascension_mode":true,"campfire_choices":[{"floor":6,"key":"REST"},{"floor":8,"key":"REST"},{"floor":15,"key":"REST"},{"floor":23,"key":"REST"},{"floor":25,"key":"REST"},{"floor":32,"key":"REST"}],"circlet_count":0,"master_deck":["Strike_R+1","Strike_R+1","Strike_R+1","Strike_R+1","Defend_R+1","Defend_R+1","Defend_R+1","Defend_R+1","Bash","Pommel Strike+1","Perfected Strike","Hemokinesis","Flame Barrier","Sword Boomerang","Pommel Strike","Rampage","Carnage","Pummel","Demon Form","Pommel Strike","Pummel","Flex","Perfected Strike","Flame Barrier","Heavy Blade","Headbutt+1","Iron Wave","Body Slam+1"],"relics":["Burning Blood","Pen Nib","MawBank","CeramicFish","Black Star","Red Mask","Sundial","Singing Bowl","Shuriken","Smiling Mask","Dream Catcher","Blood Vial"],"acts_visited":["Exordium","TheCity"],"potions_floor_usage":[10,19,27],"damage_taken":[{"damage":4,"enemies":"Small Slimes","floor":1,"turns":3},{"damage":0,"enemies":"2 Louse","floor":2,"turns":2},{"damage":12,"enemies":"Jaw Worm","floor":4,"turns":2},{"damage":22,"enemies":"Large Slime","floor":5,"turns":3},{"damage":46,"enemies":"3 Sentries","floor":7,"turns":7},{"damage":30,"enemies":"Lagavulin","floor":10,"turns":5},{"damage":5,"enemies":"3 Louse","floor":13,"turns":3},{"damage":11,"enemies":"Blue Slaver","floor":14,"turns":3},{"damage":54,"enemies":"Hexaghost","floor":16,"turns":9},{"damage":53,"enemies":"Shell Parasite","floor":18,"turns":6},{"damage":9,"enemies":"Masked Bandits","floor":19,"turns":3},{"damage":24,"enemies":"2 Thieves","floor":20,"turns":4},{"damage":5,"enemies":"Snecko","floor":24,"turns":3},{"damage":61,"enemies":"Book of Stabbing","floor":27,"turns":5},{"damage":6,"enemies":"Chosen and Byrds","floor":28,"turns":5},{"damage":63,"enemies":"Collector","floor":33,"turns":3}],"seed_played":"-6107966330574905233","potions_obtained":[{"floor":4,"key":"EssenceOfSteel"},{"floor":5,"key":"LiquidMemories"},{"floor":14,"key":"SpeedPotion"},{"floor":16,"key":"DistilledChaos"},{"floor":18,"key":"Fire Potion"},{"floor":24,"key":"SteroidPotion"},{"floor":28,"key":"Dexterity Potion"}],"is_trial":false,"path_per_floor":["M","M","?","M","M","R","E","R","T","E","$","?","M","M","R","B",null,"M","?","M","?","$","R","M","R","T","E","M","T","?","T","R","B"],"character_chosen":"IRONCLAD","items_purchased":["Rampage","Sundial","Perfected Strike","Flame Barrier"],"campfire_rested":6,"item_purchase_floors":[11,22,22,22],"current_hp_per_floor":[88,88,70,64,48,74,34,60,60,36,36,36,37,32,58,10,88,41,38,20,20,20,46,47,73,73,18,18,18,18,18,44,0,0],"gold":285,"neow_bonus":"TEN_PERCENT_HP_BONUS","is_daily":false,"chose_seed":false,"campfire_upgraded":0,"win_rate":0.0,"timestamp":1612127977,"path_taken":["M","M","?","M","M","R","E","R","T","E","$","?","M","M","R","BOSS","M","?","M","?","$","R","M","R","T","E","M","?","?","?","R","BOSS"],"items_purchased_type":["Card","Relic","Card","Card"],"build_version":"2020-12-22","purchased_purges":1,"victory":false,"max_hp_per_floor":[88,88,88,88,88,88,88,88,88,88,88,88,88,88,88,88,88,88,88,88,88,88,88,88,88,88,88,88,88,88,88,88,88,88],"card_choices":[{"not_picked":["True Grit","Iron Wave"],"picked":"Pommel Strike","floor":1},{"not_picked":["Sword Boomerang","Twin Strike"],"picked":"Perfected Strike","floor":2},{"not_picked":["Metallicize","Barricade"],"picked":"Hemokinesis","floor":4},{"not_picked":["Iron Wave","Clothesline"],"picked":"Flame Barrier","floor":5},{"not_picked":["Clothesline","Havoc"],"picked":"Sword Boomerang","floor":7},{"not_picked":["Berserk","Headbutt"],"picked":"Pommel Strike","floor":10},{"not_picked":["Dark Embrace","Second Wind"],"picked":"Carnage","floor":13},{"not_picked":["Combust","Warcry"],"picked":"Pummel","floor":14},{"not_picked":["Offering","Berserk"],"picked":"Demon Form","floor":16},{"not_picked":["Wild Strike","Twin Strike"],"picked":"Pommel Strike","floor":18},{"not_picked":["Armaments+1","Havoc+1"],"picked":"Pummel","floor":19},{"not_picked":["Heavy Blade","Feel No Pain"],"picked":"Flex","floor":20},{"not_picked":["Body Slam+1","Bludgeon"],"picked":"Heavy Blade","floor":24},{"not_picked":["Pommel Strike","Reckless Charge+1"],"picked":"Headbutt+1","floor":27},{"not_picked":["Combust","Clash"],"picked":"Iron Wave","floor":28},{"not_picked":["Iron Wave","Bloodletting"],"picked":"Body Slam+1","floor":32}],"player_experience":483150,"relics_obtained":[{"floor":7,"key":"Pen Nib"},{"floor":9,"key":"MawBank"},{"floor":10,"key":"CeramicFish"},{"floor":19,"key":"Red Mask"},{"floor":26,"key":"Singing Bowl"},{"floor":27,"key":"Shuriken"},{"floor":27,"key":"Smiling Mask"},{"floor":29,"key":"Dream Catcher"},{"floor":31,"key":"Blood Vial"}],"event_choices":[{"damage_healed":0,"gold_gain":0,"player_choice":"Entered Light","damage_taken":18,"max_hp_gain":0,"max_hp_loss":0,"event_name":"Shining Light","floor":3,"gold_loss":0,"cards_upgraded":["Pommel Strike","Strike_R"]},{"damage_healed":0,"gold_gain":0,"player_choice":"Ignored","damage_taken":0,"max_hp_gain":0,"max_hp_loss":0,"event_name":"Liars Game","floor":12,"gold_loss":0},{"damage_healed":0,"gold_gain":0,"player_choice":"Fought Bandits","damage_taken":0,"max_hp_gain":0,"max_hp_loss":0,"event_name":"Masked Bandits","floor":19,"gold_loss":0},{"damage_healed":0,"gold_gain":99,"player_choice":"Stole From Cult","damage_taken":0,"max_hp_gain":0,"max_hp_loss":0,"event_name":"Nest","floor":21,"gold_loss":0},{"damage_healed":0,"gold_gain":0,"player_choice":"Simplicity","damage_taken":0,"max_hp_gain":0,"max_hp_loss":0,"event_name":"Back to Basics","floor":30,"gold_loss":0,"cards_upgraded":["Strike_R","Strike_R","Strike_R","Defend_R","Defend_R","Defend_R","Defend_R"]}],"is_beta":false,"boss_relics":[{"not_picked":["Astrolabe","SacredBark"],"picked":"Black Star"}],"items_purged_floors":[22],"is_endless":false,"potions_floor_spawned":[4,5,14,16,18,24,28],"killed_by":"Collector","ascension_level":4}}