{"host":"kzpuingyul43kz0j","time":1612110410,"event":{"mods":["2.2 Compatiblity","BaseMod","Bestiary","Better Skull","BetterRewards","Colored Map","Colored Powertips","Curses Come First","Displayed Cursed Tome","Gold Saver","Highlight Path","Keyboard Shortcuts","Minty Spire (QoL Compilation)","Relic Stats","Remove Card Discount Mod","StSLib","Uncapped"],"gold_per_floor":[115,135,148,163,179,179,205,205,205,205,219,244,288,288,288,419,419,434,452,475,85,85,116,116,150,150,150,73,92,135,158,158,279,279,298,298,26,359,377,406,432,494,506,518,544,570,157,167,167,167,167,167,17,50,50,50],"floor_reached":55,"language":"ENG","playtime":3052,"items_purged":["Injury","Strike_R","Strike_R","Defend_R","Strike_R","Strike_R","Strike_R","Combust","Cleave","Defend_R+1","Parasite","Iron Wave","Intimidate"],"score":846,"play_id":"b5ec174d-36d6-4d2d-8348-3e14c95704ad","local_time":"20210131172650","is_ascension_mode":false,"campfire_choices":[{"data":"Inflame","floor":6,"key":"SMITH"},{"data":"1","floor":8,"key":"LIFT"},{"floor":15,"key":"REST"},{"data":"Double Tap","floor":24,"key":"SMITH"},{"data":"2","floor":32,"key":"LIFT"},{"floor":44,"key":"RECALL"},{"data":"3","floor":49,"key":"LIFT"},{"data":"Spot Weakness","floor":52,"key":"SMITH"}],"circlet_count":0,"master_deck":["Defend_R+1","Defend_R+1","Twin Strike","Pommel Strike","Twin Strike","Inflame+1","Thunderclap","Twin Strike","Carnage","Double Tap+1","Ghostly Armor+1","Good Instincts","Cleave+1","Combust+1","Shrug It Off","Fire Breathing+1","Spot Weakness+1","Metallicize+1","Juggernaut+1","Inflame+1","Iron Wave+1","Shrug It Off","Intimidate+1","Iron Wave+1","Dramatic Entrance","Violence"],"relics":["Burning Blood","Kunai","Ginger","Membership Card","Mercury Hourglass","Girya","Matryoshka","Bottled Tornado","Philosopher\u0027s Stone","Frozen Egg 2","Orrery","InkBottle","Letter Opener","Bottled Lightning","Art of War","Gremlin Horn","Sling","Question Card","Sozu","Thread and Needle","Bronze Scales","MawBank","Prayer Wheel","Pear","Red Skull","Self Forming Clay","Medical Kit","Blood Vial","Boot","Vajra"],"acts_visited":["Exordium","TheCity","TheBeyond","TheEnding"],"potions_floor_usage":[7,23,55,55,55],"damage_taken":[{"damage":2,"enemies":"Jaw Worm","floor":1,"turns":3},{"damage":1,"enemies":"2 Louse","floor":2,"turns":2},{"damage":1,"enemies":"Cultist","floor":3,"turns":3},{"damage":8,"enemies":"Red Slaver","floor":4,"turns":3},{"damage":2,"enemies":"2 Fungi Beasts","floor":5,"turns":2},{"damage":36,"enemies":"3 Sentries","floor":7,"turns":5},{"damage":0,"enemies":"3 Louse","floor":11,"turns":1},{"damage":9,"enemies":"Exordium Wildlife","floor":12,"turns":3},{"damage":28,"enemies":"Lagavulin","floor":13,"turns":6},{"damage":0,"enemies":"Slime Boss","floor":16,"turns":6},{"damage":10,"enemies":"3 Byrds","floor":18,"turns":3},{"damage":6,"enemies":"Spheric Guardian","floor":19,"turns":3},{"damage":24,"enemies":"Snake Plant","floor":20,"turns":3},{"damage":11,"enemies":"Book of Stabbing","floor":23,"turns":5},{"damage":20,"enemies":"Slavers","floor":25,"turns":3},{"damage":0,"enemies":"Cultist and Chosen","floor":29,"turns":3},{"damage":3,"enemies":"Book of Stabbing","floor":30,"turns":3},{"damage":4,"enemies":"Snecko","floor":31,"turns":5},{"damage":27,"enemies":"Champ","floor":33,"turns":7},{"damage":15,"enemies":"3 Darklings","floor":35,"turns":4},{"damage":4,"enemies":"3 Shapes","floor":39,"turns":3},{"damage":22,"enemies":"Nemesis","floor":40,"turns":5},{"damage":7,"enemies":"Writhing Mass","floor":41,"turns":3},{"damage":23,"enemies":"Mind Bloom Boss Battle","floor":42,"turns":5},{"damage":2,"enemies":"Spire Growth","floor":45,"turns":2},{"damage":0,"enemies":"4 Shapes","floor":46,"turns":2},{"damage":0,"enemies":"Maw","floor":48,"turns":4},{"damage":37,"enemies":"Awakened One","floor":50,"turns":7},{"damage":35,"enemies":"Shield and Spear","floor":54,"turns":5},{"damage":61,"enemies":"The Heart","floor":55,"turns":3}],"seed_played":"3232202058476095241","potions_obtained":[{"floor":1,"key":"ElixirPotion"},{"floor":4,"key":"Regen Potion"},{"floor":12,"key":"LiquidMemories"},{"floor":14,"key":"SneckoOil"},{"floor":14,"key":"SneckoOil"},{"floor":14,"key":"SkillPotion"},{"floor":23,"key":"SpeedPotion"},{"floor":25,"key":"SpeedPotion"},{"floor":29,"key":"Block Potion"},{"floor":30,"key":"SkillPotion"}],"is_trial":false,"path_per_floor":["M","M","M","M","M","R","E","R","T","?","M","M","E","?","R","B",null,"M","M","M","$","?","E","R","E","T","?","$","M","E","M","R","B",null,"M","?","$","?","M","E","M","?","T","R","M","M","$","M","R","B",null,"R","$","E","B"],"character_chosen":"IRONCLAD","items_purchased":["Kunai","Membership Card","Mercury Hourglass","Twin Strike","Combust","Frozen Egg 2","Good Instincts","Orrery","InkBottle","Sling","Thread and Needle","Bronze Scales","Inflame+1","Red Skull","Self Forming Clay","Medical Kit","Dramatic Entrance","Violence","Blood Vial","Boot"],"campfire_rested":1,"item_purchase_floors":[0,0,0,0,0,21,21,21,21,28,37,37,37,47,47,47,47,47,53,53],"current_hp_per_floor":[48,53,58,56,60,60,44,44,44,44,50,47,25,25,49,55,80,76,76,58,58,58,53,53,39,39,39,39,45,48,50,50,29,80,71,71,71,71,73,57,56,39,49,49,53,59,59,65,65,34,87,87,87,58,0,0],"gold":50,"neow_bonus":"","is_daily":false,"chose_seed":false,"campfire_upgraded":3,"win_rate":0.0,"timestamp":1612110410,"path_taken":["M","M","M","M","M","R","E","R","T","?","M","M","E","?","R","BOSS","M","?","M","?","?","E","R","E","T","?","$","M","E","M","R","BOSS","M","?","$","?","M","E","?","?","T","R","M","M","$","M","R","BOSS","R","$","E","BOSS"],"items_purchased_type":["Relic","Relic","Relic","Card","Card","Relic","Card","Relic","Relic","Relic","Relic","Relic","Card","Relic","Relic","Relic","Card","Card","Relic","Relic"],"build_version":"2020-12-22","purchased_purges":13,"victory":false,"max_hp_per_floor":[80,80,80,80,80,80,80,80,80,80,80,80,80,80,80,80,80,80,80,80,80,80,80,80,80,80,80,80,80,80,80,80,80,80,80,80,80,80,80,80,80,80,90,90,90,90,87,87,87,87,87,87,87,87,87,87],"relic_stats":{"Gremlin Horn":[13,13],"counters":[53,222],"Self Forming Clay":[42],"Ginger":[13],"Letter Opener":[115],"Question Card":14,"MawBank":84,"Medical Kit":[0],"Boot":[2],"Burning Blood":384,"Mercury Hourglass":[395],"Sozu":4,"Blood Vial":2,"Bronze Scales":[100],"Prayer Wheel":3,"Art of War":[4],"Kunai":[32],"obtain_stats":[{"Ice Cream":36,"Gremlin Horn":26,"SacredBark":34,"Black Blood":17,"Enchiridion":30,"Vajra":54,"Juzu Bracelet":27,"Ginger":0,"Bottled Tornado":13,"Sling":28,"Boot":53,"Burning Blood":0,"Sozu":34,"Blood Vial":53,"Dream Catcher":26,"Matryoshka":14,"HornCleat":46,"Mummified Hand":11,"Strawberry":45,"Philosopher\u0027s Stone":17,"Prayer Wheel":42,"HandDrill":3,"Red Mask":37,"Kunai":0,"InkBottle":3,"Red Skull":47,"Girya":7,"Pear":43,"Self Forming Clay":43,"Golden Idol":10,"Thread and Needle":37,"Letter Opener":23,"War Paint":3,"Frozen Egg 2":9,"Question Card":30,"MawBank":40,"Medical Kit":47,"Mercury Hourglass":0,"Bronze Scales":37,"Orrery":21,"Art of War":26,"Bottled Lightning":26,"Membership Card":0},{"Ice Cream":18,"Gremlin Horn":38,"SacredBark":16,"Black Blood":9,"Enchiridion":14,"Vajra":52,"Juzu Bracelet":14,"Ginger":23,"Bottled Tornado":32,"Sling":38,"Boot":51,"Burning Blood":0,"Sozu":42,"Blood Vial":51,"Dream Catcher":13,"Matryoshka":8,"HornCleat":21,"Mummified Hand":7,"Strawberry":20,"Philosopher\u0027s Stone":33,"Prayer Wheel":47,"HandDrill":2,"Red Mask":18,"Kunai":23,"InkBottle":2,"Red Skull":49,"Girya":29,"Pear":19,"Self Forming Clay":19,"Golden Idol":29,"Thread and Needle":43,"Letter Opener":37,"War Paint":2,"Frozen Egg 2":5,"Question Card":40,"MawBank":45,"Medical Kit":49,"Mercury Hourglass":23,"Bronze Scales":43,"Orrery":36,"Art of War":38,"Bottled Lightning":13,"Membership Card":23},{"Ice Cream":87,"Gremlin Horn":162,"SacredBark":76,"Black Blood":43,"Enchiridion":64,"Vajra":219,"Juzu Bracelet":64,"Ginger":112,"Bottled Tornado":140,"Sling":162,"Boot":214,"Burning Blood":0,"Sozu":179,"Blood Vial":214,"Dream Catcher":58,"Matryoshka":35,"HornCleat":103,"Mummified Hand":30,"Strawberry":96,"Philosopher\u0027s Stone":146,"Prayer Wheel":199,"HandDrill":10,"Red Mask":87,"Kunai":112,"InkBottle":10,"Red Skull":203,"Girya":130,"Pear":90,"Self Forming Clay":90,"Golden Idol":130,"Thread and Needle":183,"Letter Opener":159,"War Paint":10,"Frozen Egg 2":22,"Question Card":168,"MawBank":191,"Medical Kit":203,"Mercury Hourglass":112,"Bronze Scales":183,"Orrery":154,"Art of War":162,"Bottled Lightning":58,"Membership Card":112}],"InkBottle":[33]},"card_choices":[{"not_picked":["Twin Strike","Perfected Strike"],"picked":"Pommel Strike","floor":1},{"not_picked":["Anger","Clash"],"picked":"Twin Strike","floor":2},{"not_picked":["Twin Strike","Reckless Charge"],"picked":"Cleave","floor":3},{"not_picked":["Reckless Charge","Warcry","Blood for Blood"],"picked":"SKIP","floor":4},{"not_picked":["Pommel Strike","Shockwave"],"picked":"Inflame","floor":5},{"not_picked":["Burning Pact","Combust"],"picked":"Thunderclap","floor":7},{"not_picked":["Carnage","Havoc"],"picked":"Twin Strike","floor":11},{"not_picked":["Anger","Feel No Pain","Immolate"],"picked":"SKIP","floor":12},{"not_picked":["Sentinel","Warcry"],"picked":"Carnage","floor":13},{"not_picked":["Offering","Limit Break"],"picked":"Double Tap","floor":16},{"not_picked":["Flex","Clash+1"],"picked":"Iron Wave","floor":18},{"not_picked":["Reckless Charge","Body Slam+1"],"picked":"Ghostly Armor+1","floor":19},{"not_picked":["Rampage+1","Clothesline"],"picked":"Intimidate","floor":20},{"not_picked":["Heavy Blade","Dual Wield+1"],"picked":"Cleave+1","floor":21},{"not_picked":["Dual Wield","Clothesline+1"],"picked":"Combust+1","floor":21},{"not_picked":["Warcry","Dual Wield"],"picked":"Shrug It Off","floor":21},{"not_picked":["Battle Trance","Sever Soul"],"picked":"Fire Breathing+1","floor":21},{"not_picked":["Anger+1","Carnage","Entrench"],"picked":"SKIP","floor":23},{"not_picked":["Searing Blow","Juggernaut+1"],"picked":"Spot Weakness","floor":25},{"not_picked":["Thunderclap","Wild Strike+1","Heavy Blade"],"picked":"SKIP","floor":29},{"not_picked":["Demon Form+1","Flex"],"picked":"Metallicize+1","floor":30},{"not_picked":["Blood for Blood","Pommel Strike","Warcry","Havoc"],"picked":"SKIP","floor":31},{"not_picked":["Berserk+1","Fiend Fire","Bludgeon"],"picked":"Juggernaut+1","floor":33},{"not_picked":["Spot Weakness","Entrench+1","Havoc","Twin Strike+1"],"picked":"SKIP","floor":35},{"not_picked":["Headbutt+1","True Grit","Pummel+1","Wild Strike"],"picked":"SKIP","floor":39},{"not_picked":["Exhume","Headbutt","Havoc","Cleave+1"],"picked":"SKIP","floor":40},{"not_picked":["Warcry","Hemokinesis+1","Cleave+1"],"picked":"Iron Wave+1","floor":41},{"not_picked":["Inflame+1","Sever Soul","Sword Boomerang"],"picked":"Shrug It Off","floor":42},{"not_picked":["Inflame+1","Reckless Charge+1","Wild Strike+1"],"picked":"Intimidate+1","floor":45},{"not_picked":["Burning Pact","Shrug It Off","Dropkick"],"picked":"Iron Wave+1","floor":45},{"not_picked":["Cleave","Brutality+1","Warcry+1","Second Wind+1"],"picked":"SKIP","floor":46},{"not_picked":["Iron Wave","Havoc","Warcry","Seeing Red+1"],"picked":"SKIP","floor":46},{"not_picked":["Perfected Strike+1","Pommel Strike+1","Shrug It Off+1","Evolve+1"],"picked":"SKIP","floor":48},{"not_picked":["Sword Boomerang","Armaments+1","Clash","Juggernaut+1"],"picked":"SKIP","floor":48},{"not_picked":["Flex+1","Sword Boomerang","Havoc","Wild Strike"],"picked":"SKIP","floor":54}],"player_experience":82375,"relics_obtained":[{"floor":7,"key":"Girya"},{"floor":9,"key":"Matryoshka"},{"floor":13,"key":"Bottled Tornado"},{"floor":23,"key":"Letter Opener"},{"floor":25,"key":"Bottled Lightning"},{"floor":26,"key":"Art of War"},{"floor":26,"key":"Gremlin Horn"},{"floor":30,"key":"Question Card"},{"floor":40,"key":"MawBank"},{"floor":42,"key":"Prayer Wheel"},{"floor":43,"key":"Pear"},{"floor":54,"key":"Vajra"}],"event_choices":[{"damage_healed":0,"gold_gain":0,"player_choice":"Take Wound","damage_taken":0,"relics_obtained":["Golden Idol"],"max_hp_gain":0,"max_hp_loss":0,"event_name":"Golden Idol","floor":10,"gold_loss":0,"cards_obtained":["Injury"]},{"damage_healed":0,"gold_gain":0,"player_choice":"Got Potions","damage_taken":0,"max_hp_gain":0,"max_hp_loss":0,"event_name":"Lab","floor":14,"gold_loss":0},{"damage_healed":0,"gold_gain":0,"player_choice":"Simplicity","damage_taken":0,"max_hp_gain":0,"max_hp_loss":0,"event_name":"Back to Basics","floor":22,"gold_loss":0,"cards_upgraded":["Defend_R","Defend_R","Defend_R"]},{"damage_healed":0,"gold_gain":0,"player_choice":"Ignored","damage_taken":0,"max_hp_gain":0,"max_hp_loss":0,"event_name":"Beggar","floor":27,"gold_loss":0},{"cards_removed":["Bash"],"damage_healed":0,"gold_gain":0,"player_choice":"Removed Attack","damage_taken":0,"max_hp_gain":0,"max_hp_loss":0,"event_name":"Falling","floor":36,"gold_loss":0},{"damage_healed":0,"gold_gain":333,"player_choice":"Gave Idol","damage_taken":0,"max_hp_gain":0,"max_hp_loss":0,"event_name":"The Moai Head","floor":38,"relics_lost":["Golden Idol"],"gold_loss":0},{"damage_healed":0,"gold_gain":0,"player_choice":"Fight","damage_taken":0,"max_hp_gain":0,"max_hp_loss":0,"event_name":"MindBloom","floor":42,"gold_loss":0}],"is_beta":false,"boss_relics":[{"not_picked":["Runic Pyramid","Empty Cage"],"picked":"Philosopher\u0027s Stone"},{"not_picked":["Astrolabe","Pandora\u0027s Box"],"picked":"Sozu"}],"items_purged_floors":[21,21,21,21,21,21,21,21,21,37,47,47,47],"is_endless":false,"potions_floor_spawned":[1,4,12,23,25,29,30,39,41,42,46],"killed_by":"The Heart","ascension_level":0}}