{"host":"yvb207ks1sg3cxef","time":1612086262,"event":{"mods":["2.2 Compatiblity","BaseMod","Bestiary","Colored Powertips","Minty Spire (QoL Compilation)","Permanent Neow","Quick Restart","Relic Stats","StSLib"],"gold_per_floor":[115,15,28,28,28,28,46,46,46,78,78,93,110,140,140,214,214,227,245,245,245,257,290,290,323,323,333,137,58,58,86,86,160,160,172,172,1,14,14,14,49,49,100,100,119,119,119,151,151,151,151,151,151,11,46,46],"floor_reached":57,"language":"ENG","playtime":2916,"items_purged":["Shame","Strike_P+1"],"score":3123,"play_id":"07cbcc68-e29f-4aee-a921-9b9535655e7b","local_time":"20210131151422","is_ascension_mode":true,"campfire_choices":[{"data":"Tantrum","floor":6.0,"key":"SMITH"},{"data":"Vigilance","floor":8.0,"key":"SMITH"},{"data":"Wireheading","floor":15.0,"key":"SMITH"},{"data":"Blasphemy","floor":24.0,"key":"SMITH"},{"data":"Meditate","floor":30,"key":"SMITH"},{"data":"MentalFortress","floor":32,"key":"SMITH"},{"data":"Scrawl","floor":40,"key":"SMITH"},{"floor":42,"key":"RECALL"},{"data":"EmptyMind","floor":44,"key":"SMITH"},{"data":"TalkToTheHand","floor":49,"key":"SMITH"},{"data":"InnerPeace","floor":53,"key":"SMITH"}],"circlet_count":0,"master_deck":["AscendersBane","Defend_P+1","Defend_P+1","Defend_P+1","Defend_P+1","Eruption","Vigilance+1","EmptyBody","Tantrum+1","LikeWater","Wireheading+1","FlurryOfBlows","FlurryOfBlows","Prostrate","Blasphemy+1","CurseOfTheBell","EmptyMind+1","TalkToTheHand+1","Meditate+1","TalkToTheHand+1","FlurryOfBlows+1","MentalFortress+1","FearNoEvil+1","InnerPeace+1","Vault+1","Vault+1","Scrawl+1","TalkToTheHand+1","EmptyMind","Adaptation"],"relics":["PureWater","Du-Vu Doll","StrikeDummy","Akabeko","Bag of Preparation","Calling Bell","Pen Nib","Mercury Hourglass","Bird Faced Urn","Shuriken","Molten Egg 2","Bottled Lightning","Potion Belt","VioletLotus","DollysMirror","Damaru","Nunchaku","Bottled Flame"],"acts_visited":["Exordium","TheCity","TheBeyond","TheEnding"],"potions_floor_usage":[55,56,56,56],"damage_taken":[{"damage":0.0,"enemies":"Jaw Worm","floor":1.0,"turns":1.0},{"damage":0.0,"enemies":"2 Louse","floor":3.0,"turns":3.0},{"damage":0.0,"enemies":"Cultist","floor":7.0,"turns":2.0},{"damage":10.0,"enemies":"3 Sentries","floor":10.0,"turns":7.0},{"damage":0.0,"enemies":"Looter","floor":12.0,"turns":2.0},{"damage":0.0,"enemies":"Exordium Thugs","floor":13.0,"turns":3.0},{"damage":3.0,"enemies":"Lagavulin","floor":14.0,"turns":6.0},{"damage":0.0,"enemies":"The Guardian","floor":16.0,"turns":9.0},{"damage":0.0,"enemies":"3 Byrds","floor":18.0,"turns":2.0},{"damage":0.0,"enemies":"Shell Parasite","floor":19.0,"turns":1.0},{"damage":5.0,"enemies":"Snake Plant","floor":22.0,"turns":4.0},{"damage":0.0,"enemies":"Gremlin Leader","floor":23.0,"turns":5.0},{"damage":37,"enemies":"Slavers","floor":25,"turns":5},{"damage":0,"enemies":"3 Cultists","floor":27,"turns":3},{"damage":6,"enemies":"Book of Stabbing","floor":31,"turns":2},{"damage":0,"enemies":"Champ","floor":33,"turns":4},{"damage":0,"enemies":"Orb Walker","floor":35,"turns":2},{"damage":0,"enemies":"3 Darklings","floor":38,"turns":3},{"damage":0,"enemies":"Reptomancer","floor":41,"turns":3},{"damage":0,"enemies":"Transient","floor":45,"turns":7},{"damage":0,"enemies":"Nemesis","floor":48,"turns":5},{"damage":7,"enemies":"Donu and Deca","floor":50,"turns":4},{"damage":52,"enemies":"Awakened One","floor":51,"turns":9},{"damage":36,"enemies":"Shield and Spear","floor":55,"turns":6},{"damage":9,"enemies":"The Heart","floor":56,"turns":8}],"seed_played":"5216199676075571313","potions_obtained":[{"floor":3.0,"key":"StancePotion"},{"floor":10.0,"key":"PowerPotion"},{"floor":18.0,"key":"LiquidMemories"},{"floor":22.0,"key":"SteroidPotion"},{"floor":27,"key":"LiquidMemories"},{"floor":31,"key":"LiquidBronze"},{"floor":33,"key":"SpeedPotion"},{"floor":45,"key":"Dexterity Potion"},{"floor":55,"key":"BlessingOfTheForge"}],"is_trial":false,"path_per_floor":["M","$","M","?","?","R","M","R","T","E","?","M","M","E","R","B",null,"M","M","?","?","M","E","R","E","T","M","$","$","R","E","R","B",null,"M","?","$","M","?","R","E","R","T","R","M","?","$","E","R","B","B",null,"R","$","E","B",null],"character_chosen":"WATCHER","items_purchased":["EmptyBody","FlurryOfBlows+1","MentalFortress","FearNoEvil+1","DollysMirror","Adaptation","BottledMiracle"],"campfire_rested":0,"item_purchase_floors":[2,28,28,29,37,54,54],"current_hp_per_floor":[61,61,61,54,54,54,54,54,54,44,44,44,44,41,41,41,61,61,61,61,68,63,67,67,30,30,32,32,32,32,28,28,34,60,62,62,62,62,62,62,68,68,68,68,68,64,64,68,68,63,17,55,55,55,27,26],"gold":46,"neow_bonus":"ONE_RARE_RELIC","is_daily":false,"chose_seed":false,"campfire_upgraded":10,"win_rate":0.0,"timestamp":1612086262,"path_taken":["M","$","M","?","?","R","M","R","T","E","?","M","M","E","R","BOSS","M","M","?","?","?","E","R","E","T","M","?","$","R","E","R","BOSS","M","?","?","M","?","R","E","R","T","R","M","?","$","E","R","BOSS","BOSS","R","$","E","BOSS"],"items_purchased_type":["Card","Card","Card","Card","Relic","Card","Potion"],"build_version":"2020-12-22","purchased_purges":2,"victory":true,"max_hp_per_floor":[68,68,68,68,68,68,68,68,68,68,68,68,68,68,68,68,68,68,68,68,68,68,68,68,68,68,68,68,68,68,68,68,68,68,68,68,68,68,68,68,68,68,68,68,68,68,68,68,68,68,68,68,68,68,68,68],"relic_stats":{"Nunchaku":[14],"counters":[25,106],"Shuriken":[71],"Bird Faced Urn":[50],"Pen Nib":[32],"VioletLotus":[43],"Bag of Preparation":[36],"obtain_stats":[{"Potion Belt":31,"Damaru":41,"Pen Nib":17,"Bag of Preparation":14,"Akabeko":10,"Mercury Hourglass":17,"Du-Vu Doll":0,"Calling Bell":17,"Nunchaku":48,"Bottled Flame":55,"Shuriken":23,"DollysMirror":37,"Bird Faced Urn":17,"Molten Egg 2":25,"VioletLotus":34,"Bottled Lightning":26,"PureWater":0,"StrikeDummy":9},{"Potion Belt":15,"Damaru":19,"Pen Nib":8,"Bag of Preparation":7,"Akabeko":4,"Mercury Hourglass":8,"Du-Vu Doll":0,"Calling Bell":8,"Nunchaku":21,"Bottled Flame":24,"Shuriken":12,"DollysMirror":17,"Bird Faced Urn":8,"Molten Egg 2":13,"VioletLotus":16,"Bottled Lightning":13,"PureWater":0,"StrikeDummy":3},{"Potion Belt":55,"Damaru":67,"Pen Nib":33,"Bag of Preparation":24,"Akabeko":13,"Mercury Hourglass":33,"Du-Vu Doll":0,"Calling Bell":33,"Nunchaku":79,"Bottled Flame":98,"Shuriken":45,"DollysMirror":61,"Bird Faced Urn":33,"Molten Egg 2":50,"VioletLotus":59,"Bottled Lightning":50,"PureWater":0,"StrikeDummy":6}],"Mercury Hourglass":[312]},"card_choices":[{"not_picked":["JustLucky","Crescendo"],"picked":"ReachHeaven","floor":1.0},{"not_picked":["EmptyMind","CutThroughFate"],"picked":"Tantrum","floor":3.0},{"not_picked":["FlyingSleeves","SignatureMove","Consecrate"],"picked":"SKIP","floor":7.0},{"not_picked":["Conclude","WindmillStrike"],"picked":"LikeWater","floor":10.0},{"not_picked":["Prostrate","Indignation"],"picked":"FlurryOfBlows","floor":12.0},{"not_picked":["BattleHymn","EmptyMind"],"picked":"FlurryOfBlows","floor":13.0},{"not_picked":["Protect","BattleHymn"],"picked":"Prostrate","floor":14.0},{"not_picked":["MasterReality","Establishment"],"picked":"Blasphemy","floor":16.0},{"not_picked":["EmptyBody","Tantrum"],"picked":"EmptyMind","floor":18.0},{"not_picked":["CrushJoints","BowlingBash"],"picked":"TalkToTheHand","floor":19.0},{"not_picked":["PathToVictory","Fasting2+1","Prostrate"],"picked":"SKIP","floor":22.0},{"not_picked":["Sanctity+1","Evaluate+1","Crescendo"],"picked":"SKIP","floor":23.0},{"not_picked":["Consecrate+1","Wish"],"picked":"Meditate","floor":25},{"not_picked":["SashWhip+1","EmptyFist+1"],"picked":"TalkToTheHand+1","floor":27},{"not_picked":["Halt","CrushJoints+1"],"picked":"InnerPeace","floor":31},{"not_picked":["Ragnarok+1","Blasphemy"],"picked":"Vault","floor":33},{"not_picked":["CrushJoints+1","EmptyBody","ClearTheMind"],"picked":"SKIP","floor":35},{"not_picked":["Consecrate+1","WreathOfFlame"],"picked":"Scrawl","floor":38},{"not_picked":["FlyingSleeves+1","Study"],"picked":"TalkToTheHand+1","floor":41},{"not_picked":["Prostrate+1","Worship"],"picked":"EmptyMind","floor":45},{"not_picked":["WindmillStrike+1","Study","WaveOfTheHand"],"picked":"SKIP","floor":48},{"not_picked":["Prostrate","FlyingSleeves+1","Crescendo"],"picked":"SKIP","floor":55}],"player_experience":511376,"relics_obtained":[{"floor":9.0,"key":"StrikeDummy"},{"floor":10.0,"key":"Akabeko"},{"floor":14.0,"key":"Bag of Preparation"},{"floor":17.0,"key":"Pen Nib"},{"floor":17.0,"key":"Mercury Hourglass"},{"floor":17.0,"key":"Bird Faced Urn"},{"floor":23.0,"key":"Shuriken"},{"floor":25,"key":"Molten Egg 2"},{"floor":26,"key":"Bottled Lightning"},{"floor":31,"key":"Potion Belt"},{"floor":41,"key":"Damaru"},{"floor":48,"key":"Nunchaku"},{"floor":55,"key":"Bottled Flame"}],"event_choices":[{"cards_removed":["Strike_P"],"damage_healed":0.0,"max_hp_gain":0.0,"max_hp_loss":0.0,"gold_gain":0.0,"event_name":"Golden Wing","player_choice":"Card Removal","floor":4.0,"gold_loss":0.0,"damage_taken":7.0},{"cards_removed":["Strike_P"],"damage_healed":0.0,"max_hp_gain":0.0,"max_hp_loss":0.0,"gold_gain":0.0,"event_name":"Living Wall","player_choice":"Forget","floor":5.0,"gold_loss":0.0,"damage_taken":0.0},{"damage_healed":0.0,"max_hp_gain":0.0,"max_hp_loss":0.0,"gold_gain":0.0,"cards_transformed":["Strike_P"],"event_name":"Transmorgrifier","player_choice":"Transformed","floor":11.0,"gold_loss":0.0,"damage_taken":0.0,"cards_obtained":["Wireheading"]},{"damage_healed":0.0,"max_hp_gain":0.0,"max_hp_loss":0.0,"gold_gain":0.0,"event_name":"Back to Basics","player_choice":"Simplicity","floor":20.0,"gold_loss":0.0,"damage_taken":0.0,"cards_upgraded":["Strike_P","Defend_P","Defend_P","Defend_P","Defend_P"]},{"damage_healed":7.0,"max_hp_gain":0.0,"max_hp_loss":0.0,"gold_gain":0.0,"event_name":"Wheel of Change","player_choice":"Full Heal","floor":21.0,"gold_loss":0.0,"damage_taken":0.0},{"damage_healed":0,"gold_gain":0,"player_choice":"Upgraded","damage_taken":0,"max_hp_gain":0,"max_hp_loss":0,"event_name":"Upgrade Shrine","floor":36,"gold_loss":0,"cards_upgraded":["Vault"]},{"cards_removed":["ReachHeaven"],"damage_healed":0,"gold_gain":0,"player_choice":"Removed Attack","damage_taken":0,"max_hp_gain":0,"max_hp_loss":0,"event_name":"Falling","floor":39,"gold_loss":0},{"damage_healed":0,"gold_gain":0,"player_choice":"Bought 0 Potions","damage_taken":0,"max_hp_gain":0,"max_hp_loss":0,"event_name":"The Woman in Blue","floor":46,"gold_loss":0}],"is_beta":false,"boss_relics":[{"not_picked":["Busted Crown","Black Star"],"picked":"Calling Bell"},{"not_picked":["Astrolabe","Runic Pyramid"],"picked":"VioletLotus"}],"items_purged_floors":[2,28],"is_endless":false,"potions_floor_spawned":[3,10,12,14,18,22,27,31,33,45,55],"ascension_level":20}}