{"host":"sad04l3m69qtnhom","time":1612088627,"event":{"mods":["AchievementEnabler","BaseMod","Colored Map","Colored Powertips","DeckTracker","Highlight Path","Minty Spire (QoL Compilation)","Permanent Neow","Quick Restart","SuperFastMode","everything is the same but u backflip on backflip"],"gold_per_floor":[118,133,56,75,86,86,121,46,46,46,57,71,71,91,91,195,195,215,245,51,51,66,92,92,123,123,140,55,73,73,73,73,73,73],"floor_reached":33,"language":"KOR","playtime":1420,"items_purged":["Strike_B","Strike_B"],"score":404,"play_id":"4469581a-7d15-496a-aecc-be6b26bdaaf6","local_time":"20210131192347","is_ascension_mode":true,"campfire_choices":[{"data":"Tempest","floor":6,"key":"SMITH"},{"data":"Biased Cognition","floor":13,"key":"SMITH"},{"data":"Reinforced Body","floor":15,"key":"SMITH"},{"data":"Static Discharge","floor":24,"key":"SMITH"},{"data":"Fusion","floor":30,"key":"SMITH"},{"data":"Barrage","floor":32,"key":"SMITH"}],"circlet_count":0,"master_deck":["Strike_B","Strike_B","Defend_B","Defend_B","Defend_B","Defend_B","Zap+1","Dualcast","Hyperbeam","Ball Lightning","Tempest+1","Self Repair","Barrage+1","Biased Cognition+1","Ball Lightning","Reinforced Body+1","Reboot","Genetic Algorithm+1","Static Discharge+1","Fusion+1","Tempest+1"],"relics":["Cracked Core","Gambling Chip","Kunai","Cables","Cursed Key","Red Mask","Membership Card","Bag of Preparation","Torii","Tiny Chest"],"acts_visited":["Exordium","TheCity"],"potions_floor_usage":[7,16,23,29,33,33],"damage_taken":[{"damage":0,"enemies":"2 Louse","floor":1,"turns":1},{"damage":2,"enemies":"Jaw Worm","floor":2,"turns":2},{"damage":0,"enemies":"Cultist","floor":4,"turns":2},{"damage":12,"enemies":"Red Slaver","floor":5,"turns":4},{"damage":30,"enemies":"Lagavulin","floor":7,"turns":5},{"damage":10,"enemies":"Gremlin Gang","floor":11,"turns":3},{"damage":0,"enemies":"Lots of Slimes","floor":12,"turns":1},{"damage":0,"enemies":"2 Fungi Beasts","floor":14,"turns":2},{"damage":0,"enemies":"Slime Boss","floor":16,"turns":4},{"damage":0,"enemies":"Spheric Guardian","floor":18,"turns":2},{"damage":0,"enemies":"Masked Bandits","floor":19,"turns":2},{"damage":0,"enemies":"Chosen","floor":22,"turns":3},{"damage":27,"enemies":"Slavers","floor":23,"turns":3},{"damage":19,"enemies":"Gremlin Leader","floor":25,"turns":4},{"damage":6,"enemies":"Snake Plant","floor":27,"turns":2},{"damage":0,"enemies":"Cultist and Chosen","floor":29,"turns":3},{"damage":53,"enemies":"Automaton","floor":33,"turns":6}],"seed_played":"9188330753979739976","potions_obtained":[{"floor":4,"key":"AttackPotion"},{"floor":7,"key":"SpeedPotion"},{"floor":14,"key":"ColorlessPotion"},{"floor":16,"key":"SmokeBomb"},{"floor":22,"key":"SkillPotion"},{"floor":27,"key":"Block Potion"},{"floor":29,"key":"Strength Potion"}],"is_trial":false,"path_per_floor":["M","M","$","M","M","R","E","$","T","?","M","M","R","M","R","B",null,"M","?","$","?","M","E","R","E","T","M","?","M","R","?","R","B"],"character_chosen":"DEFECT","items_purchased":["Self Repair","Membership Card"],"campfire_rested":0,"item_purchase_floors":[3,20],"current_hp_per_floor":[75,73,73,73,68,68,45,45,45,38,28,28,28,28,28,28,75,75,75,75,75,75,48,48,36,36,37,37,44,44,44,44,0,0],"gold":73,"neow_bonus":"ONE_RANDOM_RARE_CARD","is_daily":false,"chose_seed":false,"campfire_upgraded":6,"win_rate":0.0,"timestamp":1612088627,"path_taken":["M","M","$","M","M","R","E","$","T","?","M","M","R","M","R","BOSS","M","?","$","?","?","E","R","E","T","M","?","M","R","?","R","BOSS"],"items_purchased_type":["Card","Relic"],"build_version":"2020-12-22","purchased_purges":2,"victory":false,"max_hp_per_floor":[75,75,75,75,75,75,75,75,75,75,75,75,75,75,75,75,75,75,75,75,75,75,75,75,75,75,75,75,75,75,75,75,75,75],"card_choices":[{"not_picked":["Leap","Sweeping Beam"],"picked":"Ball Lightning","floor":1},{"not_picked":["Go for the Eyes","Rebound"],"picked":"Tempest","floor":2},{"not_picked":["Reprogram","Rebound","Skim"],"picked":"SKIP","floor":4},{"not_picked":["Steam","Sweeping Beam"],"picked":"Barrage","floor":5},{"not_picked":["Glacier","Beam Cell","Redo"],"picked":"SKIP","floor":7},{"not_picked":["Beam Cell","Steam"],"picked":"Biased Cognition","floor":11},{"not_picked":["Chill","Skim"],"picked":"Ball Lightning","floor":12},{"not_picked":["Turbo","Glacier"],"picked":"Reinforced Body","floor":14},{"not_picked":["Meteor Strike","All For One"],"picked":"Reboot","floor":16},{"not_picked":["Beam Cell","Stack","Gash"],"picked":"SKIP","floor":18},{"not_picked":["Barrage","Turbo+1"],"picked":"Genetic Algorithm+1","floor":19},{"not_picked":["FTL+1","Redo","Sunder"],"picked":"SKIP","floor":22},{"not_picked":["Gash+1","Darkness+1","Rebound"],"picked":"SKIP","floor":23},{"not_picked":["Aggregate+1","Barrage"],"picked":"Fusion","floor":25},{"not_picked":["Go for the Eyes","Beam Cell","Compile Driver"],"picked":"SKIP","floor":27},{"not_picked":["Ball Lightning","Static Discharge"],"picked":"Tempest+1","floor":29}],"player_experience":426819,"relics_obtained":[{"floor":7,"key":"Gambling Chip"},{"floor":9,"key":"Kunai"},{"floor":19,"key":"Red Mask"},{"floor":23,"key":"Bag of Preparation"},{"floor":25,"key":"Torii"}],"event_choices":[{"damage_healed":0,"gold_gain":0,"player_choice":"Success","damage_taken":7,"relics_obtained":["Cables"],"max_hp_gain":0,"max_hp_loss":0,"event_name":"Scrap Ooze","floor":10,"gold_loss":0},{"damage_healed":0,"gold_gain":0,"player_choice":"Fought Bandits","damage_taken":0,"max_hp_gain":0,"max_hp_loss":0,"event_name":"Masked Bandits","floor":19,"gold_loss":0},{"damage_healed":0,"gold_gain":0,"player_choice":"Read","damage_taken":0,"max_hp_gain":0,"max_hp_loss":0,"event_name":"The Library","floor":21,"gold_loss":0,"cards_obtained":["Static Discharge"]},{"damage_healed":0,"gold_gain":0,"player_choice":"Obtained Relic","damage_taken":0,"relics_obtained":["Tiny Chest"],"max_hp_gain":0,"max_hp_loss":0,"event_name":"Addict","floor":28,"gold_loss":85},{"damage_healed":0,"gold_gain":0,"player_choice":"Upgraded","damage_taken":0,"max_hp_gain":0,"max_hp_loss":0,"event_name":"Upgrade Shrine","floor":31,"gold_loss":0,"cards_upgraded":["Zap"]}],"is_beta":false,"boss_relics":[{"not_picked":["Nuclear Battery","Pandora\u0027s Box"],"picked":"Cursed Key"}],"items_purged_floors":[8,20],"is_endless":false,"potions_floor_spawned":[4,7,14,16,22,27,29],"killed_by":"Automaton","ascension_level":4}}