{"host":"6xsbn6ynqlzwllfm","time":1612104704,"event":{"mods":["2.2 Compatiblity","BaseMod","Bestiary","Colored Map","Colored Powertips","Curses Come First","Highlight Path","Keyboard Shortcuts","Minty Spire (QoL Compilation)","Relic Stats","Slay the Relics Exporter","StSLib","SuperFastMode"],"gold_per_floor":[109,129,129,144,162,192,192,222,222,247,261,286,304,329,329,406,406,423,423,439,439,116,116,116,150,150,150,164,197,197,197],"floor_reached":30,"language":"ENG","playtime":854,"items_purged":["Strike_P+1"],"score":816,"play_id":"c08a7831-25f5-46ff-9b07-0571a17ae8c7","local_time":"20210131095144","is_ascension_mode":true,"campfire_choices":[{"data":"BattleHymn","floor":7.0,"key":"SMITH"},{"floor":15,"key":"REST"},{"data":"Conclude","floor":23,"key":"SMITH"},{"data":"EmptyFist","floor":27,"key":"SMITH"}],"circlet_count":0,"master_deck":["AscendersBane","Strike_P+1","Strike_P+1","Strike_P+1","Defend_P+1","Defend_P+1","Defend_P+1","Defend_P+1","Eruption+1","Vigilance+1","EmptyFist+1","Tantrum+1","Wallop+1","Conclude+1","BattleHymn+1","LessonLearned+1","Protect","CutThroughFate+1","FearNoEvil+1","Establishment+1","Sanctity+1","TalkToTheHand+1","CrushJoints+1"],"relics":["PureWater","NeowsBlessing","Matryoshka","HornCleat","Bag of Marbles","Frozen Egg 2","Molten Egg 2","Whetstone","Thread and Needle","Cursed Key","Sling","Toy Ornithopter","Strawberry"],"acts_visited":["Exordium","TheCity"],"potions_floor_usage":[14],"damage_taken":[{"damage":0.0,"enemies":"2 Louse","floor":1.0,"turns":2.0},{"damage":0.0,"enemies":"Small Slimes","floor":2.0,"turns":1.0},{"damage":0.0,"enemies":"Jaw Worm","floor":4.0,"turns":1.0},{"damage":0.0,"enemies":"2 Fungi Beasts","floor":5.0,"turns":3.0},{"damage":14.0,"enemies":"3 Sentries","floor":6.0,"turns":5.0},{"damage":0.0,"enemies":"Gremlin Nob","floor":8.0,"turns":3.0},{"damage":17.0,"enemies":"3 Sentries","floor":10.0,"turns":6.0},{"damage":1.0,"enemies":"Red Slaver","floor":11.0,"turns":3.0},{"damage":0,"enemies":"Lagavulin","floor":12,"turns":4},{"damage":7,"enemies":"Lots of Slimes","floor":13,"turns":3},{"damage":16,"enemies":"3 Sentries","floor":14,"turns":7},{"damage":0,"enemies":"Slime Boss","floor":16,"turns":10},{"damage":0,"enemies":"Chosen","floor":18,"turns":5},{"damage":10,"enemies":"2 Thieves","floor":20,"turns":4},{"damage":3,"enemies":"Book of Stabbing","floor":25,"turns":4},{"damage":0,"enemies":"Snecko","floor":28,"turns":2},{"damage":28,"enemies":"Slavers","floor":29,"turns":4},{"damage":34,"enemies":"Snake Plant","floor":30,"turns":3}],"seed_played":"-5021162760689269147","potions_obtained":[{"floor":1.0,"key":"SteroidPotion"},{"floor":8.0,"key":"Ancient Potion"},{"floor":10.0,"key":"ColorlessPotion"},{"floor":11.0,"key":"Swift Potion"},{"floor":14,"key":"BlessingOfTheForge"},{"floor":29,"key":"Strength Potion"}],"is_trial":false,"path_per_floor":["M","M","?","M","M","E","R","E","T","E","M","E","M","E","R","B",null,"M","?","M","?","$","R","T","E","T","R","M","E","M"],"character_chosen":"WATCHER","items_purchased":["Sling","TalkToTheHand+1"],"campfire_rested":1,"item_purchase_floors":[22,22],"current_hp_per_floor":[61,61,66,66,66,52,52,52,52,35,34,34,27,11,32,32,63,63,63,53,53,53,53,53,50,50,50,50,29,0,0],"gold":197,"neow_bonus":"THREE_ENEMY_KILL","is_daily":false,"chose_seed":false,"campfire_upgraded":3,"win_rate":0.0,"timestamp":1612104704,"path_taken":["M","M","?","M","M","E","R","E","T","E","M","E","M","E","R","BOSS","M","?","M","?","$","R","?","E","T","R","M","E","M"],"items_purchased_type":["Relic","Card"],"build_version":"2020-12-22","purchased_purges":1,"victory":false,"max_hp_per_floor":[68,68,73,73,73,73,73,73,73,73,73,73,73,73,73,73,73,73,73,73,73,73,73,73,73,73,73,73,80,80,80],"relic_stats":{"counters":[18,70],"Whetstone":["Tantrum","Strike_P"],"Cursed Key":0,"obtain_stats":[{"NeowsBlessing":0,"Thread and Needle":14,"Whetstone":12,"Frozen Egg 2":9,"Cursed Key":17,"Sling":22,"Matryoshka":6,"HornCleat":8,"Strawberry":29,"Molten Egg 2":10,"Bag of Marbles":9,"PureWater":0,"Toy Ornithopter":25},{"NeowsBlessing":0,"Thread and Needle":11,"Whetstone":9,"Frozen Egg 2":6,"Cursed Key":12,"Sling":14,"Matryoshka":5,"HornCleat":6,"Strawberry":17,"Molten Egg 2":7,"Bag of Marbles":6,"PureWater":0,"Toy Ornithopter":15},{"NeowsBlessing":0,"Thread and Needle":38,"Whetstone":28,"Frozen Egg 2":15,"Cursed Key":48,"Sling":57,"Matryoshka":12,"HornCleat":15,"Strawberry":67,"Molten Egg 2":21,"Bag of Marbles":15,"PureWater":0,"Toy Ornithopter":61}],"Toy Ornithopter":0},"card_choices":[{"not_picked":["FlurryOfBlows","Weave"],"picked":"EmptyFist","floor":1.0},{"not_picked":["BattleHymn","WaveOfTheHand"],"picked":"Tantrum","floor":2.0},{"not_picked":["Halt","EmptyBody"],"picked":"Wallop","floor":4.0},{"not_picked":["Adaptation","ClearTheMind"],"picked":"Conclude","floor":5.0},{"not_picked":["FlyingSleeves","JustLucky"],"picked":"BattleHymn","floor":6.0},{"not_picked":["FlyingSleeves","Crescendo"],"picked":"LessonLearned","floor":8.0},{"not_picked":["Halt","PathToVictory"],"picked":"Protect","floor":10.0},{"not_picked":["JustLucky+1","Wireheading+1"],"picked":"CutThroughFate+1","floor":12},{"not_picked":["Fasting2+1","Prostrate"],"picked":"FearNoEvil+1","floor":14},{"not_picked":["Judgement","Blasphemy"],"picked":"Establishment+1","floor":16},{"not_picked":["FlurryOfBlows+1","Crescendo"],"picked":"Sanctity+1","floor":18},{"not_picked":["SandsOfTime+1","Protect"],"picked":"CrushJoints+1","floor":29}],"player_experience":1352120,"relics_obtained":[{"floor":6.0,"key":"Matryoshka"},{"floor":8.0,"key":"HornCleat"},{"floor":9.0,"key":"Bag of Marbles"},{"floor":9.0,"key":"Frozen Egg 2"},{"floor":10.0,"key":"Molten Egg 2"},{"floor":12,"key":"Whetstone"},{"floor":14,"key":"Thread and Needle"},{"floor":25,"key":"Toy Ornithopter"},{"floor":29,"key":"Strawberry"}],"event_choices":[{"damage_healed":0.0,"max_hp_gain":5.0,"max_hp_loss":0.0,"gold_gain":0.0,"event_name":"Big Fish","player_choice":"Donut","floor":3.0,"gold_loss":0.0,"damage_taken":0.0},{"damage_healed":0,"gold_gain":0,"player_choice":"Simplicity","damage_taken":0,"max_hp_gain":0,"max_hp_loss":0,"event_name":"Back to Basics","floor":19,"gold_loss":0,"cards_upgraded":["Strike_P","Strike_P","Defend_P","Defend_P","Defend_P"]},{"damage_healed":0,"gold_gain":0,"player_choice":"Ignored","damage_taken":0,"max_hp_gain":0,"max_hp_loss":0,"event_name":"Ghosts","floor":21,"gold_loss":0}],"is_beta":false,"boss_relics":[{"not_picked":["VioletLotus","Black Star"],"picked":"Cursed Key"}],"items_purged_floors":[22],"is_endless":false,"potions_floor_spawned":[1,8,10,11,13,14,20,28,29],"killed_by":"Snake Plant","ascension_level":20}}