{"host":"06x7ibqulglyn97c","time":1612114634,"event":{"mods":["AchievementEnabler","BaseMod","Minty Spire (QoL Compilation)","Rare Cards Sparkle","Relic Sorter","Relic Stats","StSLib","The Awakened One except there are too many feathers"],"gold_per_floor":[111,111,111,127,143,171,171,206,206,206,206,24,44,66,66,162,212,223,223,242,261,279,279,291,20,100,113,113,126,126,40,40,139,139,150,150,200,227,227,227,243,243,243,243,256,31,49,49,49,49],"floor_reached":51,"language":"ENG","playtime":2429,"items_purged":["Defend_B","Strike_B"],"score":922,"play_id":"09d3c672-5f15-45dc-8aa9-818cea3cf7b1","local_time":"20210131173714","is_ascension_mode":true,"campfire_choices":[{"floor":7.0,"key":"REST"},{"floor":11.0,"key":"REST"},{"floor":15,"key":"REST"},{"floor":23,"key":"REST"},{"floor":28,"key":"REST"},{"data":"Loop","floor":32,"key":"SMITH"},{"floor":40,"key":"REST"},{"floor":42,"key":"REST"},{"data":"Storm","floor":44,"key":"SMITH"},{"floor":49,"key":"REST"}],"circlet_count":0,"master_deck":["Strike_B","Strike_B+1","Defend_B","Defend_B","Defend_B","Zap","Dualcast","Conserve Battery+1","Capacitor","Ball Lightning","Storm+1","Ball Lightning","Auto Shields+1","Capacitor","Glacier+1","White Noise+1","Fission+1","Barrage","Tempest+1","Conserve Battery+1","Barrage+1","Glacier+1","Loop+1","Rainbow+1","Heatsinks+1","Leap+1","Writhe","Thunder Strike"],"relics":["Cracked Core","Emotion Chip","Toxic Egg 2","Bottled Lightning","Odd Mushroom","Tiny House","Membership Card","Symbiotic Virus","Shuriken","Torii","Art of War","Anchor","Runic Capacitor","Ginger"],"acts_visited":["Exordium","TheCity","TheBeyond"],"potions_floor_usage":[14,14,21,33,37,50,50],"damage_taken":[{"damage":2.0,"enemies":"Jaw Worm","floor":1.0,"turns":3.0},{"damage":0.0,"enemies":"Cultist","floor":4.0,"turns":3.0},{"damage":0.0,"enemies":"Small Slimes","floor":5.0,"turns":3.0},{"damage":20.0,"enemies":"3 Sentries","floor":6.0,"turns":8.0},{"damage":30.0,"enemies":"Lagavulin","floor":8.0,"turns":7.0},{"damage":0.0,"enemies":"Exordium Wildlife","floor":13.0,"turns":4.0},{"damage":28,"enemies":"The Mushroom Lair","floor":14,"turns":4},{"damage":31,"enemies":"Hexaghost","floor":16,"turns":9},{"damage":2,"enemies":"Chosen","floor":18,"turns":3},{"damage":8,"enemies":"3 Byrds","floor":20,"turns":3},{"damage":12,"enemies":"Centurion and Healer","floor":21,"turns":7},{"damage":12,"enemies":"Sentry and Sphere","floor":22,"turns":5},{"damage":12,"enemies":"Snecko","floor":24,"turns":4},{"damage":11,"enemies":"Centurion and Healer","floor":27,"turns":4},{"damage":0,"enemies":"Cultist and Chosen","floor":29,"turns":5},{"damage":49,"enemies":"Collector","floor":33,"turns":11},{"damage":42,"enemies":"3 Darklings","floor":35,"turns":5},{"damage":14,"enemies":"Mind Bloom Boss Battle","floor":37,"turns":6},{"damage":18,"enemies":"Orb Walker","floor":41,"turns":4},{"damage":0,"enemies":"Sphere and 2 Shapes","floor":45,"turns":3},{"damage":38,"enemies":"3 Darklings","floor":47,"turns":4},{"damage":82,"enemies":"Donu and Deca","floor":50,"turns":7}],"seed_played":"-5026176318742709154","potions_obtained":[{"floor":5.0,"key":"Fire Potion"},{"floor":8.0,"key":"Swift Potion"},{"floor":13.0,"key":"PowerPotion"},{"floor":16,"key":"Weak Potion"},{"floor":17,"key":"CultistPotion"},{"floor":22,"key":"CultistPotion"},{"floor":27,"key":"PotionOfCapacity"},{"floor":33,"key":"Swift Potion"},{"floor":35,"key":"AttackPotion"},{"floor":47,"key":"FairyPotion"}],"is_trial":false,"path_per_floor":["M","?","?","M","M","E","R","E","T","?","R","$","M","?","R","B",null,"M","?","M","M","M","R","M","$","T","M","R","M","?","$","R","B",null,"M","?","?","T","?","R","M","R","T","R","M","$","M","?","R","B",null],"character_chosen":"DEFECT","items_purchased":["Capacitor","Glacier+1","Membership Card","Symbiotic Virus","Loop","Runic Capacitor","Ginger"],"campfire_rested":8,"item_purchase_floors":[12,12,25,25,31,46,46],"current_hp_per_floor":[62,62,62,62,62,42,68,38,38,38,64,64,64,36,62,31,80,78,78,70,58,46,74,62,62,62,51,79,79,79,79,79,30,78,36,36,22,22,46,74,56,84,84,84,84,84,46,46,74,28],"gold":49,"neow_bonus":"TWENTY_PERCENT_HP_BONUS","is_daily":false,"chose_seed":false,"campfire_upgraded":2,"win_rate":0.0,"timestamp":1612114634,"path_taken":["M","?","?","?","M","E","R","E","T","?","R","?","M","?","R","BOSS","M","?","M","M","M","R","M","$","T","M","R","M","?","$","R","BOSS","M","?","?","?","?","R","M","R","T","R","M","$","?","?","R","BOSS"],"items_purchased_type":["Card","Card","Relic","Relic","Card","Relic","Relic"],"build_version":"2020-12-22","purchased_purges":2,"victory":true,"max_hp_per_floor":[89,89,89,89,89,89,89,89,89,89,89,89,89,89,89,89,94,94,94,94,94,94,94,94,94,94,94,94,94,94,94,94,94,94,94,94,94,94,94,94,94,94,94,94,94,94,94,94,94,94],"relic_stats":{"Emotion Chip":[136,90,39,7,0],"Torii":3,"counters":[22,112],"Shuriken":[5],"Art of War":[7],"Ginger":[0],"obtain_stats":[{"Tiny House":17,"Torii":37,"Runic Capacitor":46,"Ginger":46,"Odd Mushroom":14,"Emotion Chip":6,"Anchor":43,"Shuriken":26,"Art of War":38,"Bottled Lightning":9,"Membership Card":25,"Toxic Egg 2":8,"Cracked Core":0,"Symbiotic Virus":25},{"Tiny House":8,"Torii":18,"Runic Capacitor":20,"Ginger":20,"Odd Mushroom":7,"Emotion Chip":4,"Anchor":19,"Shuriken":13,"Art of War":18,"Bottled Lightning":5,"Membership Card":13,"Toxic Egg 2":5,"Cracked Core":0,"Symbiotic Virus":13},{"Tiny House":41,"Torii":94,"Runic Capacitor":101,"Ginger":101,"Odd Mushroom":32,"Emotion Chip":17,"Anchor":98,"Shuriken":63,"Art of War":94,"Bottled Lightning":24,"Membership Card":63,"Toxic Egg 2":24,"Cracked Core":0,"Symbiotic Virus":63}]},"card_choices":[{"not_picked":["Chill","Chaos"],"picked":"Conserve Battery","floor":1.0},{"not_picked":["Go for the Eyes","Double Energy"],"picked":"Ball Lightning","floor":4.0},{"not_picked":["Recycle","Double Energy"],"picked":"Storm","floor":5.0},{"not_picked":["Scrape","Sunder"],"picked":"Ball Lightning","floor":6.0},{"not_picked":["Coolheaded+1","Genetic Algorithm+1"],"picked":"Auto Shields+1","floor":8.0},{"not_picked":["All For One","Cold Snap","Rebound"],"picked":"SKIP","floor":13.0},{"not_picked":["Capacitor","Stack+1"],"picked":"White Noise+1","floor":14},{"not_picked":["Amplify+1","Reboot+1"],"picked":"Fission+1","floor":16},{"not_picked":["Leap+1","Auto Shields+1"],"picked":"Barrage","floor":18},{"not_picked":["Rebound","Self Repair"],"picked":"Tempest+1","floor":20},{"not_picked":["Ball Lightning","Streamline"],"picked":"Conserve Battery+1","floor":21},{"not_picked":["Go for the Eyes","Recycle+1","Heatsinks+1"],"picked":"SKIP","floor":22},{"not_picked":["Ball Lightning","Steam+1"],"picked":"Barrage+1","floor":24},{"not_picked":["Gash","Coolheaded+1","Sweeping Beam"],"picked":"SKIP","floor":27},{"not_picked":["Streamline","Undo+1"],"picked":"Glacier+1","floor":29},{"not_picked":["Seek+1","Reboot+1"],"picked":"Rainbow+1","floor":33},{"not_picked":["Streamline+1","Go for the Eyes"],"picked":"Heatsinks+1","floor":35},{"not_picked":["Doom and Gloom","Darkness+1"],"picked":"Leap+1","floor":37},{"not_picked":["Beam Cell+1","Stack+1","Redo+1"],"picked":"SKIP","floor":41},{"not_picked":["Steam+1","Stack+1"],"picked":"Thunder Strike","floor":45},{"not_picked":["Stack+1","Ball Lightning","Doom and Gloom"],"picked":"SKIP","floor":47}],"player_experience":667753,"relics_obtained":[{"floor":6.0,"key":"Emotion Chip"},{"floor":8.0,"key":"Toxic Egg 2"},{"floor":9.0,"key":"Bottled Lightning"},{"floor":14,"key":"Odd Mushroom"},{"floor":26,"key":"Shuriken"},{"floor":37,"key":"Torii"},{"floor":38,"key":"Art of War"},{"floor":43,"key":"Anchor"}],"event_choices":[{"damage_healed":0.0,"max_hp_gain":0.0,"max_hp_loss":0.0,"gold_gain":0.0,"event_name":"Living Wall","player_choice":"Grow","floor":2.0,"gold_loss":0.0,"damage_taken":0.0,"cards_upgraded":["Conserve Battery"]},{"damage_healed":0.0,"max_hp_gain":0.0,"max_hp_loss":0.0,"gold_gain":0.0,"cards_transformed":["Strike_B"],"event_name":"Transmorgrifier","player_choice":"Transformed","floor":3.0,"gold_loss":0.0,"damage_taken":0.0,"cards_obtained":["Capacitor"]},{"damage_healed":0.0,"max_hp_gain":0.0,"max_hp_loss":0.0,"gold_gain":0.0,"event_name":"Scrap Ooze","player_choice":"Fled","floor":10.0,"gold_loss":0.0,"damage_taken":0.0},{"damage_healed":0,"gold_gain":0,"player_choice":"Fought Mushrooms","damage_taken":0,"max_hp_gain":0,"max_hp_loss":0,"event_name":"Mushrooms","floor":14,"gold_loss":0},{"damage_healed":0,"gold_gain":0,"player_choice":"Ignored","damage_taken":0,"max_hp_gain":0,"max_hp_loss":0,"event_name":"Cursed Tome","floor":19,"gold_loss":0},{"damage_healed":0,"gold_gain":0,"player_choice":"Ignored","damage_taken":0,"max_hp_gain":0,"max_hp_loss":0,"event_name":"Ghosts","floor":30,"gold_loss":0},{"damage_healed":0,"gold_gain":0,"player_choice":"Ignored","damage_taken":0,"max_hp_gain":0,"max_hp_loss":0,"event_name":"Mysterious Sphere","floor":36,"gold_loss":0},{"damage_healed":0,"gold_gain":0,"player_choice":"Fight","damage_taken":0,"max_hp_gain":0,"max_hp_loss":0,"event_name":"MindBloom","floor":37,"gold_loss":0},{"damage_healed":24,"gold_gain":0,"player_choice":"Writhe","damage_taken":0,"max_hp_gain":0,"max_hp_loss":0,"event_name":"Winding Halls","floor":39,"gold_loss":0,"cards_obtained":["Writhe"]},{"damage_healed":0,"gold_gain":0,"player_choice":"Got Potions","damage_taken":0,"max_hp_gain":0,"max_hp_loss":0,"event_name":"Lab","floor":48,"gold_loss":0}],"is_beta":false,"boss_relics":[{"not_picked":["Runic Dome","SlaversCollar"],"picked":"Tiny House"},{"not_picked":["Runic Pyramid","Astrolabe","Philosopher\u0027s Stone"]}],"items_purged_floors":[12,31],"is_endless":false,"potions_floor_spawned":[5,8,13,16,22,27,29,33,35,47],"ascension_level":8}}