{"host":"o5jvvi5yapo90aia","time":1612118357,"event":{"mods":["BaseMod","CapriCore","Minty Spire (QoL Compilation)","MostiFishMod","Prisma Mod","Spicy Shops","StSLib","TestMod","The Immortal","Yakumo Yukari mod","【人物mod】游戏王New YuGiOh mod","【功能Mod】Neow奖励"],"gold_per_floor":[109,126,126,146,146,146,181,181,181,206,206,231,231,243,243,319,319,338,253,253,50,67,104,140,177,216,228,276,288,139,176,176,258,258,282,282,303,303,323,357,357,393,393,433,433,472,493,493,493,503,513,513,513,12,61,76],"floor_reached":57,"language":"ZHS","playtime":2872,"items_purged":[],"score":4013,"play_id":"e9dd0b90-86e6-4c8b-8ed8-59884bd0dc26","local_time":"20210201023917","is_ascension_mode":true,"campfire_choices":[{"data":"Strike_P","floor":6.0,"key":"PURGE"},{"data":"Strike_P","floor":11.0,"key":"PURGE"},{"data":"Strike_P","floor":13.0,"key":"PURGE"},{"data":"Eruption","floor":15.0,"key":"PURGE"},{"data":"Defend_P","floor":29,"key":"PURGE"},{"data":"Vigilance","floor":32,"key":"PURGE"},{"floor":41,"key":"RECALL"},{"data":"Defend_P+1","floor":45,"key":"PURGE"},{"data":"EmptyMind+1","floor":49,"key":"PURGE"},{"data":"SignatureMove+1","floor":53,"key":"PURGE"}],"circlet_count":0,"master_deck":["AscendersBane","Defend_P+1","TalkToTheHand+1","Tantrum+1","Adaptation+1","MostiFishMod:StarOceanP+1","InnerPeace+1","MentalFortress+1","MostiFishMod:Speedup"],"relics":["DaveBox","testmod-TestBox","OneHitWonderSystem","FeatherPendant","testmod-Maize","SynthV:TestCard","Art of War","Matryoshka","PreservedInsect","testmod-Motorcycle","testmod-EnergyCheck","TeardropLocket","TheAbacus","MawBank","MealTicket","testmod-IndustrialRevolution","Juzu Bracelet","Civilization","Regal Pillow","Runic Pyramid","Mark of the Bloom","Toy Ornithopter","Potion Belt","Akabeko","Yang","Whetstone","testmod-CasingShield","testmod-AssaultLearning","Shuriken"],"acts_visited":["Exordium","TheCity","TheBeyond","TheEnding"],"potions_floor_usage":[56,56],"damage_taken":[{"damage":0.0,"enemies":"2 Louse","floor":1.0,"turns":2.0},{"damage":0.0,"enemies":"Small Slimes","floor":2.0,"turns":2.0},{"damage":0.0,"enemies":"Jaw Worm","floor":4.0,"turns":2.0},{"damage":0.0,"enemies":"Lagavulin","floor":7.0,"turns":3.0},{"damage":0.0,"enemies":"Gremlin Nob","floor":10.0,"turns":3.0},{"damage":0.0,"enemies":"Lagavulin","floor":12.0,"turns":3.0},{"damage":0.0,"enemies":"Blue Slaver","floor":14.0,"turns":1.0},{"damage":0.0,"enemies":"Slime Boss","floor":16.0,"turns":2.0},{"damage":0.0,"enemies":"3 Byrds","floor":18.0,"turns":4.0},{"damage":0.0,"enemies":"Spheric Guardian","floor":22.0,"turns":1.0},{"damage":0.0,"enemies":"Gremlin Leader","floor":23.0,"turns":1.0},{"damage":0.0,"enemies":"Cultist and Chosen","floor":24.0,"turns":2.0},{"damage":0.0,"enemies":"Shelled Parasite and Fungi","floor":25.0,"turns":1.0},{"damage":0,"enemies":"Slavers","floor":28,"turns":3},{"damage":0,"enemies":"Gremlin Leader","floor":31,"turns":1},{"damage":0,"enemies":"Automaton","floor":33,"turns":2},{"damage":0,"enemies":"Orb Walker","floor":35,"turns":1},{"damage":0,"enemies":"3 Darklings","floor":37,"turns":1},{"damage":0,"enemies":"Maw","floor":39,"turns":1},{"damage":0,"enemies":"Giant Head","floor":40,"turns":1},{"damage":0,"enemies":"Nemesis","floor":42,"turns":1},{"damage":0,"enemies":"Reptomancer","floor":44,"turns":1},{"damage":0,"enemies":"Giant Head","floor":46,"turns":1},{"damage":0,"enemies":"Sphere and 2 Shapes","floor":47,"turns":1},{"damage":0,"enemies":"Awakened One","floor":50,"turns":3},{"damage":0,"enemies":"Time Eater","floor":51,"turns":1},{"damage":0,"enemies":"Shield and Spear","floor":55,"turns":1},{"damage":0,"enemies":"The Heart","floor":56,"turns":5}],"seed_played":"-9078740342345120485","potions_obtained":[{"floor":1.0,"key":"AttackPotion"},{"floor":4.0,"key":"LiquidBronze"},{"floor":24.0,"key":"ColorlessPotion"},{"floor":37,"key":"DuplicationPotion"},{"floor":46,"key":"ColorlessPotion"}],"is_trial":false,"path_per_floor":["M","M","?","M","?","R","E","?","T","E","R","E","R","M","R","B",null,"M","?","?","$","M","E","M","M","T","$","E","R","$","E","R","B",null,"M","?","M","?","M","E","R","E","T","E","R","E","M","?","R","B","B",null,"R","$","E","B",null],"character_chosen":"WATCHER","items_purchased":["TheAbacus","InnerPeace","Civilization","testmod-CasingShield","testmod-AssaultLearning"],"campfire_rested":0,"item_purchase_floors":[21,21,30,54,54],"current_hp_per_floor":[1,1,1,1,1,1,1,1,1,1,1,1,1,1,1,1,1,1,1,1,1,1,1,1,1,1,1,1,1,1,2,1,3,1,4,1,1,1,1,1,1,1,1,1,1,1,1,1,1,1,1,1,1,1,1,1],"gold":76,"neow_bonus":"BOSS_RELIC","is_daily":false,"chose_seed":false,"campfire_upgraded":0,"win_rate":0.0,"timestamp":1612118357,"path_taken":["M","M","?","M","?","R","E","?","T","E","R","E","R","M","R","BOSS","M","?","?","$","M","E","M","?","T","$","E","R","$","E","R","BOSS","M","?","M","?","M","E","R","E","T","E","R","E","M","?","R","BOSS","BOSS","R","$","E","BOSS"],"items_purchased_type":["Relic","Card","Relic","Relic","Relic"],"build_version":"2020-12-22","purchased_purges":0,"victory":true,"max_hp_per_floor":[1,1,1,1,1,1,1,1,1,1,1,1,1,1,1,1,1,1,1,1,1,1,1,1,1,1,1,1,1,1,2,1,3,1,4,1,5,1,6,6,1,6,1,6,1,6,6,1,1,6,6,1,1,1,6,6],"card_choices":[{"not_picked":["Conclude","Perseverance","PathToVictory"],"picked":"SKIP","floor":1.0},{"not_picked":["DeceiveReality","MostiFishMod:LegendTransform","BowlingBash","SandsOfTime"],"picked":"SignatureMove","floor":2.0},{"not_picked":["SashWhip","Halt","MostiFishMod:Unraveling","Evaluate"],"picked":"TalkToTheHand","floor":3.0},{"not_picked":["Nirvana","Crescendo","Consecrate","JustLucky","EmptyFist"],"picked":"SKIP","floor":4.0},{"not_picked":["MostiFishMod:Clarity","Perseverance","ClearTheMind","EmptyBody","FlyingSleeves"],"picked":"SKIP","floor":7.0},{"not_picked":["MasterReality","ClearTheMind","ThirdEye","MostiFishMod:StarWish"],"picked":"Tantrum","floor":10.0},{"not_picked":["ClearTheMind","EmptyBody","Crescendo","MostiFishMod:PathToVictory","CutThroughFate"],"picked":"SKIP","floor":12.0},{"not_picked":["BattleHymn","FollowUp","Evaluate","Indignation"],"picked":"Adaptation","floor":14.0},{"not_picked":["MostiFishMod:Minus","SpiritShield","MostiFishMod:OutWit","MostiFishMod:Moonprays"],"picked":"MostiFishMod:StarOceanP","floor":16.0},{"not_picked":["Sanctity","BowlingBash","Tantrum","Protect+1","SashWhip"],"picked":"SKIP","floor":18.0},{"not_picked":["CrushJoints","Weave","EmptyFist","Worship+1","MostiFishMod:PathToVictory"],"picked":"SKIP","floor":22.0},{"not_picked":["Establishment","CarveReality","Consecrate","DevaForm","Crescendo"],"picked":"SKIP","floor":23.0},{"not_picked":["MostiFishMod:LegendTransform","JustLucky","PathToVictory","Protect","Crescendo"],"picked":"SKIP","floor":24.0},{"not_picked":["EmptyFist","Meditate","EmptyMind","SashWhip+1","CrushJoints"],"picked":"SKIP","floor":25.0},{"not_picked":["Vengeance","CrushJoints","Evaluate","EmptyBody","MostiFishMod:Minus"],"picked":"SKIP","floor":28},{"not_picked":["MostiFishMod:Clarity+1","CrushJoints","CarveReality+1","MostiFishMod:PathToVictory"],"picked":"MentalFortress+1","floor":31},{"not_picked":["Crescendo+1","ClearTheMind","Perseverance","Protect","Consecrate"],"picked":"SKIP","floor":35},{"not_picked":["Pray+1","SandsOfTime+1","FlurryOfBlows","EmptyMind","ThirdEye"],"picked":"SKIP","floor":37},{"not_picked":["Swivel","Pray+1","SashWhip","Worship","Collect"],"picked":"SKIP","floor":39},{"not_picked":["JustLucky","CrushJoints+1","WindmillStrike","Establishment","ClearTheMind"],"picked":"SKIP","floor":40},{"not_picked":["Adaptation+1","LikeWater+1","MostiFishMod:Clarity+1","FollowUp","FearNoEvil"],"picked":"SKIP","floor":42},{"not_picked":["Fasting2","CrushJoints","FlyingSleeves","Perseverance","WaveOfTheHand+1"],"picked":"SKIP","floor":44},{"not_picked":["Wireheading+1","Halt+1","MostiFishMod:FlowState+1","PathToVictory","Prostrate"],"picked":"SKIP","floor":46},{"not_picked":["BowlingBash","FollowUp+1","ClearTheMind","Judgement","FlyingSleeves"],"picked":"SKIP","floor":47},{"not_picked":["Ragnarok","MostiFishMod:Clarity","Swivel","BowlingBash+1"],"picked":"MostiFishMod:Speedup","floor":55}],"player_experience":1509369,"relics_obtained":[{"floor":1.0,"key":"SynthV:TestCard"},{"floor":7.0,"key":"Art of War"},{"floor":9.0,"key":"Matryoshka"},{"floor":10.0,"key":"PreservedInsect"},{"floor":12.0,"key":"testmod-Motorcycle"},{"floor":23.0,"key":"MawBank"},{"floor":26.0,"key":"MealTicket"},{"floor":26.0,"key":"testmod-IndustrialRevolution"},{"floor":28,"key":"Juzu Bracelet"},{"floor":31,"key":"Regal Pillow"},{"floor":40,"key":"Toy Ornithopter"},{"floor":42,"key":"Potion Belt"},{"floor":43,"key":"Akabeko"},{"floor":44,"key":"Yang"},{"floor":46,"key":"Whetstone"},{"floor":55,"key":"Shuriken"}],"event_choices":[{"damage_healed":0.0,"max_hp_gain":0.0,"max_hp_loss":0.0,"gold_gain":0.0,"event_name":"给自己的盒子","player_choice":"Swap Relic","floor":3.0,"relics_lost":["Orrery"],"gold_loss":0.0,"damage_taken":0.0,"relics_obtained":["Orrery"]},{"damage_healed":0.0,"max_hp_gain":0.0,"max_hp_loss":0.0,"gold_gain":0.0,"cards_transformed":["Strike_P"],"event_name":"Living Wall","player_choice":"Change","floor":5.0,"gold_loss":0.0,"damage_taken":0.0,"cards_obtained":["EmptyMind"]},{"damage_healed":0.0,"max_hp_gain":0.0,"max_hp_loss":0.0,"gold_gain":0.0,"event_name":"Scrap Ooze","player_choice":"Fled","floor":8.0,"gold_loss":0.0,"damage_taken":0.0},{"damage_healed":0.0,"max_hp_gain":0.0,"max_hp_loss":0.0,"gold_gain":0.0,"event_name":"Addict","player_choice":"Obtained Relic","floor":19.0,"gold_loss":85.0,"damage_taken":0.0,"relics_obtained":["TeardropLocket"]},{"cards_removed":["Defend_P"],"damage_healed":0.0,"max_hp_gain":0.0,"max_hp_loss":0.0,"gold_gain":0.0,"event_name":"Purifier","player_choice":"Purged","floor":20.0,"gold_loss":0.0,"damage_taken":0.0},{"damage_healed":0,"gold_gain":0,"player_choice":"Upgrade","damage_taken":0,"relics_obtained":["Mark of the Bloom"],"max_hp_gain":0,"max_hp_loss":0,"event_name":"MindBloom","floor":36,"gold_loss":0,"cards_upgraded":["Defend_P","Defend_P","SignatureMove","TalkToTheHand","EmptyMind","Tantrum","Adaptation","MostiFishMod:StarOceanP","InnerPeace"]},{"damage_healed":0,"gold_gain":0,"player_choice":"Ignored","damage_taken":0,"max_hp_gain":0,"max_hp_loss":0,"event_name":"Tomb of Lord Red Mask","floor":38,"gold_loss":0},{"damage_healed":0,"gold_gain":0,"player_choice":"Ignored","damage_taken":0,"max_hp_gain":0,"max_hp_loss":0,"event_name":"Duplicator","floor":48,"gold_loss":0}],"is_beta":false,"boss_relics":[{"not_picked":["NightmareShop","EE1DDrone"],"picked":"testmod-EnergyCheck"},{"not_picked":["testmod-BatchProcessingSystem","ExusiaiGun"],"picked":"Runic Pyramid"}],"items_purged_floors":[],"is_endless":false,"potions_floor_spawned":[1,4,7,12,22,24,25,35,37,40,46],"ascension_level":20}}