{"host":"9cg5yfdc0e9lbp3z","time":1612120592,"event":{"mods":["AchievementEnabler","BaseMod","Colored Map","Colored Powertips","DeckTracker","Minty Spire (QoL Compilation)"],"gold_per_floor":[110,110,185,208,218,218,229,255,280,304,316,328,373,385,397,529,541,574,501,0,30,42,54,54],"floor_reached":23,"language":"ENG","playtime":2535,"items_purged":[],"score":197,"play_id":"f1c7f411-374d-4573-a5a9-18d4acef7419","local_time":"20210131141632","is_ascension_mode":false,"campfire_choices":[{"floor":6,"key":"RECALL"},{"floor":11,"key":"REST"},{"floor":15,"key":"REST"}],"circlet_count":0,"master_deck":["Strike_B","Defend_B","Defend_B","Defend_B","Defend_B","Zap","Dualcast","Conserve Battery","BootSequence","All For One","Go for the Eyes","Coolheaded","Auto Shields","Rainbow","Fission+1","Self Repair+1","Force Field+1","Cold Snap","FTL+1","Writhe"],"relics":["Cracked Core","NeowsBlessing","Juzu Bracelet","MawBank","Regal Pillow","Golden Idol","Astrolabe","Nunchaku","Oddly Smooth Stone"],"acts_visited":["Exordium","TheCity"],"potions_floor_usage":[13,16],"damage_taken":[{"damage":0,"enemies":"Small Slimes","floor":1,"turns":1},{"damage":0,"enemies":"2 Louse","floor":5,"turns":1},{"damage":0,"enemies":"Jaw Worm","floor":7,"turns":1},{"damage":9,"enemies":"Gremlin Nob","floor":8,"turns":4},{"damage":0,"enemies":"Lots of Slimes","floor":10,"turns":4},{"damage":19,"enemies":"3 Sentries","floor":13,"turns":14},{"damage":32,"enemies":"Hexaghost","floor":16,"turns":19},{"damage":13,"enemies":"3 Byrds","floor":18,"turns":8},{"damage":10,"enemies":"2 Thieves","floor":21,"turns":5},{"damage":73,"enemies":"Centurion and Healer","floor":23,"turns":27}],"seed_played":"603509960715776063","potions_obtained":[{"floor":5,"key":"FocusPotion"},{"floor":7,"key":"BlessingOfTheForge"},{"floor":8,"key":"Fire Potion"},{"floor":16,"key":"Strength Potion"}],"is_trial":false,"path_per_floor":["M","?","?","T","M","R","M","E","T","M","R","$","E","?","R","B",null,"M","?","?","M","?","M"],"character_chosen":"DEFECT","items_purchased":[],"campfire_rested":2,"item_purchase_floors":[],"current_hp_per_floor":[75,75,64,64,64,64,64,55,55,55,75,75,56,38,75,43,75,72,72,72,72,72,0,0],"gold":54,"neow_bonus":"THREE_ENEMY_KILL","is_daily":false,"chose_seed":false,"campfire_upgraded":0,"win_rate":0.0,"timestamp":1612120592,"path_taken":["M","?","?","?","?","R","M","E","T","M","R","?","E","?","R","BOSS","M","?","?","M","?","M"],"items_purchased_type":[],"build_version":"2020-12-22","purchased_purges":0,"victory":false,"max_hp_per_floor":[75,75,75,75,75,75,75,75,75,75,75,75,75,75,75,75,75,75,75,75,75,75,75,75],"card_choices":[{"not_picked":["Gash","Sunder"],"picked":"Conserve Battery","floor":1},{"not_picked":["Hello World","Stack"],"picked":"BootSequence","floor":5},{"not_picked":["Beam Cell","Conserve Battery"],"picked":"All For One","floor":7},{"not_picked":["Rebound","Genetic Algorithm"],"picked":"Go for the Eyes","floor":8},{"not_picked":["Conserve Battery","Loop"],"picked":"Coolheaded","floor":10},{"not_picked":["Ball Lightning","Go for the Eyes"],"picked":"Auto Shields","floor":13},{"not_picked":["Machine Learning","Biased Cognition"],"picked":"Rainbow","floor":16},{"not_picked":["Reprogram+1","Redo"],"picked":"Cold Snap","floor":18},{"not_picked":["Auto Shields","Rip and Tear+1"],"picked":"FTL+1","floor":21}],"player_experience":49435,"relics_obtained":[{"floor":8,"key":"Juzu Bracelet"},{"floor":9,"key":"MawBank"},{"floor":13,"key":"Regal Pillow"}],"event_choices":[{"damage_healed":0,"gold_gain":0,"player_choice":"Leave","damage_taken":0,"max_hp_gain":0,"max_hp_loss":0,"event_name":"The Cleric","floor":2,"gold_loss":0},{"damage_healed":0,"gold_gain":75,"player_choice":"Gather Gold","damage_taken":11,"max_hp_gain":0,"max_hp_loss":0,"event_name":"World of Goop","floor":3,"gold_loss":0},{"damage_healed":0,"gold_gain":0,"player_choice":"Take Damage","damage_taken":18,"relics_obtained":["Golden Idol"],"max_hp_gain":0,"max_hp_loss":0,"event_name":"Golden Idol","floor":14,"gold_loss":0},{"damage_healed":0,"gold_gain":0,"player_choice":"Obtained Relic","damage_taken":0,"relics_obtained":["Nunchaku"],"max_hp_gain":0,"max_hp_loss":0,"event_name":"Addict","floor":19,"gold_loss":85},{"damage_healed":0,"gold_gain":0,"player_choice":"Paid Fearfully","damage_taken":0,"max_hp_gain":0,"max_hp_loss":0,"event_name":"Masked Bandits","floor":20,"gold_loss":513},{"damage_healed":0,"gold_gain":0,"player_choice":"Opened","damage_taken":0,"relics_obtained":["Oddly Smooth Stone"],"max_hp_gain":0,"max_hp_loss":0,"event_name":"The Mausoleum","floor":22,"gold_loss":0,"cards_obtained":["Writhe"]}],"is_beta":false,"boss_relics":[{"not_picked":["Snecko Eye","Coffee Dripper"],"picked":"Astrolabe"}],"items_purged_floors":[],"is_endless":false,"potions_floor_spawned":[5,7,8,16],"killed_by":"Centurion and Healer","ascension_level":0}}