{"host":"facnppb4175fcpe2","time":1612093521,"event":{"mods":["AchievementEnabler","BaseMod","Colored Map","Colored Powertips","Highlight Path","Minty Spire (QoL Compilation)","Quick Restart","Rare Cards Sparkle","Relic Stats","StSLib","SuperFastMode"],"gold_per_floor":[112,112,112,131,147,147,180,180,180,199,227,227,246,260,260,260,260],"floor_reached":16,"language":"ZHS","playtime":297,"items_purged":[],"score":140,"play_id":"da48abf5-527e-45fe-afbe-1617fa488d16","local_time":"20210131194521","is_ascension_mode":true,"campfire_choices":[{"data":"Bash","floor":6,"key":"SMITH"},{"data":"Uppercut","floor":8,"key":"SMITH"},{"data":"Pummel","floor":15,"key":"SMITH"}],"circlet_count":0,"master_deck":["Strike_R","Strike_R","Strike_R","Strike_R","Defend_R","Defend_R","Defend_R","Defend_R","Bash+1","Uppercut+1","Pummel+1"],"relics":["Burning Blood","Pear","Happy Flower","Gremlin Horn","Self Forming Clay"],"acts_visited":["Exordium"],"potions_floor_usage":[16],"damage_taken":[{"damage":6,"enemies":"Cultist","floor":1,"turns":3},{"damage":9,"enemies":"Jaw Worm","floor":4,"turns":5},{"damage":4,"enemies":"Small Slimes","floor":5,"turns":3},{"damage":52,"enemies":"Lagavulin","floor":7,"turns":6},{"damage":5,"enemies":"Blue Slaver","floor":10,"turns":5},{"damage":28,"enemies":"Gremlin Nob","floor":11,"turns":4},{"damage":5,"enemies":"2 Fungi Beasts","floor":13,"turns":3},{"damage":11,"enemies":"Lots of Slimes","floor":14,"turns":3},{"damage":59,"enemies":"Slime Boss","floor":16,"turns":8}],"seed_played":"5323896057767369383","potions_obtained":[{"floor":4,"key":"Swift Potion"},{"floor":5,"key":"Swift Potion"},{"floor":11,"key":"FairyPotion"}],"is_trial":false,"path_per_floor":["M","$","T","M","M","R","E","R","T","M","E","$","M","M","R","B"],"character_chosen":"IRONCLAD","items_purchased":[],"campfire_rested":0,"item_purchase_floors":[],"current_hp_per_floor":[80,80,90,87,89,89,43,43,43,44,22,22,23,18,18,0,0],"gold":260,"neow_bonus":"REMOVE_CARD","is_daily":false,"chose_seed":false,"campfire_upgraded":3,"win_rate":0.0,"timestamp":1612093521,"path_taken":["M","?","?","M","M","R","E","R","T","M","E","?","M","M","R","BOSS"],"items_purchased_type":[],"build_version":"2020-12-22","purchased_purges":0,"victory":false,"max_hp_per_floor":[80,80,90,90,90,90,90,90,90,90,90,90,90,90,90,90,90],"relic_stats":{"Happy Flower":[7],"Gremlin Horn":[6,6],"counters":[9,40],"Self Forming Clay":[18],"obtain_stats":[{"Pear":3,"Happy Flower":7,"Gremlin Horn":9,"Self Forming Clay":11,"Burning Blood":0},{"Pear":1,"Happy Flower":4,"Gremlin Horn":4,"Self Forming Clay":6,"Burning Blood":0},{"Pear":3,"Happy Flower":17,"Gremlin Horn":17,"Self Forming Clay":26,"Burning Blood":0}],"Burning Blood":48},"card_choices":[{"not_picked":["Warcry","Wild Strike","Intimidate"],"picked":"SKIP","floor":1},{"not_picked":["Armaments","Perfected Strike","Second Wind"],"picked":"SKIP","floor":4},{"not_picked":["Wild Strike","Reckless Charge","Anger"],"picked":"SKIP","floor":5},{"not_picked":["Iron Wave","Metallicize"],"picked":"Uppercut","floor":7},{"not_picked":["Iron Wave","Pommel Strike","Perfected Strike"],"picked":"SKIP","floor":10},{"not_picked":["Clothesline","Seeing Red","Bloodletting"],"picked":"SKIP","floor":11},{"not_picked":["Pommel Strike","Twin Strike"],"picked":"Pummel","floor":13},{"not_picked":["Perfected Strike","Dark Embrace","Headbutt"],"picked":"SKIP","floor":14}],"player_experience":101949,"relics_obtained":[{"floor":3,"key":"Pear"},{"floor":7,"key":"Happy Flower"},{"floor":9,"key":"Gremlin Horn"},{"floor":11,"key":"Self Forming Clay"}],"event_choices":[],"is_beta":false,"boss_relics":[],"items_purged_floors":[],"is_endless":false,"potions_floor_spawned":[4,5,11],"killed_by":"Slime Boss","ascension_level":5}}