{"host":"gobyjzz6xbwq9f9i","time":1612081196,"event":{"mods":["AchievementEnabler","BaseMod","Bestiary","Colored Map","Minty Spire (QoL Compilation)","Relic Stats"],"gold_per_floor":[114,114,124,124,135,170,170,203,203,221,221,70,87,122,122,226,226,245,43,54,54,68,68,95,95,95,10,10,20,54,74,74,173,173,185,201,247,267,284,284,309,309,309,337,356,356,368,395,395,395,395,395,41,73,73],"floor_reached":56,"language":"ENG","playtime":3670,"items_purged":[],"score":1376,"play_id":"d9014498-f648-48bf-9646-3f9fcbb6f0fd","local_time":"20210131001956","is_ascension_mode":true,"campfire_choices":[{"data":"BowlingBash","floor":7,"key":"SMITH"},{"data":"CarveReality","floor":11,"key":"SMITH"},{"data":"WaveOfTheHand","floor":15,"key":"SMITH"},{"data":"Conclude","floor":23,"key":"SMITH"},{"data":"WindmillStrike","floor":25,"key":"SMITH"},{"floor":28,"key":"DIG"},{"data":"Ragnarok","floor":32,"key":"SMITH"},{"floor":40,"key":"DIG"},{"floor":42,"key":"DIG"},{"floor":46,"key":"DIG"},{"floor":49,"key":"RECALL"},{"data":"Wallop","floor":52,"key":"SMITH"}],"circlet_count":0,"master_deck":["Strike_P","Strike_P+1","Defend_P+1","Defend_P+1","Defend_P+1","Eruption+1","Vigilance+1","SandsOfTime+1","WaveOfTheHand+1","BowlingBash+1","Conclude+1","CarveReality+1","Evaluate+1","MentalFortress+1","ThirdEye+1","LessonLearned+1","Halt+1","WindmillStrike+1","CutThroughFate+1","Swivel+1","Tantrum","Ragnarok+1","DevaForm+1","EmptyFist+1","WreathOfFlame+1","WaveOfTheHand+1","Wallop+1","Vengeance+1","ReachHeaven+1","SashWhip+1","FearNoEvil","Vault+1","Meditate"],"relics":["Coffee Dripper","Tiny Chest","Question Card","Akabeko","PreservedInsect","The Courier","Snecko Eye","Eternal Feather","Nilry\u0027s Codex","Regal Pillow","Shovel","Anchor","Blue Candle","Potion Belt","Astrolabe","Centennial Puzzle","War Paint","Art of War","Pantograph","Prayer Wheel","Frozen Egg 2","Bag of Preparation","Turnip","Shuriken"],"acts_visited":["Exordium","TheCity","TheBeyond","TheEnding"],"potions_floor_usage":[14,30,33,41,41,50,50,55,55,55],"damage_taken":[{"damage":0,"enemies":"2 Louse","floor":1,"turns":4},{"damage":6,"enemies":"Jaw Worm","floor":3,"turns":2},{"damage":2,"enemies":"Small Slimes","floor":5,"turns":3},{"damage":27,"enemies":"Gremlin Nob","floor":6,"turns":3},{"damage":17,"enemies":"3 Sentries","floor":8,"turns":4},{"damage":6,"enemies":"Exordium Wildlife","floor":10,"turns":3},{"damage":6,"enemies":"Exordium Thugs","floor":13,"turns":4},{"damage":10,"enemies":"Lagavulin","floor":14,"turns":5},{"damage":2,"enemies":"Hexaghost","floor":16,"turns":9},{"damage":0,"enemies":"Spheric Guardian","floor":18,"turns":3},{"damage":0,"enemies":"Chosen","floor":20,"turns":4},{"damage":0,"enemies":"Sentry and Sphere","floor":22,"turns":3},{"damage":13,"enemies":"Book of Stabbing","floor":24,"turns":5},{"damage":0,"enemies":"Centurion and Healer","floor":29,"turns":4},{"damage":0,"enemies":"Gremlin Leader","floor":30,"turns":5},{"damage":2,"enemies":"Snake Plant","floor":31,"turns":3},{"damage":0,"enemies":"Collector","floor":33,"turns":2},{"damage":0,"enemies":"3 Shapes","floor":35,"turns":4},{"damage":4,"enemies":"3 Darklings","floor":36,"turns":4},{"damage":0,"enemies":"Transient","floor":38,"turns":5},{"damage":15,"enemies":"Writhing Mass","floor":39,"turns":3},{"damage":18,"enemies":"Reptomancer","floor":41,"turns":5},{"damage":2,"enemies":"Giant Head","floor":44,"turns":5},{"damage":0,"enemies":"3 Darklings","floor":45,"turns":4},{"damage":0,"enemies":"4 Shapes","floor":47,"turns":3},{"damage":22,"enemies":"Reptomancer","floor":48,"turns":4},{"damage":33,"enemies":"Awakened One","floor":50,"turns":10},{"damage":68,"enemies":"Shield and Spear","floor":54,"turns":4},{"damage":47,"enemies":"The Heart","floor":55,"turns":10}],"seed_played":"3396172697212490430","potions_obtained":[{"floor":1,"key":"Regen Potion"},{"floor":8,"key":"Fire Potion"},{"floor":14,"key":"BlessingOfTheForge"},{"floor":16,"key":"Weak Potion"},{"floor":24,"key":"SteroidPotion"},{"floor":30,"key":"Swift Potion"},{"floor":31,"key":"Regen Potion"},{"floor":35,"key":"Fire Potion"},{"floor":44,"key":"PowerPotion"},{"floor":45,"key":"DistilledChaos"},{"floor":48,"key":"DistilledChaos"},{"floor":54,"key":"Ambrosia"}],"is_trial":false,"path_per_floor":["M","?","M","?","M","E","R","E","T","M","R","$","M","E","R","B",null,"M","$","M","?","M","R","E","R","T","?","R","M","E","M","R","B",null,"M","M","T","M","M","R","E","R","T","E","M","R","M","E","R","B",null,"R","$","E","B",null],"character_chosen":"WATCHER","items_purchased":["PreservedInsect","Eternal Feather","Turnip","Vault"],"campfire_rested":0,"item_purchase_floors":[12,19,53,53],"current_hp_per_floor":[72,72,66,71,69,42,42,25,25,19,19,19,13,17,17,15,77,77,77,77,61,61,73,60,72,72,72,77,77,77,75,77,77,77,77,73,73,73,58,73,55,70,70,68,68,77,77,55,73,44,77,77,77,9,2],"gold":73,"neow_bonus":"BOSS_RELIC","is_daily":false,"chose_seed":false,"campfire_upgraded":7,"win_rate":0.0,"timestamp":1612081196,"path_taken":["M","?","M","?","M","E","R","E","T","M","R","?","M","E","R","BOSS","M","$","M","?","M","R","E","R","T","?","R","M","E","M","R","BOSS","M","M","?","M","M","R","E","R","T","E","M","R","M","E","R","BOSS","R","$","E","BOSS"],"items_purchased_type":["Relic","Relic","Relic","Card"],"build_version":"2020-12-22","purchased_purges":0,"victory":true,"max_hp_per_floor":[72,72,72,77,77,77,77,77,77,77,77,77,77,77,77,77,77,77,77,77,77,77,77,77,77,77,77,77,77,77,77,77,77,77,77,77,77,77,77,77,77,77,77,77,77,77,77,77,77,77,77,77,77,77,77],"relic_stats":{"Regal Pillow":0,"counters":[29,127],"Blue Candle":[0],"Astrolabe":["EmptyFist","WreathOfFlame","WaveOfTheHand"],"Eternal Feather":88,"PreservedInsect":427,"Bag of Preparation":[6],"War Paint":["Halt","ThirdEye"],"Question Card":24,"Centennial Puzzle":[21],"Shovel":4,"Shuriken":[6],"Pantograph":29,"Snecko Eye":[168,178,161,174],"Tiny Chest":1,"Prayer Wheel":2,"Turnip":[2],"Art of War":[5],"obtain_stats":[{"Regal Pillow":24,"Nilry\u0027s Codex":21,"Bag of Preparation":48,"Centennial Puzzle":37,"Shovel":26,"Pantograph":42,"Tiny Chest":6,"Prayer Wheel":44,"Potion Belt":30,"Blue Candle":28,"Astrolabe":34,"Eternal Feather":19,"PreservedInsect":12,"The Courier":14,"War Paint":40,"Frozen Egg 2":46,"Question Card":8,"Akabeko":9,"Anchor":27,"Shuriken":54,"Snecko Eye":17,"Turnip":53,"Coffee Dripper":0,"Art of War":41,"PureWater":0},{"Regal Pillow":13,"Nilry\u0027s Codex":11,"Bag of Preparation":26,"Centennial Puzzle":19,"Shovel":13,"Pantograph":22,"Tiny Chest":4,"Prayer Wheel":23,"Potion Belt":15,"Blue Candle":13,"Astrolabe":17,"Eternal Feather":10,"PreservedInsect":6,"The Courier":8,"War Paint":21,"Frozen Egg 2":24,"Question Card":5,"Akabeko":5,"Anchor":13,"Shuriken":28,"Snecko Eye":9,"Turnip":27,"Coffee Dripper":0,"Art of War":22,"PureWater":0},{"Regal Pillow":52,"Nilry\u0027s Codex":44,"Bag of Preparation":103,"Centennial Puzzle":74,"Shovel":52,"Pantograph":87,"Tiny Chest":12,"Prayer Wheel":92,"Potion Belt":61,"Blue Candle":52,"Astrolabe":66,"Eternal Feather":40,"PreservedInsect":19,"The Courier":28,"War Paint":82,"Frozen Egg 2":96,"Question Card":16,"Akabeko":16,"Anchor":52,"Shuriken":117,"Snecko Eye":37,"Turnip":113,"Coffee Dripper":0,"Art of War":87,"PureWater":0}]},"card_choices":[{"not_picked":["InnerPeace","Crescendo"],"picked":"SandsOfTime","floor":1},{"not_picked":["EmptyMind","Study"],"picked":"WaveOfTheHand","floor":3},{"not_picked":["Protect","Vault"],"picked":"BowlingBash","floor":5},{"not_picked":["Evaluate","DeusExMachina"],"picked":"Conclude","floor":6},{"not_picked":["ClearTheMind","CrushJoints"],"picked":"CarveReality","floor":8},{"not_picked":["Collect","Conclude","WreathOfFlame"],"picked":"Evaluate","floor":10},{"not_picked":["CarveReality","ThirdEye","JustLucky"],"picked":"MentalFortress","floor":13},{"not_picked":["Blasphemy","PathToVictory","MentalFortress"],"picked":"ThirdEye","floor":14},{"not_picked":["DeusExMachina","ConjureBlade","Devotion"],"picked":"LessonLearned","floor":16},{"not_picked":["CutThroughFate","Weave","FollowUp"],"picked":"Halt","floor":18},{"not_picked":["FlyingSleeves+1","EmptyBody","JustLucky"],"picked":"WindmillStrike","floor":20},{"not_picked":["Consecrate","Meditate","Study"],"picked":"CutThroughFate+1","floor":22},{"not_picked":["Adaptation","CrushJoints","EmptyBody"],"picked":"Swivel+1","floor":24},{"not_picked":["Prostrate+1","Weave","FlyingSleeves"],"picked":"Tantrum","floor":29},{"not_picked":["Sanctity","WindmillStrike","FlyingSleeves","Worship"],"picked":"SKIP","floor":30},{"not_picked":["FearNoEvil","CrushJoints","Wireheading+1"],"picked":"Ragnarok","floor":31},{"not_picked":["Alpha","SpiritShield","Ragnarok"],"picked":"DevaForm","floor":33},{"not_picked":["InnerPeace","Protect","Halt+1"],"picked":"Wallop","floor":35},{"not_picked":["Consecrate","CrushJoints","SashWhip","PathToVictory+1"],"picked":"SKIP","floor":36},{"not_picked":["Worship","EmptyMind+1","LessonLearned","Halt"],"picked":"SKIP","floor":38},{"not_picked":["Worship+1","Prostrate+1","Consecrate+1","PathToVictory+1"],"picked":"SKIP","floor":39},{"not_picked":["Worship+1","Evaluate+1","MentalFortress"],"picked":"Vengeance+1","floor":41},{"not_picked":["WreathOfFlame","Vengeance+1","EmptyBody"],"picked":"ReachHeaven","floor":44},{"not_picked":["EmptyMind","CutThroughFate","ConjureBlade"],"picked":"SashWhip+1","floor":45},{"not_picked":["CrushJoints","Worship","JustLucky","BowlingBash"],"picked":"SKIP","floor":45},{"not_picked":["Prostrate+1","PathToVictory","Perseverance+1","Halt+1"],"picked":"SKIP","floor":47},{"not_picked":["ReachHeaven+1","Study+1","EmptyBody","Halt+1"],"picked":"SKIP","floor":47},{"not_picked":["CrushJoints","FollowUp","Wallop"],"picked":"FearNoEvil","floor":48},{"not_picked":["Indignation","Judgement","Conclude"],"picked":"Meditate","floor":54}],"player_experience":1229965,"relics_obtained":[{"floor":6,"key":"Tiny Chest"},{"floor":8,"key":"Question Card"},{"floor":9,"key":"Akabeko"},{"floor":14,"key":"The Courier"},{"floor":21,"key":"Nilry\u0027s Codex"},{"floor":24,"key":"Regal Pillow"},{"floor":26,"key":"Shovel"},{"floor":28,"key":"Blue Candle"},{"floor":30,"key":"Potion Belt"},{"floor":37,"key":"Centennial Puzzle"},{"floor":40,"key":"War Paint"},{"floor":41,"key":"Art of War"},{"floor":42,"key":"Pantograph"},{"floor":44,"key":"Prayer Wheel"},{"floor":46,"key":"Frozen Egg 2"},{"floor":48,"key":"Bag of Preparation"},{"floor":54,"key":"Shuriken"}],"event_choices":[{"damage_healed":0,"gold_gain":0,"player_choice":"Grow","damage_taken":0,"max_hp_gain":0,"max_hp_loss":0,"event_name":"Living Wall","floor":2,"gold_loss":0,"cards_upgraded":["SandsOfTime"]},{"damage_healed":0,"gold_gain":0,"player_choice":"Donut","damage_taken":0,"max_hp_gain":5,"max_hp_loss":0,"event_name":"Big Fish","floor":4,"gold_loss":0},{"damage_healed":0,"gold_gain":0,"player_choice":"Obtained Book","damage_taken":16,"max_hp_gain":0,"max_hp_loss":0,"event_name":"Cursed Tome","floor":21,"gold_loss":0},{"damage_healed":0,"gold_gain":0,"player_choice":"Obtained Relic","damage_taken":0,"relics_obtained":["Anchor"],"max_hp_gain":0,"max_hp_loss":0,"event_name":"Addict","floor":27,"gold_loss":85}],"is_beta":false,"boss_relics":[{"not_picked":["Sozu","Tiny House"],"picked":"Snecko Eye"},{"not_picked":["Calling Bell","Black Star"],"picked":"Astrolabe"}],"items_purged_floors":[],"is_endless":false,"potions_floor_spawned":[1,8,14,16,18,24,30,31,35,44,45,48,54],"ascension_level":1}}