{"host":"6drv1qzpbnls60z2","time":1612081066,"event":{"mods":["ATMod(°¢èªMod)","Act Like it!","Arknights","BaseMod","Hallownest","Minty Spire (QoL Compilation)","Reimu£¨²©ÀöÁéÃÎ£©","Replay The Spire","Shop Mod","Spicy Shops","StSLib","The Dragon Tamer","Uncapped","¡¾ÒÅÎï¿¨ÅÆ¡¿REMEMod","²ÐÁôÖ®Îï","óô»ðÖ¸ÄÏ"],"gold_per_floor":[112,132,151,31,51,51,16,46,46,46,46,61,88,102,102,179,179,193,103,171,188,188,188,188],"floor_reached":23,"language":"ZHS","playtime":1623,"items_purged":[],"score":602,"play_id":"d19d8d0b-b2a3-4147-a2d3-18e39812dd3a","local_time":"20210131161746","daily_mods":["SealedDeck"],"is_ascension_mode":true,"campfire_choices":[{"data":"AT_RealColorLess","floor":6,"key":"SMITH"},{"data":"ats:Phantom","floor":10,"key":"SMITH"},{"data":"ats:Assault Order","floor":15,"key":"SMITH"}],"circlet_count":0,"master_deck":["AscendersBane","AT_RealColorLess+1","Bludgeon","ats:Poison Spread","ats:Rapid Magazine","ats:Shell Defense","ats:Shell Defense","ats:Guard Mode","ats:Flexible Camouflage","ats:Closed Bolt Burst Fire","ats:Part Time Job","ats:Sashimi Platter","ats:Phantom+1","ats:Closed Bolt Burst Fire","ats:Sashimi Platter","ats:Soul Absorption","ats:Neurotoxin","ats:Neurotoxin","ats:Revitalization","ats:Assault Order+1","ats:Sashimi Platter","ats:Dogmatic Field+1","ats:Shell Defense","ats:Ambush+1","ats:Explosion Area Strengthen","ats:Closed Bolt Burst Fire","ats:Absolute Focus"],"relics":["ats:Sanity","AT_ATBox","REME_ComplimentaryCards","ats:Originium","Potion Belt","Frozen Egg 2","Ornamental Fan","Toy Ornithopter","REME_DemonsWealth","ReplayTheSpireMod:Ninjato"],"acts_visited":["Exordium","TheCity"],"potions_floor_usage":[13,13,23,23],"damage_taken":[{"damage":7,"enemies":"2 Louse","floor":1,"turns":3},{"damage":0,"enemies":"Cultist","floor":2,"turns":2},{"damage":6,"enemies":"Small Slimes","floor":3,"turns":3},{"damage":22,"enemies":"Looter","floor":5,"turns":3},{"damage":40,"enemies":"Lagavulin","floor":8,"turns":5},{"damage":21,"enemies":"Blue Slaver","floor":12,"turns":4},{"damage":33,"enemies":"Gremlin Nob","floor":13,"turns":4},{"damage":26,"enemies":"Large Slime","floor":14,"turns":7},{"damage":90,"enemies":"Slime Boss","floor":16,"turns":14},{"damage":59,"enemies":"3 Byrds","floor":18,"turns":5},{"damage":21,"enemies":"Shell Parasite","floor":21,"turns":8},{"damage":93,"enemies":"Slavers","floor":23,"turns":4}],"seed_played":"2503787985293487225","potions_obtained":[{"floor":1,"key":"ats:Emergency Sanity Potion"},{"floor":5,"key":"Swift Potion"},{"floor":12,"key":"ColorlessPotion"},{"floor":13,"key":"CultistPotion"},{"floor":18,"key":"Doom Potion"}],"is_trial":true,"path_per_floor":["M","M","M","$","M","R","?","E","T","R","?","M","E","M","R","B",null,"M","$","T","M","?","E"],"character_chosen":"DOCTOR_CLASS","items_purchased":["ats:Neurotoxin","ats:Revitalization","ats:Closed Bolt Burst Fire"],"campfire_rested":0,"item_purchase_floors":[4,4,19],"current_hp_per_floor":[69,72,72,72,59,59,72,37,37,37,37,31,33,68,68,72,72,36,36,36,60,60,0,0],"gold":188,"neow_bonus":"","is_daily":false,"chose_seed":false,"campfire_upgraded":3,"win_rate":0.0,"timestamp":1612081066,"path_taken":["M","M","M","$","M","R","?","E","T","R","?","M","E","M","R","BOSS","M","$","?","M","?","E"],"items_purchased_type":["Card","Card","Card"],"build_version":"2020-12-22","purchased_purges":0,"victory":false,"max_hp_per_floor":[72,72,72,72,72,72,72,72,72,72,72,72,72,72,72,72,72,72,72,72,72,72,72,72],"card_choices":[{"not_picked":["ats:Counter Healing Mode","ats:Explosion Area Strengthen"],"picked":"ats:Closed Bolt Burst Fire","floor":1},{"not_picked":["ats:Automatic Cover","ats:Leaping Hammer"],"picked":"ats:Sashimi Platter","floor":2},{"not_picked":["ats:Shadow Raid","ats:Thorns"],"picked":"ats:Soul Absorption","floor":3},{"not_picked":["ats:Guard Mode","ats:Sunburst"],"picked":"ats:Powerful Strike","floor":5},{"not_picked":["ats:Hammer On","ats:Cat Scratch"],"picked":"ats:Assault Order","floor":8},{"not_picked":["ats:Red Shift","ats:Shell Defense"],"picked":"ats:Sashimi Platter","floor":12},{"not_picked":["ats:Song Of Battle+1","ats:Shell Defense"],"picked":"ats:Dogmatic Field+1","floor":13},{"not_picked":["ats:Curse Doll","ats:Demon Strength+1"],"picked":"ats:Shell Defense","floor":14},{"not_picked":["ats:Shadow Assault","ats:Disruption Kick"],"picked":"ats:Ambush+1","floor":16},{"not_picked":["ats:Phantom+1","ats:Guard Mode","ReplayTheSpireMod:Doomed"],"picked":"ats:Explosion Area Strengthen","floor":18},{"not_picked":["ats:Soul Absorption","ats:Leaping Hammer","Looming Evil"],"picked":"ats:Absolute Focus","floor":21}],"player_experience":155264,"relics_obtained":[{"floor":8,"key":"ats:Originium"},{"floor":8,"key":"Potion Belt"},{"floor":9,"key":"Frozen Egg 2"},{"floor":13,"key":"ats:Originium"},{"floor":13,"key":"Toy Ornithopter"},{"floor":20,"key":"ReplayTheSpireMod:Ninjato"}],"event_choices":[{"damage_healed":18,"gold_gain":0,"player_choice":"Healed","damage_taken":0,"max_hp_gain":0,"max_hp_loss":0,"event_name":"The Cleric","floor":7,"gold_loss":35},{"cards_removed":["ats:Powerful Strike"],"damage_healed":0,"gold_gain":0,"player_choice":"Gave Card","damage_taken":0,"relics_obtained":["Ornamental Fan"],"max_hp_gain":0,"max_hp_loss":0,"event_name":"WeMeetAgain","floor":11,"gold_loss":0},{"damage_healed":0,"gold_gain":0,"player_choice":"Ignored","damage_taken":0,"max_hp_gain":0,"max_hp_loss":0,"event_name":"Beggar","floor":22,"gold_loss":0}],"is_beta":false,"boss_relics":[{"not_picked":["Ring of Chaos","Abe\u0027s Treasure"],"picked":"REME_DemonsWealth"}],"items_purged_floors":[],"is_endless":true,"potions_floor_spawned":[1,5,12,13,18],"killed_by":"Slavers","ascension_level":20}}