{"host":"17uzppmr1r5fe5jj","time":1612086505,"event":{"mods":["BaseMod","Colored Map","HololiveMod","Minty Spire (QoL Compilation)","Quick Restart","StSLib"],"gold_per_floor":[125,179,179,232,345,345,378,378,378,378,403,403,98,98,98,342,342,390,448,509,590,672,753,838,983,1006,1032,600,649,649,748,748,988,988,1043,1127,1249,1337,610,610,791,540,540,540,592,257,257,401,401,539],"floor_reached":51,"language":"ZHS","playtime":3066,"items_purged":["Hololive_Defend","Hololive_Defend","Parasite","Hololive_Strike"],"score":1089,"play_id":"96cd0807-d809-4342-a6d8-c0c937308efd","local_time":"20210131174825","is_ascension_mode":false,"campfire_choices":[{"data":"Hololive_CallSakuraMiko","floor":6.0,"key":"SMITH"},{"data":"Discovery","floor":8.0,"key":"SMITH"},{"data":"Hololive_CallSakuraMiko","floor":12.0,"key":"SMITH"},{"data":"Hololive_Spy","floor":15.0,"key":"SMITH"},{"data":"Hololive_CallSakuraMiko","floor":32.0,"key":"SMITH"},{"floor":40.0,"key":"DIG"},{"floor":44,"key":"DIG"},{"floor":47,"key":"DIG"},{"floor":49,"key":"DIG"}],"circlet_count":0,"master_deck":["Hololive_Defend","Hololive_CallSakuraMiko+1","Hololive_CallSakuraMiko","Hololive_CallSakuraMiko","Hololive_CallSakuraMiko+1","Hololive_CallSakuraMiko+1","Discovery+1","Hololive_CallDoris","Hololive_Spy+1","Finesse","Hololive_SoulCatcher","Dark Shackles"],"relics":["Hololive_TheStar","Hololive_TopUpMoney","InkBottle","MealTicket","Bag of Preparation","SacredBark","Dead Branch","Vajra","Hololive_LightStick","Lee\u0027s Waffle","MutagenicStrength","Kunai","Coffee Dripper","Incense Burner","Shovel","Orichalcum","PrismaticShard","Smiling Mask","Pen Nib","Mercury Hourglass","Bag of Marbles","HornCleat","Toy Ornithopter","Ornamental Fan","Lantern"],"acts_visited":["TheCity","TheBeyond"],"potions_floor_usage":[48,50,50,50],"damage_taken":[{"damage":0.0,"enemies":"Small Slimes","floor":1.0,"turns":3.0},{"damage":0.0,"enemies":"Jaw Worm","floor":2.0,"turns":4.0},{"damage":0.0,"enemies":"Cultist","floor":4.0,"turns":3.0},{"damage":0.0,"enemies":"Large Slime","floor":5.0,"turns":4.0},{"damage":0.0,"enemies":"Exordium Thugs","floor":7.0,"turns":6.0},{"damage":0.0,"enemies":"The Guardian","floor":16.0,"turns":6.0},{"damage":0.0,"enemies":"Shell Parasite","floor":18.0,"turns":2.0},{"damage":0.0,"enemies":"Chosen","floor":19.0,"turns":5.0},{"damage":0.0,"enemies":"Centurion and Healer","floor":20.0,"turns":4.0},{"damage":0.0,"enemies":"Snake Plant","floor":21.0,"turns":3.0},{"damage":0.0,"enemies":"Shelled Parasite and Fungi","floor":22.0,"turns":4.0},{"damage":0.0,"enemies":"Book of Stabbing","floor":23.0,"turns":6.0},{"damage":0.0,"enemies":"3 Cultists","floor":24.0,"turns":4.0},{"damage":0.0,"enemies":"Centurion and Healer","floor":25.0,"turns":5.0},{"damage":0.0,"enemies":"Snecko","floor":29.0,"turns":3.0},{"damage":0.0,"enemies":"Slavers","floor":31.0,"turns":3.0},{"damage":0.0,"enemies":"Automaton","floor":33.0,"turns":9.0},{"damage":0.0,"enemies":"Orb Walker","floor":35.0,"turns":2.0},{"damage":0.0,"enemies":"3 Darklings","floor":36.0,"turns":3.0},{"damage":0.0,"enemies":"2 Orb Walkers","floor":37.0,"turns":3.0},{"damage":0.0,"enemies":"Writhing Mass","floor":38.0,"turns":3.0},{"damage":0.0,"enemies":"Reptomancer","floor":41.0,"turns":5.0},{"damage":0,"enemies":"Sphere and 2 Shapes","floor":45,"turns":3},{"damage":9,"enemies":"Nemesis","floor":48,"turns":7},{"damage":11,"enemies":"Awakened One","floor":50,"turns":10}],"seed_played":"-2644924045858504254","potions_obtained":[{"floor":7.0,"key":"SneckoOil"},{"floor":14.0,"key":"DuplicationPotion"},{"floor":14.0,"key":"SkillPotion"},{"floor":16.0,"key":"Fire Potion"},{"floor":18.0,"key":"ColorlessPotion"},{"floor":19.0,"key":"PowerPotion"},{"floor":23.0,"key":"Dexterity Potion"},{"floor":24.0,"key":"DuplicationPotion"},{"floor":35.0,"key":"Swift Potion"},{"floor":41.0,"key":"Swift Potion"},{"floor":48,"key":"AttackPotion"}],"is_trial":false,"path_per_floor":["M","M","?","M","M","R","M","R","T","?","T","R","$","?","R","B",null,"M","M","M","M","M","E","M","M","T","T","$","M","?","E","R","B",null,"M","M","?","M","$","R","E","$","T","R","M","$","R","E","R","B",null],"character_chosen":"Hololive_HololiveCharacter","items_purchased":["Hololive_Spy","Bag of Preparation","Fruit Juice","Lee\u0027s Waffle","Finesse","Shovel","Orichalcum","PrismaticShard","DuplicationPotion","AttackPotion","Hololive_SoulCatcher","HornCleat","Dark Shackles"],"campfire_rested":0,"item_purchase_floors":[13,13,28,28,28,39,39,39,42,42,42,46,46],"current_hp_per_floor":[35,35,35,35,35,35,35,35,35,40,40,40,40,40,40,40,40,40,40,40,40,40,40,40,40,40,40,57,57,57,57,57,57,57,57,57,57,57,54,54,54,54,54,54,54,54,54,45,45,43],"gold":539,"neow_bonus":"RANDOM_COLORLESS","is_daily":false,"chose_seed":false,"campfire_upgraded":5,"win_rate":0.0,"timestamp":1612086505,"path_taken":["M","M","?","M","M","R","M","R","T","?","?","R","$","?","R","BOSS","M","M","M","M","M","E","M","M","T","?","$","M","?","E","R","BOSS","M","M","?","M","$","R","E","$","T","R","M","$","R","E","R","BOSS"],"items_purchased_type":["Card","Relic","Potion","Relic","Card","Relic","Relic","Relic","Potion","Potion","Card","Relic","Card"],"build_version":"2020-12-22","purchased_purges":4,"victory":true,"max_hp_per_floor":[35,35,35,35,35,35,35,35,35,40,40,40,40,40,40,40,40,40,40,40,40,40,40,40,40,40,40,57,57,57,57,57,57,57,57,57,57,57,54,54,54,54,54,54,54,54,54,54,54,54],"card_choices":[{"not_picked":["Blind","Panacea"],"picked":"Discovery","floor":0.0}],"player_experience":238532,"relics_obtained":[{"floor":9.0,"key":"InkBottle"},{"floor":11.0,"key":"MealTicket"},{"floor":23.0,"key":"Dead Branch"},{"floor":26.0,"key":"Vajra"},{"floor":27.0,"key":"Hololive_LightStick"},{"floor":31.0,"key":"Kunai"},{"floor":37.0,"key":"Incense Burner"},{"floor":40.0,"key":"Smiling Mask"},{"floor":41.0,"key":"Pen Nib"},{"floor":43,"key":"Mercury Hourglass"},{"floor":44,"key":"Bag of Marbles"},{"floor":47,"key":"Toy Ornithopter"},{"floor":48,"key":"Ornamental Fan"},{"floor":49,"key":"Lantern"}],"event_choices":[{"damage_healed":0.0,"max_hp_gain":0.0,"max_hp_loss":0.0,"gold_gain":0.0,"cards_transformed":["Hololive_Defend"],"event_name":"Living Wall","player_choice":"Change","floor":3.0,"gold_loss":0.0,"damage_taken":0.0,"cards_obtained":["Hololive_CallDoris"]},{"damage_healed":0.0,"max_hp_gain":5.0,"max_hp_loss":0.0,"gold_gain":0.0,"event_name":"Big Fish","player_choice":"Donut","floor":10.0,"gold_loss":0.0,"damage_taken":0.0},{"damage_healed":0.0,"max_hp_gain":0.0,"max_hp_loss":0.0,"gold_gain":0.0,"event_name":"Lab","player_choice":"Got Potions","floor":14.0,"gold_loss":0.0,"damage_taken":0.0},{"damage_healed":0.0,"max_hp_gain":0.0,"max_hp_loss":0.0,"gold_gain":0.0,"event_name":"Drug Dealer","player_choice":"Inject Mutagens","floor":30.0,"gold_loss":0.0,"damage_taken":0.0,"relics_obtained":["MutagenicStrength"]},{"damage_healed":0.0,"max_hp_gain":0.0,"max_hp_loss":0.0,"gold_gain":0.0,"event_name":"Mysterious Sphere","player_choice":"Fight","floor":37.0,"gold_loss":0.0,"damage_taken":0.0}],"is_beta":false,"boss_relics":[{"not_picked":["Runic Dome","Ectoplasm"],"picked":"SacredBark"},{"not_picked":["Cursed Key","SlaversCollar"],"picked":"Coffee Dripper"}],"items_purged_floors":[13,28,39,42],"is_endless":false,"potions_floor_spawned":[7,16,18,19,23,24,35,41,48],"ascension_level":0}}