{"host":"aw6ta4ll26ap9lu8","time":1612106374,"event":{"mods":["AchievementEnabler","AlwaysNeverKeys","BaseMod","Bestiary","Block Reminder","Colored Map","Colored Powertips","Dark Map","DeckTracker","Highlight Path","Minty Spire (QoL Compilation)","Permanent Neow","Quick Restart","Relic Stats","StSLib"],"gold_per_floor":[116,191,191,191,205,205,249,249,275,317,354,422,422,62,62,62,62],"floor_reached":16,"language":"ENG","playtime":543,"items_purged":["Defend_P"],"score":161,"play_id":"800af227-691a-4d1e-b051-08902acb049c","local_time":"20210131101934","is_ascension_mode":true,"campfire_choices":[{"data":"Vengeance","floor":6.0,"key":"SMITH"},{"floor":8.0,"key":"REST"},{"data":"Prostrate","floor":15.0,"key":"SMITH"}],"circlet_count":0,"master_deck":["AscendersBane","Strike_P","Strike_P","Strike_P","Defend_P","Defend_P","Defend_P","Eruption+1","Vigilance","WaveOfTheHand","Vengeance+1","Evaluate","Prostrate+1","FlyingSleeves+1","Sanctity+1"],"relics":["PureWater","PreservedInsect","CeramicFish","Anchor","TeardropLocket","Odd Mushroom","Gambling Chip","Thread and Needle"],"acts_visited":["Exordium"],"potions_floor_usage":[16],"damage_taken":[{"damage":0.0,"enemies":"Small Slimes","floor":1.0,"turns":2.0},{"damage":7.0,"enemies":"2 Louse","floor":5.0,"turns":3.0},{"damage":27.0,"enemies":"Lagavulin","floor":7.0,"turns":7.0},{"damage":30.0,"enemies":"Gremlin Nob","floor":10.0,"turns":4.0},{"damage":0.0,"enemies":"The Mushroom Lair","floor":11.0,"turns":3.0},{"damage":39.0,"enemies":"Lagavulin Event","floor":12.0,"turns":5.0},{"damage":0,"enemies":"Slime Boss","floor":16,"turns":7}],"seed_played":"7414928100919779739","potions_obtained":[{"floor":5.0,"key":"FairyPotion"},{"floor":12.0,"key":"AttackPotion"}],"is_trial":false,"path_per_floor":["M","?","?","?","M","R","E","R","T","E","?","?","?","$","R","B"],"character_chosen":"WATCHER","items_purchased":["Thread and Needle"],"campfire_rested":1,"item_purchase_floors":[14],"current_hp_per_floor":[65,54,47,47,40,40,13,34,34,4,4,17,3,3,3,3,3],"gold":62,"neow_bonus":"RANDOM_COMMON_RELIC","is_daily":false,"chose_seed":false,"campfire_upgraded":2,"win_rate":0.0,"timestamp":1612106374,"path_taken":["M","?","?","?","?","R","E","R","T","E","?","?","?","$","R","BOSS"],"items_purchased_type":["Relic"],"build_version":"2020-12-22","purchased_purges":1,"victory":false,"max_hp_per_floor":[72,72,72,72,72,72,72,72,72,72,72,72,72,72,72,72,72],"relic_stats":{"counters":[7,31],"CeramicFish":36,"Gambling Chip":[4],"PreservedInsect":79,"obtain_stats":[{"Anchor":9,"CeramicFish":7,"Gambling Chip":12,"Thread and Needle":14,"PreservedInsect":0,"TeardropLocket":10,"PureWater":0,"Odd Mushroom":11},{"Anchor":3,"CeramicFish":3,"Gambling Chip":6,"Thread and Needle":6,"PreservedInsect":0,"TeardropLocket":4,"PureWater":0,"Odd Mushroom":5},{"Anchor":12,"CeramicFish":12,"Gambling Chip":24,"Thread and Needle":24,"PreservedInsect":0,"TeardropLocket":16,"PureWater":0,"Odd Mushroom":19}]},"card_choices":[{"not_picked":["Halt","CrushJoints"],"picked":"WaveOfTheHand","floor":1.0},{"not_picked":["SignatureMove","WreathOfFlame"],"picked":"Vengeance","floor":5.0},{"not_picked":["Crescendo","ThirdEye"],"picked":"Evaluate","floor":7.0},{"not_picked":["Swivel","Meditate"],"picked":"Prostrate","floor":10.0},{"not_picked":["Perseverance","CrushJoints"],"picked":"FlyingSleeves","floor":11.0},{"not_picked":["WreathOfFlame","JustLucky"],"picked":"Sanctity","floor":12.0}],"player_experience":624738,"relics_obtained":[{"floor":7.0,"key":"CeramicFish"},{"floor":9.0,"key":"Anchor"},{"floor":10.0,"key":"TeardropLocket"},{"floor":11.0,"key":"Odd Mushroom"},{"floor":12.0,"key":"Gambling Chip"}],"event_choices":[{"damage_healed":0.0,"max_hp_gain":0.0,"max_hp_loss":0.0,"gold_gain":75.0,"event_name":"World of Goop","player_choice":"Gather Gold","floor":2.0,"gold_loss":0.0,"damage_taken":11.0},{"cards_removed":["Strike_P"],"damage_healed":0.0,"max_hp_gain":0.0,"max_hp_loss":0.0,"gold_gain":0.0,"event_name":"Golden Wing","player_choice":"Card Removal","floor":3.0,"gold_loss":0.0,"damage_taken":7.0},{"damage_healed":0.0,"max_hp_gain":0.0,"max_hp_loss":0.0,"gold_gain":0.0,"event_name":"Upgrade Shrine","player_choice":"Upgraded","floor":4.0,"gold_loss":0.0,"damage_taken":0.0,"cards_upgraded":["Eruption"]},{"damage_healed":0.0,"max_hp_gain":0.0,"max_hp_loss":0.0,"gold_gain":0.0,"event_name":"Mushrooms","player_choice":"Fought Mushrooms","floor":11.0,"gold_loss":0.0,"damage_taken":0.0},{"damage_healed":0.0,"max_hp_gain":0.0,"max_hp_loss":0.0,"gold_gain":0.0,"event_name":"Dead Adventurer","player_choice":"Searched \u00271\u0027 times","floor":12.0,"gold_loss":0.0,"damage_taken":0.0},{"damage_healed":0.0,"max_hp_gain":0.0,"max_hp_loss":0.0,"gold_gain":0.0,"event_name":"Shining Light","player_choice":"Entered Light","floor":13.0,"gold_loss":0.0,"damage_taken":14.0,"cards_upgraded":["FlyingSleeves","Sanctity"]}],"is_beta":false,"boss_relics":[],"items_purged_floors":[14],"is_endless":false,"potions_floor_spawned":[5,12],"killed_by":"Slime Boss","ascension_level":11}}