{"host":"xwgrz7y3g1a3iikb","time":1612131463,"event":{"mods":["BaseMod","Minty Spire (QoL Compilation)","Permanent Neow","Quick Restart","Relic Stats","StSLib"],"gold_per_floor":[117,134,152,152,152,152,152],"floor_reached":6,"language":"ENG","playtime":281,"items_purged":[],"score":72,"play_id":"5ed82154-8aea-40c9-ace0-934727cc73f5","local_time":"20210131141743","is_ascension_mode":true,"campfire_choices":[],"circlet_count":0,"master_deck":["AscendersBane","Strike_G","Strike_G+1","Strike_G","Strike_G","Strike_G","Defend_G","Defend_G","Defend_G","Defend_G","Defend_G+1","Survivor","Neutralize","Footwork","Cloak And Dagger","Dodge and Roll"],"relics":["Snecko Eye","Toy Ornithopter"],"acts_visited":["Exordium"],"potions_floor_usage":[6],"damage_taken":[{"damage":0,"enemies":"Small Slimes","floor":1,"turns":3},{"damage":8,"enemies":"2 Louse","floor":2,"turns":3},{"damage":5,"enemies":"Jaw Worm","floor":3,"turns":6},{"damage":35,"enemies":"Lagavulin","floor":6,"turns":8}],"seed_played":"-2162772228492886619","potions_obtained":[{"floor":1,"key":"Strength Potion"}],"is_trial":false,"path_per_floor":["M","M","M","?","?","E"],"character_chosen":"THE_SILENT","items_purchased":[],"campfire_rested":0,"item_purchase_floors":[],"current_hp_per_floor":[59,51,46,26,15,0,0],"gold":152,"neow_bonus":"BOSS_RELIC","is_daily":false,"chose_seed":false,"campfire_upgraded":0,"win_rate":0.0,"timestamp":1612131463,"path_taken":["M","M","M","?","?","E"],"items_purchased_type":[],"build_version":"2020-12-22","purchased_purges":0,"victory":false,"max_hp_per_floor":[66,66,66,66,66,66,66],"relic_stats":{"counters":[4,20],"Snecko Eye":[37,36,30,33],"obtain_stats":[{"Snecko Eye":0,"Toy Ornithopter":5,"Ring of the Snake":0},{"Snecko Eye":0,"Toy Ornithopter":3,"Ring of the Snake":0},{"Snecko Eye":0,"Toy Ornithopter":12,"Ring of the Snake":0}],"Toy Ornithopter":5},"card_choices":[{"not_picked":["Cloak And Dagger","Acrobatics"],"picked":"Footwork","floor":1},{"not_picked":["Dodge and Roll","Slice"],"picked":"Cloak And Dagger","floor":2},{"not_picked":["PiercingWail","Backflip"],"picked":"Dodge and Roll","floor":3}],"player_experience":303866,"relics_obtained":[],"event_choices":[{"damage_healed":0,"gold_gain":0,"player_choice":"Entered Light","damage_taken":20,"max_hp_gain":0,"max_hp_loss":0,"event_name":"Shining Light","floor":4,"gold_loss":0,"cards_upgraded":["Strike_G","Defend_G"]},{"damage_healed":0,"gold_gain":0,"player_choice":"Success","damage_taken":11,"relics_obtained":["Toy Ornithopter"],"max_hp_gain":0,"max_hp_loss":0,"event_name":"Scrap Ooze","floor":5,"gold_loss":0}],"is_beta":false,"boss_relics":[],"items_purged_floors":[],"is_endless":false,"potions_floor_spawned":[1],"killed_by":"Lagavulin","ascension_level":20}}