{"host":"mb4cisebr17g8vuz","time":1612128769,"event":{"mods":["AchievementEnabler","BaseMod","Colored Map","Colored Powertips","Minty Spire (QoL Compilation)","SuperFastMode","everything is the same but u backflip on backflip"],"gold_per_floor":[116,130,55,55,1,35,52,71,71,71,100,132,444,474,486,498,498],"floor_reached":16,"language":"KOR","playtime":351,"items_purged":[],"score":260,"play_id":"c1785215-2277-43c2-9bbc-00211dbb671b","local_time":"20210131163249","is_ascension_mode":true,"campfire_choices":[{"data":"Perfected Strike","floor":10.0,"key":"SMITH"},{"data":"Pommel Strike","floor":15.0,"key":"SMITH"}],"circlet_count":0,"master_deck":["AscendersBane","Strike_R","Strike_R","Strike_R","Strike_R","Strike_R","Defend_R","Defend_R","Defend_R","Defend_R","Bash","Sword Boomerang","Perfected Strike+1","Shockwave","Shrug It Off","Evolve","Pommel Strike+1","Pommel Strike","Offering"],"relics":["Burning Blood","NeowsBlessing","Blue Candle","Darkstone Periapt","Molten Egg 2","MawBank","Old Coin"],"acts_visited":["Exordium"],"potions_floor_usage":[16],"damage_taken":[{"damage":0.0,"enemies":"Jaw Worm","floor":1.0,"turns":1.0},{"damage":0.0,"enemies":"Cultist","floor":2.0,"turns":1.0},{"damage":0.0,"enemies":"3 Sentries","floor":6.0,"turns":2.0},{"damage":7.0,"enemies":"Small Slimes","floor":7.0,"turns":3.0},{"damage":7.0,"enemies":"Looter","floor":8.0,"turns":3.0},{"damage":22.0,"enemies":"Lagavulin","floor":11.0,"turns":5.0},{"damage":20.0,"enemies":"Lots of Slimes","floor":12.0,"turns":4.0},{"damage":11.0,"enemies":"Large Slime","floor":14.0,"turns":3.0},{"damage":36,"enemies":"Hexaghost","floor":16,"turns":9}],"seed_played":"826081179246951033","potions_obtained":[{"floor":1.0,"key":"SteroidPotion"},{"floor":2.0,"key":"Energy Potion"},{"floor":12.0,"key":"PowerPotion"}],"is_trial":false,"path_per_floor":["M","M","$","?","$","E","M","M","T","R","E","M","T","M","R","B"],"character_chosen":"IRONCLAD","items_purchased":["Shockwave","Shrug It Off"],"campfire_rested":0,"item_purchase_floors":[3,5],"current_hp_per_floor":[74,75,75,64,64,70,69,68,68,68,52,38,38,33,33,0,0],"gold":498,"neow_bonus":"THREE_ENEMY_KILL","is_daily":false,"chose_seed":false,"campfire_upgraded":2,"win_rate":0.0,"timestamp":1612128769,"path_taken":["M","M","$","?","?","E","?","M","T","R","E","M","?","M","R","BOSS"],"items_purchased_type":["Card","Card"],"build_version":"2020-12-22","purchased_purges":0,"victory":false,"max_hp_per_floor":[75,75,75,75,75,75,75,75,75,75,75,75,75,75,75,75,75],"card_choices":[{"not_picked":["Sever Soul","Headbutt"],"picked":"Sword Boomerang","floor":1.0},{"not_picked":["Sword Boomerang","Clash"],"picked":"Perfected Strike","floor":2.0},{"not_picked":["Body Slam","Flex"],"picked":"Evolve","floor":6.0},{"not_picked":["Body Slam","Cleave"],"picked":"Pommel Strike","floor":7.0},{"not_picked":["Shrug It Off","Iron Wave"],"picked":"Pommel Strike","floor":8.0},{"not_picked":["Armaments","Uppercut+1"],"picked":"Offering","floor":11.0},{"not_picked":["True Grit","Heavy Blade+1","Rupture"],"picked":"SKIP","floor":12.0},{"not_picked":["Rupture","Sword Boomerang+1","Sever Soul+1"],"picked":"SKIP","floor":14.0}],"player_experience":245402,"relics_obtained":[{"floor":6.0,"key":"Darkstone Periapt"},{"floor":9.0,"key":"Molten Egg 2"},{"floor":11.0,"key":"MawBank"},{"floor":13.0,"key":"Old Coin"}],"event_choices":[{"damage_healed":0.0,"max_hp_gain":0.0,"max_hp_loss":0.0,"gold_gain":0.0,"event_name":"Scrap Ooze","player_choice":"Success","floor":4.0,"gold_loss":0.0,"damage_taken":11.0,"relics_obtained":["Blue Candle"]}],"is_beta":false,"boss_relics":[],"items_purged_floors":[],"is_endless":false,"potions_floor_spawned":[1,2,12],"killed_by":"Hexaghost","ascension_level":18}}