{"host":"gobyjzz6xbwq9f9i","time":1612087528,"event":{"mods":["AchievementEnabler","BaseMod","Bestiary","Colored Map","Minty Spire (QoL Compilation)","Relic Stats"],"gold_per_floor":[114,134,134,147,164,194,194,228,280,280,297,314,343,343,343,442,442,458,458,458,475,488,515,515,545,545,555,566,34,34,54,54,159,159,169,183,183,183,196,196,231,245,245,245,256,275,275,275],"floor_reached":47,"language":"ENG","playtime":2903,"items_purged":["Strike_P"],"score":710,"play_id":"17894208-a23f-474c-93ed-139ca90d9b0a","local_time":"20210131020528","is_ascension_mode":true,"campfire_choices":[{"data":"CrushJoints","floor":7,"key":"SMITH"},{"data":"Eruption","floor":10,"key":"SMITH"},{"data":"WheelKick","floor":15,"key":"SMITH"},{"floor":24,"key":"REST"},{"floor":30,"key":"REST"},{"data":"DevaForm","floor":32,"key":"SMITH"},{"data":"Fasting2","floor":40,"key":"SMITH"},{"data":"SpiritShield","floor":44,"key":"SMITH"}],"circlet_count":0,"master_deck":["Strike_P","Strike_P","Strike_P","Defend_P","Defend_P","Defend_P","Defend_P","Eruption+1","Vigilance","JustLucky","EmptyBody","SashWhip","CutThroughFate","CrushJoints+1","CutThroughFate","Nirvana","WheelKick+1","Vault","CrushJoints","Fasting2+1","DevaForm+1","FlurryOfBlows","EmptyFist","FlurryOfBlows+1","Study+1","ThirdEye+1","JustLucky+1","Omniscience","JustLucky","Scrawl","ClearTheMind","SpiritShield+1","Halt+1","Weave+1","Crescendo","Meditate+1","EmptyBody+1"],"relics":["Runic Pyramid","Dream Catcher","Yang","Art of War","Blood Vial","SlaversCollar","Happy Flower","Lizard Tail","Ancient Tea Set","Orrery","Strawberry","Coffee Dripper","MealTicket","White Beast Statue"],"acts_visited":["Exordium","TheCity","TheBeyond"],"potions_floor_usage":[8,25,27,47],"damage_taken":[{"damage":1,"enemies":"2 Louse","floor":1,"turns":2},{"damage":0,"enemies":"Jaw Worm","floor":2,"turns":2},{"damage":0,"enemies":"Cultist","floor":4,"turns":2},{"damage":0,"enemies":"3 Louse","floor":5,"turns":2},{"damage":1,"enemies":"3 Sentries","floor":6,"turns":6},{"damage":0,"enemies":"Gremlin Nob","floor":8,"turns":2},{"damage":10,"enemies":"Gremlin Gang","floor":11,"turns":5},{"damage":11,"enemies":"Exordium Thugs","floor":12,"turns":5},{"damage":0,"enemies":"3 Sentries","floor":13,"turns":6},{"damage":3,"enemies":"Slime Boss","floor":16,"turns":8},{"damage":9,"enemies":"Shell Parasite","floor":18,"turns":3},{"damage":16,"enemies":"3 Byrds","floor":21,"turns":4},{"damage":12,"enemies":"Centurion and Healer","floor":22,"turns":5},{"damage":23,"enemies":"Book of Stabbing","floor":23,"turns":5},{"damage":0,"enemies":"Gremlin Leader","floor":25,"turns":3},{"damage":17,"enemies":"Snecko","floor":27,"turns":6},{"damage":24,"enemies":"3 Cultists","floor":28,"turns":4},{"damage":16,"enemies":"Snake Plant","floor":31,"turns":4},{"damage":10,"enemies":"Automaton","floor":33,"turns":8},{"damage":11,"enemies":"Orb Walker","floor":35,"turns":3},{"damage":0,"enemies":"3 Darklings","floor":36,"turns":6},{"damage":19,"enemies":"Jaw Worm Horde","floor":39,"turns":7},{"damage":15,"enemies":"Nemesis","floor":41,"turns":4},{"damage":36,"enemies":"4 Shapes","floor":42,"turns":5},{"damage":62,"enemies":"Writhing Mass","floor":45,"turns":7},{"damage":1,"enemies":"Transient","floor":46,"turns":5},{"damage":19,"enemies":"Reptomancer","floor":47,"turns":2}],"seed_played":"-1292929947004731398","potions_obtained":[{"floor":2,"key":"LiquidMemories"},{"floor":6,"key":"Ancient Potion"},{"floor":12,"key":"Ancient Potion"},{"floor":21,"key":"Weak Potion"},{"floor":23,"key":"Ambrosia"},{"floor":27,"key":"Fruit Juice"},{"floor":28,"key":"SteroidPotion"},{"floor":35,"key":"Dexterity Potion"},{"floor":46,"key":"LiquidMemories"}],"is_trial":false,"path_per_floor":["M","M","?","M","M","E","R","E","T","R","M","M","E","?","R","B",null,"M","?","?","M","M","E","R","E","T","M","M","$","R","M","R","B",null,"M","M","?","?","M","R","E","M","T","R","M","M","E"],"character_chosen":"WATCHER","items_purchased":["Ancient Tea Set","Orrery","Strawberry"],"campfire_rested":2,"item_purchase_floors":[29,29,29],"current_hp_per_floor":[71,71,71,71,71,70,70,70,70,70,60,49,49,49,49,48,72,63,63,63,49,39,18,39,41,41,31,9,16,41,27,27,19,84,73,75,75,75,58,58,45,11,11,11,15,16,0,0],"gold":275,"neow_bonus":"BOSS_RELIC","is_daily":false,"chose_seed":false,"campfire_upgraded":6,"win_rate":0.0,"timestamp":1612087528,"path_taken":["M","M","?","M","M","E","R","E","T","R","M","M","E","?","R","BOSS","M","?","?","M","M","E","R","E","T","M","M","$","R","?","R","BOSS","M","M","?","?","M","R","E","M","T","R","M","?","E"],"items_purchased_type":["Relic","Relic","Relic"],"build_version":"2020-12-22","purchased_purges":1,"victory":false,"max_hp_per_floor":[72,72,72,72,72,72,72,72,72,72,72,72,72,72,72,72,72,72,72,72,72,72,72,72,72,72,77,77,84,84,84,84,84,84,84,84,84,84,84,84,84,84,84,84,84,84,84,84],"relic_stats":{"Blood Vial":32,"Dream Catcher":2,"Lizard Tail":42,"Happy Flower":[21],"counters":[27,121],"Yang":[316],"MealTicket":0,"Art of War":[6],"obtain_stats":[{"Happy Flower":23,"Yang":8,"Ancient Tea Set":29,"White Beast Statue":43,"Blood Vial":13,"SlaversCollar":17,"Dream Catcher":6,"Lizard Tail":25,"Strawberry":29,"Orrery":29,"MealTicket":41,"Art of War":9,"Coffee Dripper":34,"PureWater":0,"Runic Pyramid":0},{"Happy Flower":14,"Yang":6,"Ancient Tea Set":17,"White Beast Statue":24,"Blood Vial":9,"SlaversCollar":10,"Dream Catcher":5,"Lizard Tail":15,"Strawberry":17,"Orrery":17,"MealTicket":23,"Art of War":6,"Coffee Dripper":19,"PureWater":0,"Runic Pyramid":0},{"Happy Flower":57,"Yang":16,"Ancient Tea Set":70,"White Beast Statue":107,"Blood Vial":32,"SlaversCollar":40,"Dream Catcher":14,"Lizard Tail":60,"Strawberry":70,"Orrery":70,"MealTicket":102,"Art of War":16,"Coffee Dripper":82,"PureWater":0,"Runic Pyramid":0}]},"card_choices":[{"not_picked":["ClearTheMind","Protect"],"picked":"JustLucky","floor":1},{"not_picked":["Study","Evaluate"],"picked":"EmptyBody","floor":2},{"not_picked":["JustLucky","Pray"],"picked":"SashWhip","floor":4},{"not_picked":["ThirdEye","Consecrate"],"picked":"CutThroughFate","floor":5},{"not_picked":["JustLucky","Consecrate"],"picked":"CrushJoints","floor":6},{"not_picked":["Consecrate","Perseverance"],"picked":"CutThroughFate","floor":8},{"not_picked":["CutThroughFate","ThirdEye"],"picked":"Nirvana","floor":11},{"not_picked":["FlurryOfBlows","Consecrate"],"picked":"WheelKick","floor":12},{"not_picked":["EmptyBody","JustLucky"],"picked":"Vault","floor":13},{"not_picked":["DeusExMachina","Brilliance"],"picked":"DevaForm","floor":16},{"not_picked":["Prostrate+1","Indignation"],"picked":"FlurryOfBlows","floor":18},{"not_picked":["SashWhip+1","CrushJoints"],"picked":"EmptyFist","floor":21},{"not_picked":["CrushJoints+1","Evaluate","PathToVictory+1"],"picked":"SKIP","floor":22},{"not_picked":["Collect","CutThroughFate","ClearTheMind"],"picked":"SKIP","floor":23},{"not_picked":["Alpha","CrushJoints+1"],"picked":"FlurryOfBlows+1","floor":24},{"not_picked":["SandsOfTime","SashWhip"],"picked":"Study+1","floor":25},{"not_picked":["FlyingSleeves","Prostrate"],"picked":"ThirdEye+1","floor":27},{"not_picked":["Crescendo","Worship"],"picked":"JustLucky+1","floor":28},{"not_picked":["ClearTheMind","CrushJoints"],"picked":"Omniscience","floor":29},{"not_picked":["CrushJoints","Evaluate"],"picked":"JustLucky","floor":29},{"not_picked":["EmptyFist+1","Vengeance"],"picked":"Scrawl","floor":29},{"not_picked":["Swivel","FollowUp"],"picked":"ClearTheMind","floor":30},{"not_picked":["Consecrate","EmptyBody","Evaluate"],"picked":"SKIP","floor":31},{"not_picked":["Ragnarok","ConjureBlade"],"picked":"SpiritShield","floor":33},{"not_picked":["Pray","SashWhip+1"],"picked":"Halt+1","floor":35},{"not_picked":["Halt","EmptyBody"],"picked":"Weave+1","floor":36},{"not_picked":["CrushJoints","SashWhip+1"],"picked":"Crescendo","floor":39},{"not_picked":["Conclude","CrushJoints+1"],"picked":"Meditate+1","floor":41},{"not_picked":["WreathOfFlame","Collect"],"picked":"EmptyBody+1","floor":42},{"not_picked":["PathToVictory","CrushJoints","EmptyBody"],"picked":"SKIP","floor":45},{"not_picked":["FollowUp","CrushJoints+1","Pray"],"picked":"SKIP","floor":46}],"player_experience":1236893,"relics_obtained":[{"floor":6,"key":"Dream Catcher"},{"floor":8,"key":"Yang"},{"floor":9,"key":"Art of War"},{"floor":13,"key":"Blood Vial"},{"floor":23,"key":"Happy Flower"},{"floor":25,"key":"Lizard Tail"},{"floor":41,"key":"MealTicket"},{"floor":43,"key":"White Beast Statue"}],"event_choices":[{"damage_healed":0,"gold_gain":0,"player_choice":"Ignored","damage_taken":0,"max_hp_gain":0,"max_hp_loss":0,"event_name":"Liars Game","floor":3,"gold_loss":0},{"damage_healed":0,"gold_gain":0,"player_choice":"2 cards matched","damage_taken":0,"max_hp_gain":0,"max_hp_loss":0,"event_name":"Match and Keep!","floor":14,"gold_loss":0,"cards_obtained":["CrushJoints","Fasting2"]},{"damage_healed":0,"gold_gain":0,"player_choice":"Ignored","damage_taken":0,"max_hp_gain":0,"max_hp_loss":0,"event_name":"Vampires","floor":19,"gold_loss":0},{"damage_healed":0,"gold_gain":0,"player_choice":"Ignored","damage_taken":0,"max_hp_gain":0,"max_hp_loss":0,"event_name":"N\u0027loth","floor":20,"gold_loss":0},{"damage_healed":0,"gold_gain":0,"player_choice":"Ignored","damage_taken":0,"max_hp_gain":0,"max_hp_loss":0,"event_name":"Mysterious Sphere","floor":37,"gold_loss":0},{"damage_healed":0,"gold_gain":0,"player_choice":"Ignored","damage_taken":0,"max_hp_gain":0,"max_hp_loss":0,"event_name":"NoteForYourself","floor":38,"gold_loss":0}],"is_beta":false,"boss_relics":[{"not_picked":["Tiny House","Empty Cage"],"picked":"SlaversCollar"},{"not_picked":["Pandora\u0027s Box","VioletLotus"],"picked":"Coffee Dripper"}],"items_purged_floors":[29],"is_endless":false,"potions_floor_spawned":[2,6,12,21,23,27,28,35,42,45,46],"killed_by":"Reptomancer","ascension_level":3}}