{"host":"7jl348xfsxr8glry","time":1612100244,"event":{"mods":["AchievementEnabler","BaseMod","Colored Map","Minty Spire (QoL Compilation)","Random Character Button","Unceasing Turn Reminder"],"gold_per_floor":[113,127,145,145,155,155,181,181,181,181,214,228,228,228,228,327,327,344,362,373,99,99,99,99,99],"floor_reached":24,"language":"ENG","playtime":1060,"items_purged":["Regret"],"score":237,"play_id":"99c077da-46f3-4b2e-9920-6c63d7ea60d8","local_time":"20210201003724","is_ascension_mode":true,"campfire_choices":[{"data":"Bash","floor":6,"key":"SMITH"},{"floor":8,"key":"REST"},{"data":"Armaments","floor":13,"key":"SMITH"},{"floor":15,"key":"REST"},{"floor":23,"key":"REST"}],"circlet_count":0,"master_deck":["Strike_R+1","Strike_R","Strike_R","Strike_R+1","Strike_R","Defend_R","Defend_R","Defend_R","Defend_R","Bash+1","Thunderclap","Flex+1","Wild Strike","Armaments+1","Bludgeon","Shrug It Off","Cleave+1","Flex"],"relics":["Black Blood","Centennial Puzzle","Bottled Flame","Regal Pillow","Juzu Bracelet","Nloth\u0027s Gift"],"acts_visited":["Exordium","TheCity"],"potions_floor_usage":[11,16,16,16],"damage_taken":[{"damage":6,"enemies":"Cultist","floor":1,"turns":3},{"damage":9,"enemies":"Jaw Worm","floor":2,"turns":5},{"damage":0,"enemies":"Small Slimes","floor":3,"turns":3},{"damage":2,"enemies":"2 Fungi Beasts","floor":5,"turns":3},{"damage":37,"enemies":"Gremlin Nob","floor":7,"turns":4},{"damage":35,"enemies":"Lagavulin","floor":11,"turns":5},{"damage":8,"enemies":"Gremlin Gang","floor":12,"turns":4},{"damage":63,"enemies":"The Guardian","floor":16,"turns":10},{"damage":41,"enemies":"Shell Parasite","floor":18,"turns":4},{"damage":47,"enemies":"Spheric Guardian","floor":19,"turns":6},{"damage":39,"enemies":"Centurion and Healer","floor":20,"turns":9},{"damage":89,"enemies":"Gremlin Leader","floor":24,"turns":8}],"seed_played":"-3199357031303727674","potions_obtained":[{"floor":1,"key":"ElixirPotion"},{"floor":7,"key":"Energy Potion"},{"floor":12,"key":"SteroidPotion"},{"floor":14,"key":"EssenceOfSteel"},{"floor":14,"key":"DuplicationPotion"},{"floor":18,"key":"FairyPotion"}],"is_trial":false,"path_per_floor":["M","M","M","?","M","R","E","R","T","?","E","M","R","?","R","B",null,"M","M","M","$","?","R","E"],"character_chosen":"IRONCLAD","items_purchased":["Juzu Bracelet","Flex"],"campfire_rested":3,"item_purchase_floors":[21,21],"current_hp_per_floor":[88,85,88,88,88,88,57,83,83,83,54,52,52,52,88,31,88,59,24,33,33,33,74,0,0],"gold":99,"neow_bonus":"TEN_PERCENT_HP_BONUS","is_daily":false,"chose_seed":false,"campfire_upgraded":2,"win_rate":0.0,"timestamp":1612100244,"path_taken":["M","?","M","?","M","R","E","R","T","?","E","M","R","?","R","BOSS","M","?","?","$","?","R","E"],"items_purchased_type":["Relic","Card"],"build_version":"2020-12-22","purchased_purges":1,"victory":false,"max_hp_per_floor":[88,88,88,88,88,88,88,88,88,88,88,88,88,88,88,88,88,88,88,88,88,88,88,88,88],"card_choices":[{"not_picked":["Inflame","Heavy Blade"],"picked":"Thunderclap","floor":1},{"not_picked":["Perfected Strike","Iron Wave"],"picked":"Flex","floor":2},{"not_picked":["Power Through","Intimidate","Clothesline"],"picked":"SKIP","floor":3},{"not_picked":["Sentinel","Burning Pact","Clothesline"],"picked":"SKIP","floor":5},{"not_picked":["Twin Strike","Havoc"],"picked":"Wild Strike","floor":7},{"not_picked":["Bloodletting","Wild Strike"],"picked":"Armaments","floor":11},{"not_picked":["Intimidate","Barricade","Rage"],"picked":"SKIP","floor":12},{"not_picked":["Limit Break","Immolate"],"picked":"Bludgeon","floor":16},{"not_picked":["Body Slam","Second Wind","Anger"],"picked":"SKIP","floor":18},{"not_picked":["Sword Boomerang+1","Cleave+1"],"picked":"Shrug It Off","floor":19},{"not_picked":["Anger+1","Warcry+1"],"picked":"Cleave+1","floor":20}],"player_experience":179736,"relics_obtained":[{"floor":7,"key":"Bottled Flame"},{"floor":9,"key":"Whetstone"},{"floor":11,"key":"Regal Pillow"}],"event_choices":[{"damage_healed":0,"gold_gain":0,"player_choice":"Box","damage_taken":0,"relics_obtained":["Centennial Puzzle"],"max_hp_gain":0,"max_hp_loss":0,"event_name":"Big Fish","floor":4,"gold_loss":0,"cards_obtained":["Regret"]},{"damage_healed":0,"gold_gain":0,"player_choice":"Grow","damage_taken":0,"max_hp_gain":0,"max_hp_loss":0,"event_name":"Living Wall","floor":10,"gold_loss":0,"cards_upgraded":["Flex"]},{"damage_healed":0,"gold_gain":0,"player_choice":"Got Potions","damage_taken":0,"max_hp_gain":0,"max_hp_loss":0,"event_name":"Lab","floor":14,"gold_loss":0},{"damage_healed":0,"gold_gain":0,"player_choice":"Traded Relic","damage_taken":0,"relics_obtained":["Nloth\u0027s Gift"],"max_hp_gain":0,"max_hp_loss":0,"event_name":"N\u0027loth","floor":22,"relics_lost":["Whetstone"],"gold_loss":0}],"is_beta":false,"boss_relics":[{"not_picked":["Pandora\u0027s Box","Busted Crown"],"picked":"Black Blood"}],"items_purged_floors":[21],"is_endless":false,"potions_floor_spawned":[1,7,12,18],"killed_by":"Gremlin Leader","ascension_level":3}}