{"host":"iphsb0ccnjx0pfn6","time":1612099474,"event":{"mods":["2.2 Compatiblity","AchievementEnabler","BaseMod","Colored Map","DeckTracker","Keyboard Shortcuts","Minty Spire (QoL Compilation)","Permanent Neow","Quick Restart","Relic Stats","StSLib","SuperFastMode","Uncapped","everything is the same but u backflip on backflip"],"gold_per_floor":[17,31,43,60,79,79,107,107,107,163,495,509,509,544,544,621,621,635,635,403,403,403,403,413,444,491,507,521,521,252,270,270,348,348,363,376,148,165,165,165,78,78,128,128,128,153,153,169,169,169,169],"floor_reached":52,"language":"KOR","playtime":2094,"items_purged":["Strike_P","Strike_P","SignatureMove"],"score":2115,"play_id":"57c91a2d-0986-441f-8e39-ad13b57537d0","local_time":"20210131222434","is_ascension_mode":true,"campfire_choices":[{"data":"Eruption","floor":6.0,"key":"SMITH"},{"data":"Thinking Ahead","floor":8.0,"key":"SMITH"},{"data":"WheelKick","floor":13.0,"key":"SMITH"},{"data":"Adaptation","floor":15.0,"key":"SMITH"},{"data":"Meditate","floor":23.0,"key":"SMITH"},{"data":"Vault","floor":32.0,"key":"SMITH"},{"data":"Burning Pact","floor":40.0,"key":"SMITH"},{"data":"MentalFortress","floor":42.0,"key":"SMITH"},{"data":"Thinking Ahead","floor":45.0,"key":"SMITH"},{"data":"Madness","floor":47.0,"key":"SMITH"},{"data":"Madness","floor":49.0,"key":"SMITH"}],"circlet_count":0,"master_deck":["AscendersBane","Defend_P","Defend_P","Defend_P","Defend_P","Eruption+1","Vigilance","Thinking Ahead+1","WheelKick+1","Meditate+1","Adaptation+1","Establishment","SpiritShield","Wallop","Vault+1","Doppelganger","Burning Pact+1","Madness+1","Madness","Madness+1","MentalFortress+1","Purity","Thinking Ahead+1"],"relics":["PureWater","Ancient Tea Set","Gambling Chip","Meat on the Bone","Old Coin","Bag of Marbles","Black Star","TheAbacus","Akabeko","Damaru","PrismaticShard","SacredBark","Nunchaku","Molten Egg 2","Omamori"],"acts_visited":["TheCity","TheBeyond"],"potions_floor_usage":[51,51],"damage_taken":[{"damage":3.0,"enemies":"Cultist","floor":1.0,"turns":4.0},{"damage":4.0,"enemies":"Jaw Worm","floor":2.0,"turns":4.0},{"damage":6.0,"enemies":"2 Louse","floor":3.0,"turns":4.0},{"damage":0.0,"enemies":"Blue Slaver","floor":4.0,"turns":2.0},{"damage":0.0,"enemies":"Looter","floor":5.0,"turns":2.0},{"damage":20.0,"enemies":"Gremlin Nob","floor":7.0,"turns":3.0},{"damage":0.0,"enemies":"Gremlin Nob","floor":10.0,"turns":2.0},{"damage":12.0,"enemies":"Lagavulin","floor":11.0,"turns":6.0},{"damage":7.0,"enemies":"3 Louse","floor":12.0,"turns":4.0},{"damage":0.0,"enemies":"Gremlin Nob","floor":14.0,"turns":2.0},{"damage":16.0,"enemies":"Hexaghost","floor":16.0,"turns":6.0},{"damage":0.0,"enemies":"Shell Parasite","floor":18.0,"turns":1.0},{"damage":12.0,"enemies":"3 Byrds","floor":24.0,"turns":5.0},{"damage":39.0,"enemies":"Slavers","floor":25.0,"turns":6.0},{"damage":0.0,"enemies":"Snake Plant","floor":27.0,"turns":3.0},{"damage":0.0,"enemies":"Centurion and Healer","floor":28.0,"turns":3.0},{"damage":19.0,"enemies":"Sentry and Sphere","floor":31.0,"turns":6.0},{"damage":1.0,"enemies":"Champ","floor":33.0,"turns":8.0},{"damage":10.0,"enemies":"3 Darklings","floor":35.0,"turns":6.0},{"damage":0.0,"enemies":"3 Shapes","floor":36.0,"turns":8.0},{"damage":19.0,"enemies":"Sphere and 2 Shapes","floor":38.0,"turns":5.0},{"damage":0.0,"enemies":"Giant Head","floor":46.0,"turns":5.0},{"damage":7.0,"enemies":"4 Shapes","floor":48.0,"turns":7.0},{"damage":0,"enemies":"Awakened One","floor":50,"turns":6},{"damage":7,"enemies":"Donu and Deca","floor":51,"turns":5}],"seed_played":"-8903322701569481319","potions_obtained":[{"floor":1.0,"key":"SkillPotion"},{"floor":2.0,"key":"PowerPotion"},{"floor":7.0,"key":"Ambrosia"},{"floor":16.0,"key":"Fire Potion"},{"floor":25.0,"key":"DistilledChaos"},{"floor":28.0,"key":"Swift Potion"},{"floor":33.0,"key":"AttackPotion"},{"floor":36.0,"key":"PowerPotion"}],"is_trial":false,"path_per_floor":["M","M","M","M","M","R","E","R","T","?","E","M","R","E","R","B",null,"M","?","$","?","?","R","M","E","T","M","M","?","$","M","R","B",null,"M","M","$","M","?","R","$","R","T","?","R","E","R","M","R","B","B",null],"character_chosen":"WATCHER","items_purchased":["TheAbacus","PrismaticShard","Madness","MentalFortress"],"campfire_rested":0,"item_purchase_floors":[20,30,37,41],"current_hp_per_floor":[58,54,48,48,48,48,28,28,28,28,28,33,33,45,45,41,61,61,61,61,61,61,61,49,22,22,34,46,27,27,20,20,31,63,53,53,53,46,33,33,33,33,33,23,23,35,35,40,40,40,45],"gold":169,"neow_bonus":"RANDOM_COLORLESS_2","is_daily":false,"chose_seed":false,"campfire_upgraded":11,"win_rate":0.0,"timestamp":1612099474,"path_taken":["M","M","M","M","M","R","E","R","T","?","E","M","R","E","R","BOSS","M","?","$","?","?","R","M","E","T","M","M","?","$","?","R","BOSS","M","M","$","M","?","R","$","R","T","?","R","E","R","M","R","BOSS","BOSS"],"items_purchased_type":["Relic","Relic","Card","Card"],"build_version":"2020-12-22","purchased_purges":3,"victory":true,"max_hp_per_floor":[68,68,68,68,68,68,68,68,68,68,68,68,68,68,68,68,68,68,68,68,68,68,68,68,68,68,68,68,73,73,73,73,73,73,73,73,73,73,73,73,73,73,73,73,73,73,73,73,73,73,73],"relic_stats":{"Nunchaku":[9],"TheAbacus":[888],"counters":[25,113],"Gambling Chip":[59],"Black Star":2,"obtain_stats":[{"SacredBark":34,"Damaru":26,"Omamori":46,"Ancient Tea Set":7,"PrismaticShard":30,"Akabeko":25,"Old Coin":11,"Nunchaku":43,"TheAbacus":20,"Gambling Chip":9,"Molten Egg 2":46,"Bag of Marbles":14,"Black Star":17,"PureWater":0,"Meat on the Bone":10},{"SacredBark":18,"Damaru":14,"Omamori":22,"Ancient Tea Set":6,"PrismaticShard":16,"Akabeko":14,"Old Coin":8,"Nunchaku":21,"TheAbacus":12,"Gambling Chip":6,"Molten Egg 2":22,"Bag of Marbles":10,"Black Star":11,"PureWater":0,"Meat on the Bone":7},{"SacredBark":71,"Damaru":51,"Omamori":95,"Ancient Tea Set":19,"PrismaticShard":57,"Akabeko":51,"Old Coin":27,"Nunchaku":90,"TheAbacus":40,"Gambling Chip":19,"Molten Egg 2":95,"Bag of Marbles":33,"Black Star":39,"PureWater":0,"Meat on the Bone":21}],"Meat on the Bone":156},"card_choices":[{"not_picked":["The Bomb","Secret Weapon"],"picked":"Thinking Ahead","floor":0.0},{"not_picked":["Indignation","BowlingBash"],"picked":"WheelKick","floor":1.0},{"not_picked":["Study","Crescendo","FlurryOfBlows"],"picked":"SKIP","floor":2.0},{"not_picked":["Prostrate","ThirdEye","Halt"],"picked":"SKIP","floor":3.0},{"not_picked":["FlyingSleeves","Evaluate","FollowUp"],"picked":"SKIP","floor":4.0},{"not_picked":["Halt","Fasting2","WaveOfTheHand"],"picked":"SKIP","floor":5.0},{"not_picked":["WreathOfFlame","Evaluate","SashWhip"],"picked":"SKIP","floor":7.0},{"not_picked":["WaveOfTheHand","EmptyFist"],"picked":"Meditate","floor":10.0},{"not_picked":["WreathOfFlame","Prostrate","Nirvana"],"picked":"SKIP","floor":11.0},{"not_picked":["Protect","WaveOfTheHand","SashWhip"],"picked":"SKIP","floor":12.0},{"not_picked":["ForeignInfluence","TalkToTheHand"],"picked":"Adaptation","floor":14.0},{"not_picked":["MasterReality","Judgement"],"picked":"Establishment","floor":16.0},{"not_picked":["FlurryOfBlows","Perseverance","Halt"],"picked":"SKIP","floor":18.0},{"not_picked":["ClearTheMind","WreathOfFlame","Fasting2"],"picked":"SKIP","floor":24.0},{"not_picked":["Prostrate","Conclude"],"picked":"Wallop","floor":25.0},{"not_picked":["Perseverance","Prostrate","Crescendo"],"picked":"SKIP","floor":27.0},{"not_picked":["Study+1","Halt"],"picked":"Vault","floor":28.0},{"not_picked":["Cleave","BattleHymn","Reinforced Body"],"picked":"SKIP","floor":31.0},{"not_picked":["Creative AI","Storm of Steel"],"picked":"Doppelganger","floor":33.0},{"not_picked":["Twin Strike","Deadly Poison","Perfected Strike+1"],"picked":"SKIP","floor":35.0},{"not_picked":["Loop","Heavy Blade+1"],"picked":"Burning Pact","floor":36.0},{"not_picked":["Warcry","Infinite Blades","Cold Snap"],"picked":"SKIP","floor":38.0},{"not_picked":["Madness","The Bomb"],"picked":"Purity","floor":44.0},{"not_picked":["Panache","Impatience"],"picked":"Thinking Ahead","floor":44.0},{"not_picked":["Wild Strike+1","Impatience+1","Protect"],"picked":"SKIP","floor":46.0},{"not_picked":["Carnage+1","WheelKick+1","Go for the Eyes+1"],"picked":"SKIP","floor":48.0}],"player_experience":1297913,"relics_obtained":[{"floor":7.0,"key":"Ancient Tea Set"},{"floor":9.0,"key":"Gambling Chip"},{"floor":10.0,"key":"Meat on the Bone"},{"floor":11.0,"key":"Old Coin"},{"floor":14.0,"key":"Bag of Marbles"},{"floor":25.0,"key":"Akabeko"},{"floor":26.0,"key":"Damaru"},{"floor":43.0,"key":"Nunchaku"},{"floor":46.0,"key":"Molten Egg 2"},{"floor":46.0,"key":"Omamori"}],"event_choices":[{"damage_healed":0.0,"max_hp_gain":0.0,"max_hp_loss":0.0,"gold_gain":30.0,"event_name":"Dead Adventurer","player_choice":"Searched \u00272\u0027 times","floor":10.0,"gold_loss":0.0,"damage_taken":0.0},{"damage_healed":0.0,"max_hp_gain":0.0,"max_hp_loss":0.0,"gold_gain":0.0,"event_name":"Ghosts","player_choice":"Ignored","floor":19.0,"gold_loss":0.0,"damage_taken":0.0},{"damage_healed":0.0,"max_hp_gain":0.0,"max_hp_loss":0.0,"gold_gain":0.0,"event_name":"The Mausoleum","player_choice":"Ignored","floor":21.0,"gold_loss":0.0,"damage_taken":0.0},{"damage_healed":0.0,"max_hp_gain":0.0,"max_hp_loss":0.0,"gold_gain":0.0,"cards_transformed":["Strike_P","Strike_P"],"event_name":"Drug Dealer","player_choice":"Became Test Subject","floor":22.0,"gold_loss":0.0,"damage_taken":0.0,"cards_obtained":["SignatureMove","SpiritShield"]},{"damage_healed":0.0,"max_hp_gain":5.0,"max_hp_loss":0.0,"gold_gain":0.0,"event_name":"Forgotten Altar","player_choice":"Shed Blood","floor":29.0,"gold_loss":0.0,"damage_taken":24.0},{"damage_healed":0.0,"max_hp_gain":0.0,"max_hp_loss":0.0,"gold_gain":0.0,"event_name":"Winding Halls","player_choice":"Embrace Madness","floor":39.0,"gold_loss":0.0,"damage_taken":13.0,"cards_obtained":["Madness","Madness"]},{"damage_healed":0.0,"max_hp_gain":0.0,"max_hp_loss":0.0,"gold_gain":0.0,"event_name":"SensoryStone","player_choice":"Memory 3","floor":44.0,"gold_loss":0.0,"damage_taken":10.0}],"is_beta":false,"boss_relics":[{"not_picked":["Coffee Dripper","Fusion Hammer"],"picked":"Black Star"},{"not_picked":["Cursed Key","Calling Bell"],"picked":"SacredBark"}],"items_purged_floors":[20,30,37],"is_endless":false,"potions_floor_spawned":[1,2,5,7,16,25,28,33,35,36,48],"ascension_level":20}}