{"host":"yy1cu9q9bsxhflzi","time":1612081829,"event":{"mods":["BaseMod","DeckTracker","Minty Spire (QoL Compilation)","Quick Restart","StSLib","everything is the same but u backflip on backflip"],"gold_per_floor":[110,130,150,165,165,198,198,223,246,94,94,169,182,215,215,291,291,308,326,345,345,202,221,237,264,288,300,347,359,371,413,425,511,523,553,565,596,618,642,654,695,724,759,796,839,615,615,626,626,626,626,626,626,60,60,60],"floor_reached":55,"language":"KOR","playtime":2374,"items_purged":["Defend_G","Defend_G","Catalyst+1","Outmaneuver"],"score":2614,"play_id":"d9419f3f-9774-483a-a781-8f6d57ea9d0f","local_time":"20210131173029","is_ascension_mode":true,"campfire_choices":[{"data":"Calculated Gamble","floor":7.0,"key":"SMITH"},{"floor":11.0,"key":"REST"},{"data":"Reflex","floor":15.0,"key":"SMITH"},{"data":"Well Laid Plans","floor":27.0,"key":"SMITH"},{"data":"Footwork","floor":30.0,"key":"SMITH"},{"data":"Concentrate","floor":32.0,"key":"SMITH"},{"data":"Tactician","floor":40.0,"key":"SMITH"},{"floor":49,"key":"RECALL"},{"data":"Adrenaline","floor":53,"key":"SMITH"}],"circlet_count":0,"master_deck":["AscendersBane","Survivor","A Thousand Cuts+1","A Thousand Cuts+1","A Thousand Cuts+1","A Thousand Cuts+1","A Thousand Cuts+1","Reflex+1","Leg Sweep","Calculated Gamble+1","Wraith Form v2+1","Footwork+1","Concentrate+1","Adrenaline+1","Acrobatics","Well Laid Plans+1","Tools of the Trade","Expertise+1","Slice+1","PiercingWail+1","Tactician+1","Deflect+1","Blur","Backflip+1","Footwork"],"relics":["Ring of the Snake","Mummified Hand","Bird Faced Urn","Art of War","Omamori","Centennial Puzzle","PreservedInsect","Philosopher\u0027s Stone","Nilry\u0027s Codex","Gremlin Horn","MawBank","Eternal Feather","Bag of Marbles","Astrolabe","Question Card","Ancient Tea Set","Calipers","Whetstone","FossilizedHelix"],"acts_visited":["Exordium","TheCity","TheBeyond","TheEnding"],"potions_floor_usage":[],"damage_taken":[{"damage":0.0,"enemies":"Cultist","floor":1.0,"turns":3.0},{"damage":4.0,"enemies":"Jaw Worm","floor":2.0,"turns":3.0},{"damage":3.0,"enemies":"2 Louse","floor":3.0,"turns":2.0},{"damage":18.0,"enemies":"Large Slime","floor":4.0,"turns":5.0},{"damage":5.0,"enemies":"Lagavulin","floor":6.0,"turns":7.0},{"damage":25.0,"enemies":"3 Sentries","floor":8.0,"turns":4.0},{"damage":1.0,"enemies":"Red Slaver","floor":13.0,"turns":3.0},{"damage":2.0,"enemies":"Lagavulin","floor":14.0,"turns":7.0},{"damage":0.0,"enemies":"Slime Boss","floor":16.0,"turns":5.0},{"damage":20.0,"enemies":"Chosen","floor":18.0,"turns":5.0},{"damage":5.0,"enemies":"Shell Parasite","floor":19.0,"turns":2.0},{"damage":5.0,"enemies":"Centurion and Healer","floor":20.0,"turns":2.0},{"damage":14.0,"enemies":"Chosen and Byrds","floor":23.0,"turns":4.0},{"damage":0.0,"enemies":"Snake Plant","floor":24.0,"turns":3.0},{"damage":0.0,"enemies":"Slavers","floor":25.0,"turns":2.0},{"damage":0.0,"enemies":"Book of Stabbing","floor":28.0,"turns":3.0},{"damage":2.0,"enemies":"Gremlin Leader","floor":31.0,"turns":2.0},{"damage":0.0,"enemies":"Automaton","floor":33.0,"turns":4.0},{"damage":0.0,"enemies":"3 Shapes","floor":35.0,"turns":2.0},{"damage":0.0,"enemies":"3 Darklings","floor":37.0,"turns":2.0},{"damage":1.0,"enemies":"Maw","floor":38.0,"turns":5.0},{"damage":0.0,"enemies":"Sphere and 2 Shapes","floor":39.0,"turns":2.0},{"damage":0.0,"enemies":"Giant Head","floor":41.0,"turns":3.0},{"damage":0.0,"enemies":"Writhing Mass","floor":42.0,"turns":3.0},{"damage":0.0,"enemies":"Mind Bloom Boss Battle","floor":44.0,"turns":2.0},{"damage":0.0,"enemies":"Nemesis","floor":45.0,"turns":3.0},{"damage":0,"enemies":"3 Darklings","floor":48,"turns":1},{"damage":0,"enemies":"Donu and Deca","floor":50,"turns":3},{"damage":0,"enemies":"Time Eater","floor":51,"turns":10},{"damage":0,"enemies":"Shield and Spear","floor":55,"turns":1}],"seed_played":"-5905358484388910653","potions_obtained":[{"floor":2.0,"key":"Regen Potion"},{"floor":3.0,"key":"Ancient Potion"},{"floor":8.0,"key":"SteroidPotion"},{"floor":16.0,"key":"SkillPotion"},{"floor":20.0,"key":"Weak Potion"},{"floor":37.0,"key":"Block Potion"},{"floor":41.0,"key":"ColorlessPotion"}],"is_trial":true,"path_per_floor":["M","M","M","M","?","E","R","E","T","$","R","?","M","E","R","B",null,"M","M","M","?","$","M","M","E","T","R","E","?","R","E","R","B",null,"M","?","M","M","M","R","E","M","T","?","E","$","?","M","R","B","B",null,"R","$","E"],"character_chosen":"THE_SILENT","items_purchased":["Footwork","Well Laid Plans","GhostInAJar","FossilizedHelix","Footwork"],"campfire_rested":1,"item_purchase_floors":[10,22,46,54,54],"current_hp_per_floor":[66,66,65,54,19,24,24,21,21,21,40,29,40,50,50,64,66,48,55,62,41,41,41,53,66,66,66,66,66,66,66,66,66,66,66,66,66,66,66,66,66,66,66,66,66,66,66,66,66,66,66,66,66,66,66,66],"gold":60,"neow_bonus":"","is_daily":false,"chose_seed":false,"campfire_upgraded":7,"win_rate":0.0,"timestamp":1612081829,"path_taken":["M","M","M","M","?","E","R","E","T","$","R","?","M","E","R","BOSS","M","M","M","?","$","M","M","E","T","R","E","?","R","E","R","BOSS","M","?","?","M","M","R","E","M","T","?","E","$","?","M","R","BOSS","BOSS","R","$","E"],"items_purchased_type":["Card","Card","Potion","Relic","Card"],"build_version":"2020-12-22","purchased_purges":4,"victory":false,"max_hp_per_floor":[66,66,66,66,66,66,66,66,66,66,66,66,66,66,66,66,66,66,66,66,66,66,66,66,66,66,66,66,66,66,66,66,66,66,66,66,66,66,66,66,66,66,66,66,66,66,66,66,66,66,66,66,66,66,66,66],"card_choices":[{"not_picked":["Slice","Deflect"],"picked":"Outmaneuver","floor":1.0},{"not_picked":["Backflip","Infinite Blades"],"picked":"Reflex","floor":2.0},{"not_picked":["Sucker Punch","Quick Slash","Deflect"],"picked":"SKIP","floor":3.0},{"not_picked":["Flying Knee","Cloak And Dagger"],"picked":"Leg Sweep","floor":4.0},{"not_picked":["Leg Sweep","All Out Attack"],"picked":"Calculated Gamble","floor":6.0},{"not_picked":["Infinite Blades","Venomology"],"picked":"Wraith Form v2","floor":8.0},{"not_picked":["Dagger Spray","Slice","Dagger Throw"],"picked":"SKIP","floor":13.0},{"not_picked":["Outmaneuver","Predator"],"picked":"Concentrate","floor":14.0},{"not_picked":["Wraith Form v2","Malaise"],"picked":"Adrenaline","floor":16.0},{"not_picked":["Dagger Throw","Dagger Spray"],"picked":"Acrobatics","floor":18.0},{"not_picked":["Reflex","Accuracy","Dagger Spray"],"picked":"SKIP","floor":19.0},{"not_picked":["Heel Hook","Acrobatics","Endless Agony"],"picked":"SKIP","floor":20.0},{"not_picked":["Acrobatics","Poisoned Stab","Underhanded Strike"],"picked":"SKIP","floor":23.0},{"not_picked":["Poisoned Stab","Accuracy","Venomology"],"picked":"SKIP","floor":24.0},{"not_picked":["Poisoned Stab","Accuracy+1","Predator"],"picked":"SKIP","floor":25.0},{"not_picked":["Cloak And Dagger","Poisoned Stab","Outmaneuver"],"picked":"SKIP","floor":28.0},{"not_picked":["Concentrate","Well Laid Plans","Dagger Throw"],"picked":"SKIP","floor":31.0},{"not_picked":["Venomology","Grand Finale"],"picked":"Tools of the Trade","floor":33.0},{"not_picked":["Infinite Blades","Sucker Punch"],"picked":"PiercingWail+1","floor":35.0},{"not_picked":["Dagger Spray","Slice","Blade Dance"],"picked":"SKIP","floor":37.0},{"not_picked":["Poisoned Stab","Dagger Spray"],"picked":"Tactician","floor":38.0},{"not_picked":["All Out Attack","Flechettes","Poisoned Stab"],"picked":"SKIP","floor":39.0},{"not_picked":["Dodge and Roll","A Thousand Cuts","Poisoned Stab"],"picked":"SKIP","floor":41.0},{"not_picked":["Flying Knee+1","Heel Hook","Deflect","Underhanded Strike"],"picked":"SKIP","floor":42.0},{"not_picked":["Flechettes","Underhanded Strike","Corpse Explosion"],"picked":"Deflect+1","floor":44.0},{"not_picked":["Outmaneuver","Accuracy+1","Quick Slash+1"],"picked":"Blur","floor":45.0},{"not_picked":["Quick Slash","Underhanded Strike","Heel Hook"],"picked":"Backflip+1","floor":48}],"player_experience":3892755,"relics_obtained":[{"floor":6.0,"key":"Omamori"},{"floor":8.0,"key":"Centennial Puzzle"},{"floor":14.0,"key":"PreservedInsect"},{"floor":21.0,"key":"Nilry\u0027s Codex"},{"floor":25.0,"key":"Gremlin Horn"},{"floor":26.0,"key":"MawBank"},{"floor":28.0,"key":"Eternal Feather"},{"floor":31.0,"key":"Bag of Marbles"},{"floor":41.0,"key":"Question Card"},{"floor":43.0,"key":"Ancient Tea Set"},{"floor":44.0,"key":"Calipers"},{"floor":45.0,"key":"Whetstone"}],"event_choices":[{"damage_healed":0.0,"max_hp_gain":0.0,"max_hp_loss":0.0,"gold_gain":0.0,"event_name":"Scrap Ooze","player_choice":"Success","floor":5.0,"gold_loss":0.0,"damage_taken":35.0,"relics_obtained":["Art of War"]},{"damage_healed":0.0,"max_hp_gain":0.0,"max_hp_loss":0.0,"gold_gain":75.0,"event_name":"World of Goop","player_choice":"Gather Gold","floor":12.0,"gold_loss":0.0,"damage_taken":11.0},{"damage_healed":0.0,"max_hp_gain":0.0,"max_hp_loss":0.0,"gold_gain":0.0,"event_name":"Cursed Tome","player_choice":"Obtained Book","floor":21.0,"gold_loss":0.0,"damage_taken":21.0},{"damage_healed":0.0,"max_hp_gain":0.0,"max_hp_loss":0.0,"gold_gain":0.0,"cards_transformed":["Defend_G"],"event_name":"Transmorgrifier","player_choice":"Transformed","floor":29.0,"gold_loss":0.0,"damage_taken":0.0,"cards_obtained":["Corpse Explosion"]},{"damage_healed":0.0,"max_hp_gain":0.0,"max_hp_loss":0.0,"gold_gain":0.0,"event_name":"SecretPortal","player_choice":"Ignored","floor":36.0,"gold_loss":0.0,"damage_taken":0.0},{"damage_healed":0.0,"max_hp_gain":0.0,"max_hp_loss":0.0,"gold_gain":0.0,"event_name":"MindBloom","player_choice":"Fight","floor":44.0,"gold_loss":0.0,"damage_taken":0.0},{"damage_healed":0.0,"max_hp_gain":0.0,"max_hp_loss":0.0,"gold_gain":0.0,"event_name":"Upgrade Shrine","player_choice":"Upgraded","floor":47.0,"gold_loss":0.0,"damage_taken":0.0,"cards_upgraded":["Wraith Form v2"]}],"is_beta":false,"boss_relics":[{"not_picked":["Runic Dome","Sozu"],"picked":"Philosopher\u0027s Stone"},{"not_picked":["Velvet Choker","Busted Crown"],"picked":"Astrolabe"}],"items_purged_floors":[10,22,46,54],"is_endless":false,"potions_floor_spawned":[2,3,8,16,18,20,28,33,37,41,42,45,48],"killed_by":"Shield and Spear","ascension_level":20}}