{"host":"7iv10lxbxedtd0qh","time":1612120663,"event":{"mods":["BaseMod","Colored Map","Colored Powertips","Downfall","Minty Spire (QoL Compilation)","StSLib"],"gold_per_floor":[99,119,139,159,176,203,203,203,64,64,79,10,10,341,356,456,456,256,272,272,288,288,304,358,358,373,383,383,415,415,430,442,538,538,538,190,238,238,252,252,252,263,263,33,175,200,100,127,146,146,146,172,10,10,10,10],"floor_reached":57,"language":"ENG","playtime":4219,"items_purged":["Slimebound:Defend_Slimebound","Slimebound:Defend_Slimebound","Pain","Slimebound:Strike_Slimebound","Slimebound:Strike_Slimebound"],"score":1365,"play_id":"00a0b7ee-5ae9-4011-a960-5ef8913d0494","local_time":"20210131201743","is_ascension_mode":true,"campfire_choices":[{"data":"Slimebound:OozeBath","floor":1.0,"key":"SMITH"},{"floor":10.0,"key":"RECALL"},{"data":"Slimebound:GoopSpray","floor":13.0,"key":"SMITH"},{"data":"Slimebound:MassFeed","floor":18.0,"key":"SMITH"},{"data":"Slimebound:LeechEnergy","floor":25.0,"key":"SMITH"},{"data":"Slimebound:SpikyOuterGoop","floor":28.0,"key":"SMITH"},{"data":"Slimebound:SpikyOuterGoop","floor":30.0,"key":"SMITH"},{"data":"Slimebound:MassFeed","floor":35.0,"key":"SMITH"},{"data":"Slimebound:Grow","floor":40.0,"key":"SMITH"},{"data":"Slimebound:SpikyOuterGoop","floor":47.0,"key":"SMITH"},{"floor":54.0,"key":"REST"}],"circlet_count":0,"master_deck":["Slimebound:Strike_Slimebound","Slimebound:Split","Slimebound:CorrosiveSpit","Slimebound:OozeBath+1","Slimebound:SlimeSpikes","Slimebound:ItLooksTasty","Slimebound:SlimeSpikes","Slimebound:Equalize","Slimebound:SlimeSpikes","Slimebound:GoopSpray+1","Slimebound:Equalize","Slimebound:Prepare","Slimebound:SpikyOuterGoop+1","Slimebound:MassFeed+1","Slimebound:MegaLick","Slimebound:LeechEnergy+1","RitualDagger+1","Slimebound:SpikyOuterGoop+1","Slimebound:RejuvenatingLick+1","Slimebound:SpikyOuterGoop+1","Slimebound:Grow+1","Slimebound:MassFeed+1","Slimebound:Gluttony","Slimebound:Grow+1","Slimebound:LeechEnergy+1","Slimebound:SamplingLick+1","Slimebound:LeechLife+1","Slimebound:SpikyOuterGoop+1","Slimebound:AcidTongue+1","Slimebound:LeechEnergy+1","Slimebound:HauntingLick+1"],"relics":["Slimebound:AbsorbEndCombat","Shuriken","CaptainsWheel","Old Coin","Empty Cage","downfall:HeartBlessingRed","downfall:HeartBlessingGreen","Tiny Chest","InkBottle","Runic Pyramid","Lantern","WingedGreaves","WarpedTongs","Molten Egg 2","Membership Card","Anchor","Vajra","downfall:HeartBlessingBlue","Meat on the Bone","Incense Burner","Oddly Smooth Stone"],"acts_visited":["Exordium","TheCity","TheBeyond","TheEnding"],"potions_floor_usage":[56],"damage_taken":[{"damage":0.0,"enemies":"Cultist","floor":2.0,"turns":3.0},{"damage":1.0,"enemies":"Jaw Worm","floor":3.0,"turns":5.0},{"damage":8.0,"enemies":"Small Slimes","floor":4.0,"turns":3.0},{"damage":7.0,"enemies":"Red Slaver","floor":5.0,"turns":4.0},{"damage":24.0,"enemies":"3 Sentries","floor":6.0,"turns":7.0},{"damage":0.0,"enemies":"downfall:FleeingMerchant","floor":9.0,"turns":4.0},{"damage":1.0,"enemies":"3 Louse","floor":11.0,"turns":4.0},{"damage":4.0,"enemies":"downfall:FleeingMerchant","floor":12.0,"turns":4.0},{"damage":7.0,"enemies":"Lagavulin","floor":14.0,"turns":6.0},{"damage":0.0,"enemies":"Exordium Thugs","floor":15.0,"turns":3.0},{"damage":30.0,"enemies":"WA_ARCHETYPE_RETAIN","floor":16.0,"turns":15.0},{"damage":9.0,"enemies":"3 Byrds","floor":19.0,"turns":5.0},{"damage":38.0,"enemies":"Cultist and Chosen","floor":21.0,"turns":8.0},{"damage":0.0,"enemies":"Centurion and Healer","floor":23.0,"turns":6.0},{"damage":0.0,"enemies":"3 Cultists","floor":26.0,"turns":4.0},{"damage":27.0,"enemies":"Shelled Parasite and Fungi","floor":27.0,"turns":4.0},{"damage":22.0,"enemies":"Book of Stabbing","floor":29.0,"turns":7.0},{"damage":7.0,"enemies":"Centurion and Healer","floor":31.0,"turns":6.0},{"damage":0.0,"enemies":"Snecko","floor":32.0,"turns":5.0},{"damage":37.0,"enemies":"IC_MUSHROOM_ARCHETYPE","floor":33.0,"turns":12.0},{"damage":5.0,"enemies":"downfall:FleeingMerchant","floor":36.0,"turns":4.0},{"damage":44.0,"enemies":"2 Orb Walkers","floor":37.0,"turns":5.0},{"damage":48.0,"enemies":"3 Darklings","floor":39.0,"turns":5.0},{"damage":12.0,"enemies":"Orb Walker","floor":42.0,"turns":3.0},{"damage":13.0,"enemies":"downfall:FleeingMerchant","floor":44.0,"turns":4.0},{"damage":0.0,"enemies":"downfall:FleeingMerchant","floor":45.0,"turns":2.0},{"damage":2.0,"enemies":"Giant Head","floor":46.0,"turns":8.0},{"damage":12.0,"enemies":"Nemesis","floor":48.0,"turns":5.0},{"damage":38.0,"enemies":"Transient","floor":49.0,"turns":5.0},{"damage":50.0,"enemies":"SI_POISON_ARCHETYPE","floor":50.0,"turns":25.0},{"damage":77.0,"enemies":"downfall:CharBossMerchant","floor":52.0,"turns":10.0},{"damage":8.0,"enemies":"downfall:NeowBoss","floor":55.0,"turns":10.0},{"damage":114,"enemies":"downfall:NeowBossFinal","floor":56,"turns":12}],"seed_played":"9016456534474723385","potions_obtained":[{"floor":2.0,"key":"PowerPotion"},{"floor":5.0,"key":"Explosive Potion"},{"floor":6.0,"key":"Slimebound:SpawnSlimePotion"},{"floor":16.0,"key":"AttackPotion"},{"floor":19.0,"key":"DistilledChaos"},{"floor":21.0,"key":"Weak Potion"},{"floor":22.0,"key":"CultistPotion"},{"floor":26.0,"key":"Explosive Potion"},{"floor":27.0,"key":"SteroidPotion"},{"floor":39.0,"key":"hexamod:SoulburnPotion"},{"floor":48.0,"key":"Strength Potion"}],"is_trial":false,"path_per_floor":["R","M","M","M","M","E","T","?","$","R","M","$","R","E","M","B",null,"R","M","?","M","?","M","T","R","M","M","R","E","R","M","M","B",null,"R","$","?","?","M","R","T","M","T","$","$","E","R","E","M","B",null,"E","$","R","B","B",null],"character_chosen":"SLIMEBOUND","items_purchased":["Slimebound:SlimeSpikes","Slimebound:Prepare","Lantern","Slimebound:Grow","Membership Card","Slimebound:LeechLife+1","Slimebound:SpikyOuterGoop","Anchor","Oddly Smooth Stone"],"campfire_rested":1,"item_purchase_floors":[9,12,36,36,44,45,45,45,53],"current_hp_per_floor":[65,65,65,61,58,55,55,55,61,61,65,65,65,65,65,36,65,65,73,73,39,39,53,53,53,77,68,68,65,65,78,89,75,89,89,88,61,61,45,45,45,39,39,50,58,99,109,101,97,92,111,69,69,102,103,21],"gold":10,"neow_bonus":"ONE_RANDOM_RARE_CARD","is_daily":false,"chose_seed":false,"campfire_upgraded":9,"win_rate":0.0,"timestamp":1612120663,"path_taken":["R","M","M","M","M","E","T","?","?","R","M","$","R","E","M","BOSS","R","M","?","?","?","M","T","R","M","M","R","E","R","M","M","BOSS","R","$","?","?","M","R","T","?","?","$","$","E","R","E","M","BOSS","E","$","R","BOSS","BOSS"],"items_purchased_type":["Card","Card","Relic","Card","Relic","Card","Card","Relic","Relic"],"build_version":"2020-12-22","purchased_purges":5,"victory":true,"max_hp_per_floor":[65,65,65,65,65,65,65,65,65,65,65,65,65,65,65,65,65,65,73,73,73,73,73,73,73,81,85,85,85,85,89,89,89,89,89,89,93,93,97,97,97,97,97,97,101,101,111,111,111,111,111,111,111,111,111,111],"card_choices":[{"not_picked":["Slimebound:LevelUp","Slimebound:Dissolve"],"picked":"Slimebound:SlimeSpikes","floor":2.0},{"not_picked":["Slimebound:RollThrough","Slimebound:PressTheAttack","Slimebound:LivingWall"],"picked":"SKIP","floor":3.0},{"not_picked":["Slimebound:SplitBruiser","Slimebound:FinishingTackle"],"picked":"Slimebound:ItLooksTasty","floor":4.0},{"not_picked":["Slimebound:Prepare","Slimebound:GoopTackle"],"picked":"Slimebound:SlimeSpikes","floor":5.0},{"not_picked":["Slimebound:FirmFortitude","Slimebound:HauntingLick"],"picked":"Slimebound:Equalize","floor":6.0},{"not_picked":["Slimebound:SplitBruiser","Slimebound:LeadByExample","Slimebound:SplitMire"],"picked":"SKIP","floor":9.0},{"not_picked":["Slimebound:LeadByExample","Slimebound:SplitLeeching"],"picked":"Slimebound:GoopSpray","floor":11.0},{"not_picked":["Slimebound:SplitAcid","Slimebound:ViciousTackle"],"picked":"Slimebound:Equalize","floor":12.0},{"not_picked":["Slimebound:SplitMire","Slimebound:ServeAndProtect","Slimebound:SplitLeeching"],"picked":"SKIP","floor":14.0},{"not_picked":["Slimebound:SlimeSpikes","Slimebound:GoopTackle"],"picked":"Slimebound:SpikyOuterGoop","floor":15.0},{"not_picked":["Slimebound:SlimeSlap","Slimebound:OozeBath"],"picked":"Slimebound:MassFeed","floor":16.0},{"not_picked":["Slimebound:ServeAndProtect","Slimebound:LeadByExample+1","Slimebound:SamplingLick"],"picked":"SKIP","floor":19.0},{"not_picked":["Slimebound:ItLooksTasty","Slimebound:PressTheAttack+1"],"picked":"Slimebound:LeechEnergy","floor":21.0},{"not_picked":["Slimebound:Replication","Slimebound:ViciousTackle"],"picked":"Slimebound:SpikyOuterGoop+1","floor":23.0},{"not_picked":["Slimebound:SplitMire","Slimebound:Repurpose"],"picked":"Slimebound:RejuvenatingLick+1","floor":26.0},{"not_picked":["Slimebound:ViciousTackle","Slimebound:RejuvenatingLick"],"picked":"Slimebound:SpikyOuterGoop","floor":27.0},{"not_picked":["Slimebound:ServeAndProtect+1","Slimebound:MassFeed","Slimebound:SamplingLick"],"picked":"SKIP","floor":29.0},{"not_picked":["Slimebound:SplitAcid","Slimebound:FlameTackle+1","Slimebound:ViciousTackle"],"picked":"SKIP","floor":31.0},{"not_picked":["Slimebound:Replication","Slimebound:SlimeSpikes"],"picked":"Slimebound:Grow+1","floor":32.0},{"not_picked":["Slimebound:MassRepurpose","Slimebound:CheckThePlaybook"],"picked":"Slimebound:MassFeed","floor":33.0},{"not_picked":["Slimebound:ProtectTheBoss+1","Slimebound:LeechEnergy"],"picked":"Slimebound:Gluttony","floor":36.0},{"not_picked":["Slimebound:SplitAcid+1","Slimebound:SlimeBrawl","Slimebound:DisruptingSlam+1"],"picked":"SKIP","floor":39.0},{"not_picked":["Slimebound:FinishingTackle","Slimebound:SplitBruiser+1"],"picked":"Slimebound:LeechEnergy+1","floor":42.0},{"not_picked":["Slimebound:AcidTongue","Slimebound:ComboTackle+1"],"picked":"Slimebound:SamplingLick+1","floor":44.0},{"not_picked":["Slimebound:ItLooksTasty+1","Slimebound:SplitMire","Slimebound:FinishingTackle+1"],"picked":"SKIP","floor":45.0},{"not_picked":["Slimebound:ServeAndProtect+1","Slimebound:SlimeSpikes+1","Slimebound:GoopSpray+1"],"picked":"SKIP","floor":46.0},{"not_picked":["Slimebound:TagTeam+1","Slimebound:SlimeBrawl+1"],"picked":"Slimebound:AcidTongue+1","floor":48.0},{"not_picked":["Slimebound:Chomp+1","Slimebound:SlimeBarrage+1"],"picked":"Slimebound:LeechEnergy+1","floor":49.0},{"not_picked":["Slimebound:Schlurp+1","Slimebound:ProtectTheBoss"],"picked":"Slimebound:HauntingLick+1","floor":52.0}],"player_experience":769292,"relics_obtained":[{"floor":6.0,"key":"Shuriken"},{"floor":7.0,"key":"CaptainsWheel"},{"floor":14.0,"key":"Old Coin"},{"floor":24.0,"key":"Tiny Chest"},{"floor":29.0,"key":"InkBottle"},{"floor":37.0,"key":"WingedGreaves"},{"floor":43.0,"key":"Molten Egg 2"},{"floor":46.0,"key":"Vajra"},{"floor":48.0,"key":"Meat on the Bone"},{"floor":52.0,"key":"Incense Burner"}],"event_choices":[{"damage_healed":0.0,"max_hp_gain":0.0,"max_hp_loss":0.0,"gold_gain":0.0,"event_name":"Mysterious Sphere","player_choice":"Fight","floor":37.0,"gold_loss":0.0,"damage_taken":0.0},{"damage_healed":0.0,"max_hp_gain":0.0,"max_hp_loss":0.0,"gold_gain":0.0,"event_name":"Accursed Blacksmith","player_choice":"Rummage","floor":38.0,"gold_loss":0.0,"damage_taken":0.0,"relics_obtained":["WarpedTongs"],"cards_obtained":["Pain"]}],"is_beta":false,"boss_relics":[{"not_picked":["Tiny House","bronze:MakeshiftBattery"],"picked":"Empty Cage"},{"not_picked":["Calling Bell","Pandora\u0027s Box"],"picked":"Runic Pyramid"}],"items_purged_floors":[9,36,44,45,53],"is_endless":false,"potions_floor_spawned":[2,5,6,16,19,21,26,27,31,32,39,42,48,49],"ascension_level":1}}