{"host":"8p5c6x4qt9411139","time":1612085692,"event":{"mods":["Aspiration","BaseMod","BetterRewards","Hubris","Infinite Spire","Minty Spire (QoL Compilation)","Quick Restart","Replay The Spire","Shop Mod","StSLib","The Animator","The Jungle"],"gold_per_floor":[99,99,24,39,56,56,56,6,85,103,103,123,140,159,159,254,254,265,285,285,156,81,111,111,125,125,125,125,125,135,135,135,135,162,162,262,262,274,324,324,324,342,342,359,371,371,163,163,190,202,219,219,219,219,219],"floor_reached":54,"language":"ENG","playtime":1825,"items_purged":["Strike_G","Defend_G+1"],"score":522,"play_id":"73c34b5f-85e2-4363-8b0c-da0e8a5b8a4f","local_time":"20210131013452","daily_mods":["Heirloom"],"is_ascension_mode":false,"campfire_choices":[{"data":"infinitespire:Gouge","floor":6.0,"key":"SMITH"},{"data":"Neutralize","floor":11.0,"key":"SMITH"},{"data":"aspiration:Lunge","floor":24,"key":"SMITH"},{"data":"Bouncing Flask","floor":33,"key":"SMITH"},{"floor":35,"key":"REST"},{"data":"Burst","floor":43,"key":"SMITH"},{"data":"Envenom","floor":48,"key":"SMITH"},{"floor":52,"key":"REST"},{"floor":53,"key":"REST"}],"circlet_count":0,"master_deck":["Strike_G+1","Strike_G+1","Defend_G+1","Defend_G+1","Defend_G+1","Defend_G+1","m_Survivalism","infinitespire:Gouge+1","Bouncing Flask+1","Replay:Poison Smokescreen","Blade Dance+1","Flying Knee","Slice","Deadly Poison","aspiration:Lunge+1","Sucker Punch+1","Deadly Poison","Bouncing Flask+1","ReplayTheSpireMod:??????????????????????","hubris:Counter+1","Burst+1","Toxin Wave+1","Envenom+1","Poisoned Stab+1","Slice+1","Bane+1"],"relics":["Ring of the Snake","Ring of Chaos","Gambling Chip","hubris:RunicObelisk","infinitespire:WardingShard","FossilizedHelix","infinitespire:EmpoweringShard","Nloth\u0027s Gift","Omamori","Bird Faced Urn","hubris:Towel","Golden Egg","MerchantsRug","BargainBundle","aspiration:DSix"],"acts_visited":["Exordium","TheCity","TheBeyond"],"potions_floor_usage":[16,23,23,23,30,39,51,54,54],"damage_taken":[{"damage":0.0,"enemies":"Cultist","floor":4.0,"turns":2.0},{"damage":8.0,"enemies":"2 Louse","floor":5.0,"turns":3.0},{"damage":0.0,"enemies":"Jaw Worm","floor":10.0,"turns":3.0},{"damage":0.0,"enemies":"Red Slaver","floor":12.0,"turns":1.0},{"damage":3.0,"enemies":"3 Louse","floor":13.0,"turns":2.0},{"damage":4.0,"enemies":"Large Slime","floor":14.0,"turns":2.0},{"damage":32,"enemies":"Slime Boss","floor":16,"turns":7},{"damage":0,"enemies":"Spheric Guardian","floor":18,"turns":3},{"damage":2,"enemies":"Shell Parasite","floor":19,"turns":3},{"damage":10,"enemies":"Gremlin Leader","floor":23,"turns":3},{"damage":14,"enemies":"Snecko","floor":25,"turns":4},{"damage":0,"enemies":"Centurion and Healer","floor":30,"turns":2},{"damage":8,"enemies":"Nightmare","floor":34,"turns":4},{"damage":18,"enemies":"hubris:MusketHawk","floor":36,"turns":6},{"damage":7,"enemies":"3 Darklings","floor":38,"turns":2},{"damage":10,"enemies":"Mind Bloom Boss Battle","floor":39,"turns":4},{"damage":10,"enemies":"3 Shapes","floor":42,"turns":2},{"damage":0,"enemies":"Spire Growth","floor":44,"turns":3},{"damage":10,"enemies":"Jaw Worm Horde","floor":45,"turns":3},{"damage":31,"enemies":"Giant Head","floor":49,"turns":6},{"damage":0,"enemies":"3 Darklings","floor":50,"turns":2},{"damage":4,"enemies":"Maw","floor":51,"turns":6},{"damage":73,"enemies":"Awakened One","floor":54,"turns":7}],"seed_played":"1843049440840695864","potions_obtained":[{"floor":5.0,"key":"BlessingOfTheForge"},{"floor":13.0,"key":"SteroidPotion"},{"floor":16,"key":"SteroidPotion"},{"floor":18,"key":"Strength Potion"},{"floor":25,"key":"LifebloodPotion"},{"floor":36,"key":"EssenceOfSteel"},{"floor":44,"key":"Swift Potion"},{"floor":45,"key":"Swift Potion"},{"floor":49,"key":"FearPotion"},{"floor":51,"key":"SkillPotion"}],"is_trial":true,"path_per_floor":["?","?","$","M","M","R","?","?","T","M","R","M","M","M","R","B",null,"M","M","?","$","?","E","R","M","T","PTL","PTL","T","M","?","?","R","NM","R","B",null,"M","?","?","?","M","R","M","M","T","$","R","E","M","M","R","R","B"],"character_chosen":"THE_SILENT","items_purchased":["Bouncing Flask","Deadly Poison","MerchantsRug","BargainBundle","Poisoned Stab","Fire Potion"],"campfire_rested":3,"item_purchase_floors":[3,21,47,47,47,47],"current_hp_per_floor":[70,54,54,54,46,46,32,32,32,32,32,32,29,25,46,14,70,70,68,55,55,55,45,45,31,31,31,31,31,31,31,31,31,23,45,27,75,68,58,58,58,48,48,48,38,38,38,38,9,9,7,29,51,0,0],"gold":219,"neow_bonus":"","is_daily":false,"chose_seed":false,"campfire_upgraded":6,"win_rate":0.0,"timestamp":1612085692,"path_taken":["?","?","?","M","M","R","?","?","T","?","R","M","M","?","R","BOSS","M","M","?","$","?","E","R","M","T","PTL","PTL","T","M","?","?","R","NM","R","BOSS","M","?","?","?","M","R","M","M","T","$","R","E","?","M","R","R","BOSS"],"items_purchased_type":["Card","Card","Relic","Relic","Card","Potion"],"build_version":"2020-12-22","purchased_purges":2,"victory":false,"max_hp_per_floor":[70,70,70,70,70,70,70,70,70,70,70,70,70,70,70,70,70,70,70,75,75,75,75,75,75,75,75,75,75,75,75,75,75,75,75,75,75,75,75,75,75,75,75,75,75,75,75,75,75,75,75,75,75,75,75],"card_choices":[{"not_picked":["hubris:Rewind","ReplayTheSpireMod:Chaos Vortex"],"picked":"infinitespire:Gouge","floor":2.0},{"not_picked":["hubris:SlightOfHand","Dash"],"picked":"Replay:Poison Smokescreen","floor":4.0},{"not_picked":["Prepared","Outmaneuver"],"picked":"Blade Dance","floor":5.0},{"not_picked":["Bane","Dodge and Roll"],"picked":"Flying Knee","floor":10.0},{"not_picked":["Replay:Poison Smokescreen","Dodge and Roll","ReplayTheSpireMod:Tripwire"],"picked":"SKIP","floor":12.0},{"not_picked":["hubris:TrickCloak","Backflip"],"picked":"Slice","floor":13.0},{"not_picked":["Escape Plan","Quick Slash"],"picked":"Deadly Poison","floor":14},{"not_picked":["Adrenaline","Burst"],"picked":"aspiration:Lunge","floor":16},{"not_picked":["Deflect","Backstab"],"picked":"Sucker Punch+1","floor":18},{"not_picked":["Leg Sweep+1","hubris:SlightOfHand","Prepared"],"picked":"SKIP","floor":19},{"not_picked":["Slice","Poisoned Stab"],"picked":"Bouncing Flask","floor":23},{"not_picked":["Underhanded Strike","Draining Mist+1","Bouncing Flask+1"],"picked":"SKIP","floor":25},{"not_picked":["Poisoned Stab+1","Bane+1","Tactician"],"picked":"SKIP","floor":30},{"not_picked":["infinitespire:FinalStrike","infinitespire:NeuralNetwork"],"picked":"ReplayTheSpireMod:??????????????????????","floor":34},{"not_picked":["Outmaneuver+1","Infinite Blades+1"],"picked":"hubris:Counter+1","floor":34},{"not_picked":["Glass Knife","Tools of the Trade"],"picked":"Burst","floor":36},{"not_picked":["Dagger Spray+1","Deadly Poison","ReplayTheSpireMod:Scrap Shanks+1"],"picked":"SKIP","floor":38},{"not_picked":["Footwork+1","Deflect+1"],"picked":"Toxin Wave+1","floor":42},{"not_picked":["hubris:SlightOfHand+1","Deflect","Bane+1"],"picked":"SKIP","floor":44},{"not_picked":["Dodge and Roll","Deadly Poison+1"],"picked":"Envenom","floor":45},{"not_picked":["Flechettes","Predator+1"],"picked":"Slice+1","floor":49},{"not_picked":["Envenom","hubris:SlightOfHand+1","Footwork+1"],"picked":"SKIP","floor":50},{"not_picked":["Deadly Poison","Malaise"],"picked":"Bane+1","floor":51}],"player_experience":408268,"relics_obtained":[{"floor":9.0,"key":"Ornamental Fan"},{"floor":23,"key":"infinitespire:WardingShard"},{"floor":26,"key":"FossilizedHelix"},{"floor":29,"key":"infinitespire:EmpoweringShard"},{"floor":34,"key":"Omamori"},{"floor":39,"key":"Bird Faced Urn"},{"floor":46,"key":"Golden Egg"},{"floor":49,"key":"aspiration:DSix"}],"event_choices":[{"damage_healed":0.0,"max_hp_gain":0.0,"max_hp_loss":0.0,"gold_gain":0.0,"event_name":"Shining Light","player_choice":"Entered Light","floor":7.0,"gold_loss":0.0,"damage_taken":14.0,"cards_upgraded":["Strike_G","Bouncing Flask"]},{"cards_removed":["Strike_G"],"damage_healed":0.0,"max_hp_gain":0.0,"max_hp_loss":0.0,"gold_gain":0.0,"event_name":"The Cleric","player_choice":"Card Removal","floor":8.0,"gold_loss":50.0,"damage_taken":0.0},{"damage_healed":0,"gold_gain":0,"player_choice":"Shed Blood","damage_taken":18,"max_hp_gain":5,"max_hp_loss":0,"event_name":"Forgotten Altar","floor":20,"gold_loss":0},{"cards_removed":["Strike_G"],"damage_healed":0,"gold_gain":0,"player_choice":"Gave Gold","damage_taken":0,"max_hp_gain":0,"max_hp_loss":0,"event_name":"Beggar","floor":22,"gold_loss":75},{"damage_healed":0,"gold_gain":0,"player_choice":"Simplicity","damage_taken":0,"max_hp_gain":0,"max_hp_loss":0,"event_name":"Back to Basics","floor":31,"gold_loss":0,"cards_upgraded":["Strike_G","Defend_G","Defend_G","Defend_G","Defend_G","Defend_G"]},{"damage_healed":0,"gold_gain":0,"player_choice":"Traded Relic","damage_taken":0,"relics_obtained":["Nloth\u0027s Gift"],"max_hp_gain":0,"max_hp_loss":0,"event_name":"N\u0027loth","floor":32,"relics_lost":["Ornamental Fan"],"gold_loss":0},{"damage_healed":0,"gold_gain":0,"player_choice":"Fight","damage_taken":0,"max_hp_gain":0,"max_hp_loss":0,"event_name":"MindBloom","floor":39,"gold_loss":0},{"cards_removed":["Neutralize"],"damage_healed":0,"gold_gain":0,"player_choice":"Removed Attack","damage_taken":0,"max_hp_gain":0,"max_hp_loss":0,"event_name":"Falling","floor":40,"gold_loss":0}],"is_beta":false,"boss_relics":[{"not_picked":["Replay:Bronze Core","aspiration:SecretTechniqueScroll"],"picked":"hubris:RunicObelisk"},{"not_picked":["aspiration:RunicSpoon","Black Star"],"picked":"Velvet Choker"}],"items_purged_floors":[21,47],"is_endless":true,"potions_floor_spawned":[5,13,16,18,25,36,44,45,49,50,51],"killed_by":"Awakened One","ascension_level":0}}