{"host":"sad04l3m69qtnhom","time":1612078176,"event":{"mods":["AchievementEnabler","BaseMod","Colored Map","Colored Powertips","DeckTracker","Highlight Path","Minty Spire (QoL Compilation)","Permanent Neow","Quick Restart","SuperFastMode","everything is the same but u backflip on backflip"],"gold_per_floor":[20,20,34,51,61,78,78,95,95,24,51,65,95,110,110,211,211,225,150,65,82,95,123,123,152,152,152,152],"floor_reached":27,"language":"KOR","playtime":1527,"items_purged":["Strike_B"],"score":320,"play_id":"e66b52f4-b34a-4974-9b11-d3ea55642fbb","local_time":"20210131162936","is_ascension_mode":true,"campfire_choices":[{"data":"Darkness","floor":15,"key":"SMITH"},{"data":"Multi-Cast","floor":24,"key":"SMITH"}],"circlet_count":0,"master_deck":["Strike_B","Strike_B","Strike_B","Defend_B","Defend_B","Defend_B","Zap","Dualcast","Echo Form+1","BootSequence","Self Repair","Go for the Eyes","Darkness+1","Redo","Reprogram","Multi-Cast+1","Core Surge","Darkness+1","Conserve Battery+1"],"relics":["Cracked Core","Matryoshka","Centennial Puzzle","Vajra","Coffee Dripper","Shovel","Strawberry","Bag of Marbles","Bronze Scales"],"acts_visited":["Exordium","TheCity"],"potions_floor_usage":[5,13,13,16,21,22,23,23,27],"damage_taken":[{"damage":1,"enemies":"2 Louse","floor":1,"turns":3},{"damage":6,"enemies":"Cultist","floor":3,"turns":4},{"damage":2,"enemies":"Small Slimes","floor":4,"turns":2},{"damage":4,"enemies":"Exordium Wildlife","floor":5,"turns":3},{"damage":4,"enemies":"Red Slaver","floor":6,"turns":4},{"damage":2,"enemies":"Looter","floor":8,"turns":3},{"damage":36,"enemies":"Gremlin Nob","floor":11,"turns":5},{"damage":8,"enemies":"3 Louse","floor":12,"turns":3},{"damage":19,"enemies":"3 Sentries","floor":13,"turns":7},{"damage":5,"enemies":"Blue Slaver","floor":14,"turns":4},{"damage":14,"enemies":"Slime Boss","floor":16,"turns":8},{"damage":0,"enemies":"Chosen","floor":18,"turns":4},{"damage":4,"enemies":"3 Byrds","floor":21,"turns":2},{"damage":2,"enemies":"Centurion and Healer","floor":22,"turns":4},{"damage":25,"enemies":"Slavers","floor":23,"turns":4},{"damage":27,"enemies":"Book of Stabbing","floor":25,"turns":4},{"damage":29,"enemies":"Slavers","floor":27,"turns":2}],"seed_played":"-3788288366344543909","potions_obtained":[{"floor":4,"key":"Fire Potion"},{"floor":5,"key":"Explosive Potion"},{"floor":8,"key":"Dexterity Potion"},{"floor":12,"key":"Swift Potion"},{"floor":14,"key":"SkillPotion"},{"floor":16,"key":"LiquidBronze"},{"floor":21,"key":"AttackPotion"},{"floor":22,"key":"Energy Potion"},{"floor":23,"key":"PowerPotion"}],"is_trial":false,"path_per_floor":["M","?","M","M","M","M","?","M","T","$","E","M","E","M","R","B",null,"M","$","?","M","M","E","R","E","T","E"],"character_chosen":"DEFECT","items_purchased":["Darkness"],"campfire_rested":0,"item_purchase_floors":[10],"current_hp_per_floor":[74,74,68,66,62,65,65,70,70,70,41,40,35,37,37,30,75,75,75,75,71,69,65,65,45,45,16,16],"gold":152,"neow_bonus":"THREE_RARE_CARDS","is_daily":false,"chose_seed":false,"campfire_upgraded":2,"win_rate":0.0,"timestamp":1612078176,"path_taken":["M","?","?","M","M","M","?","M","T","?","E","?","E","M","R","BOSS","M","$","?","M","M","E","R","E","T","E"],"items_purchased_type":["Card"],"build_version":"2020-12-22","purchased_purges":1,"victory":false,"max_hp_per_floor":[75,75,75,75,75,75,75,75,75,75,75,75,75,75,75,75,75,75,75,75,75,75,82,82,82,82,82,82],"card_choices":[{"not_picked":["Meteor Strike","Machine Learning"],"picked":"Echo Form","floor":0},{"not_picked":["Cold Snap","Leap"],"picked":"BootSequence","floor":1},{"not_picked":["Capacitor","Ball Lightning","Steam"],"picked":"SKIP","floor":3},{"not_picked":["FTL","Turbo","Stack"],"picked":"SKIP","floor":4},{"not_picked":["Scrape","Coolheaded"],"picked":"Self Repair","floor":5},{"not_picked":["Compile Driver","BootSequence","Stack"],"picked":"SKIP","floor":6},{"not_picked":["Skim","Aggregate"],"picked":"Go for the Eyes","floor":8},{"not_picked":["Consume","Reprogram"],"picked":"Redo","floor":11},{"not_picked":["Undo","BootSequence"],"picked":"Reprogram","floor":12},{"not_picked":["Steam","Streamline","White Noise"],"picked":"SKIP","floor":13},{"not_picked":["Barrage","Steam"],"picked":"Multi-Cast","floor":14},{"not_picked":["Electrodynamics","All For One"],"picked":"Core Surge","floor":16},{"not_picked":["Double Energy","Turbo"],"picked":"Darkness+1","floor":18},{"not_picked":["Rebound","Gash","Sweeping Beam"],"picked":"SKIP","floor":21},{"not_picked":["Sweeping Beam","Compile Driver","Gash+1"],"picked":"SKIP","floor":22},{"not_picked":["Beam Cell","Ball Lightning"],"picked":"Conserve Battery+1","floor":23},{"not_picked":["Scrape","Turbo+1","Amplify"],"picked":"SKIP","floor":25}],"player_experience":422451,"relics_obtained":[{"floor":9,"key":"Matryoshka"},{"floor":11,"key":"Centennial Puzzle"},{"floor":13,"key":"Vajra"},{"floor":23,"key":"Strawberry"},{"floor":25,"key":"Bag of Marbles"},{"floor":26,"key":"Bronze Scales"}],"event_choices":[{"cards_removed":["Defend_B"],"damage_healed":0,"gold_gain":0,"player_choice":"Offered Basic","damage_taken":0,"max_hp_gain":0,"max_hp_loss":0,"event_name":"Bonfire Elementals","floor":2,"gold_loss":0},{"damage_healed":0,"gold_gain":0,"player_choice":"Grow","damage_taken":0,"max_hp_gain":0,"max_hp_loss":0,"event_name":"Living Wall","floor":7,"gold_loss":0,"cards_upgraded":["Echo Form"]},{"damage_healed":0,"gold_gain":0,"player_choice":"Obtained Relic","damage_taken":0,"relics_obtained":["Shovel"],"max_hp_gain":0,"max_hp_loss":0,"event_name":"Addict","floor":20,"gold_loss":85}],"is_beta":false,"boss_relics":[{"not_picked":["SacredBark","Fusion Hammer"],"picked":"Coffee Dripper"}],"items_purged_floors":[19],"is_endless":false,"potions_floor_spawned":[4,5,8,12,14,16,21,22,23],"killed_by":"Slavers","ascension_level":4}}