{"host":"sav7uxregyirlf69","time":1612096586,"event":{"mods":["AchievementEnabler","BaseMod","Colored Map","DeckTracker","Keyboard Shortcuts","Minty Spire (QoL Compilation)","READ ME - Guardian Mod","StSLib","SuperFastMode"],"gold_per_floor":[13,27,27,44,61,61,96,96,96,122,135,145,164,177,177,251,251,264,275,16,35,35,35],"floor_reached":22,"language":"KOR","playtime":414,"items_purged":[],"score":354,"play_id":"705b063d-3ad1-47ff-8d29-353ca098d0e8","local_time":"20210131213626","is_ascension_mode":true,"campfire_choices":[{"data":"All Out Attack","floor":6,"key":"SMITH"},{"data":"Predator","floor":8,"key":"SMITH"},{"data":"Neutralize","floor":15,"key":"SMITH"}],"circlet_count":0,"master_deck":["AscendersBane","Strike_G","Strike_G","Strike_G","Strike_G","Defend_G+1","Defend_G","Defend_G+1","Defend_G","Defend_G","Survivor","Neutralize+1","After Image","Predator+1","All Out Attack+1","Slice","Dagger Spray","Blade Dance","Corpse Explosion","CurseOfTheBell"],"relics":["Ring of the Snake","Ornamental Fan","Mercury Hourglass","War Paint","Calling Bell","Omamori","Singing Bowl","Peace Pipe","Kunai"],"acts_visited":["Exordium","TheCity"],"potions_floor_usage":[7,10,16,22],"damage_taken":[{"damage":0,"enemies":"2 Louse","floor":1,"turns":3},{"damage":1,"enemies":"Jaw Worm","floor":2,"turns":4},{"damage":0,"enemies":"Small Slimes","floor":4,"turns":2},{"damage":9,"enemies":"Looter","floor":5,"turns":4},{"damage":8,"enemies":"3 Sentries","floor":7,"turns":4},{"damage":2,"enemies":"Lagavulin","floor":10,"turns":7},{"damage":4,"enemies":"Exordium Thugs","floor":11,"turns":3},{"damage":0,"enemies":"3 Louse","floor":12,"turns":3},{"damage":0,"enemies":"Large Slime","floor":13,"turns":4},{"damage":0,"enemies":"2 Fungi Beasts","floor":14,"turns":2},{"damage":16,"enemies":"Slime Boss","floor":16,"turns":7},{"damage":10,"enemies":"Chosen","floor":18,"turns":5},{"damage":4,"enemies":"3 Byrds","floor":19,"turns":2},{"damage":36,"enemies":"Shelled Parasite and Fungi","floor":21,"turns":7},{"damage":2,"enemies":"Chosen and Byrds","floor":22,"turns":4}],"seed_played":"-603544222480277469","potions_obtained":[{"floor":1,"key":"BlessingOfTheForge"},{"floor":2,"key":"CunningPotion"},{"floor":12,"key":"DuplicationPotion"},{"floor":16,"key":"PowerPotion"}],"is_trial":false,"path_per_floor":["M","M","?","M","M","R","E","R","T","E","M","M","M","M","R","B",null,"M","M","$","M","M"],"character_chosen":"THE_SILENT","items_purchased":["Kunai"],"campfire_rested":0,"item_purchase_floors":[20],"current_hp_per_floor":[59,58,58,58,49,49,41,41,41,39,35,35,35,35,35,19,54,46,44,44,10,8,8],"gold":35,"neow_bonus":"THREE_RARE_CARDS","is_daily":false,"chose_seed":false,"campfire_upgraded":3,"win_rate":0.0,"timestamp":1612096586,"path_taken":["M","M","?","M","M","R","E","R","T","E","M","M","M","M","R","BOSS","M","M","$","M","M"],"items_purchased_type":["Relic"],"build_version":"2020-12-22","purchased_purges":0,"victory":false,"max_hp_per_floor":[66,66,66,66,66,66,66,66,66,66,66,66,66,66,66,66,66,68,70,70,72,72,72],"card_choices":[{"not_picked":["Night Terror","Grand Finale"],"picked":"After Image","floor":0},{"not_picked":["Expertise","Slice"],"picked":"Predator","floor":1},{"not_picked":["Endless Agony","Prepared"],"picked":"All Out Attack","floor":2},{"not_picked":["Deflect","Outmaneuver","Deadly Poison"],"picked":"SKIP","floor":4},{"not_picked":["Deflect","Backstab"],"picked":"Dagger Spray","floor":5},{"not_picked":["Acrobatics","Deflect","Bane"],"picked":"SKIP","floor":7},{"not_picked":["Masterful Stab","Dagger Spray","Sucker Punch"],"picked":"SKIP","floor":10},{"not_picked":["Dagger Spray","Deadly Poison","Deflect"],"picked":"SKIP","floor":11},{"not_picked":["All Out Attack","Leg Sweep","Dodge and Roll"],"picked":"SKIP","floor":12},{"not_picked":["Sucker Punch","Outmaneuver","Dodge and Roll"],"picked":"SKIP","floor":13},{"not_picked":["Predator","Distraction"],"picked":"Blade Dance","floor":14},{"not_picked":["Unload","Glass Knife"],"picked":"Corpse Explosion","floor":16},{"not_picked":["Eviscerate","Deflect","Poisoned Stab"],"picked":"Singing Bowl","floor":18},{"not_picked":["Quick Slash","Riddle With Holes","Dodge and Roll+1"],"picked":"Singing Bowl","floor":19},{"not_picked":["Poisoned Stab","Quick Slash","Bane"],"picked":"Singing Bowl","floor":21}],"player_experience":1445837,"relics_obtained":[{"floor":7,"key":"Ornamental Fan"},{"floor":9,"key":"Mercury Hourglass"},{"floor":10,"key":"War Paint"},{"floor":17,"key":"Omamori"},{"floor":17,"key":"Singing Bowl"},{"floor":17,"key":"Peace Pipe"}],"event_choices":[{"damage_healed":0,"gold_gain":0,"cards_transformed":["Strike_G"],"player_choice":"Change","damage_taken":0,"max_hp_gain":0,"max_hp_loss":0,"event_name":"Living Wall","floor":3,"gold_loss":0,"cards_obtained":["Slice"]}],"is_beta":false,"boss_relics":[{"not_picked":["Black Star","Busted Crown"],"picked":"Calling Bell"}],"items_purged_floors":[],"is_endless":false,"potions_floor_spawned":[1,2,5,12,16],"killed_by":"Chosen and Byrds","ascension_level":15}}