{"host":"6affnl2vk6en9o4b","time":1612094511,"event":{"mods":["AchievementEnabler","Aspiration","BaseMod","BetterRewards","Colored Powertips","Conspire","Downfall","Friendly Minions","Googly Eyes","Highlight Path","Hubris","Minty Spire (QoL Compilation)","Replay The Spire","StSLib","Trackpad","Unceasing Turn Reminder"],"gold_per_floor":[99,113,125,204,214,127,127,155,167,182,82,82,82,102,121,220,220,20,34,34,59,73,58,58,92,92,123,142,127,143,155,171,267,267,267,282,202,221,237,18,18,18,18,18],"floor_reached":42,"language":"ENG","playtime":5033,"items_purged":["hubris:Compulsion"],"score":524,"play_id":"eafc7ab1-8d64-494f-af9b-cd701ad39815","local_time":"20210131120151","is_ascension_mode":false,"campfire_choices":[{"data":"Specialist","floor":1.0,"key":"SMITH"},{"floor":11.0,"key":"RECALL"},{"data":"hexamod:FastForward","floor":13.0,"key":"SMITH"},{"floor":18.0,"key":"DIG"},{"data":"hexamod:Again","floor":26.0,"key":"SMITH"},{"data":"hexamod:HexaLevel","floor":35,"key":"SMITH"}],"circlet_count":0,"master_deck":["hexamod:Strike","hexamod:Strike+1","hexamod:Strike","hexamod:Strike","hexamod:Defend+1","hexamod:Defend","hexamod:Defend","hexamod:Defend+1","hexamod:Sear+1","hexamod:Float+1","Specialist+1","hexamod:Again+1","hexamod:BacktrackSmack","hexamod:SwordOfDarkness+1","hexamod:GhostShield","hexamod:FirstSeal","hexamod:ThirdSeal","hexamod:TimeWarp","hexamod:FastForward+1","hexamod:FirstSeal","hexamod:FlamesFromBeyond+1","hexamod:SwordOfDarkness","hexamod:ThermalTransfer","hexamod:SixthSeal","hexamod:ForkedFlame","hexamod:GhostOfSpireFuture+1","hexamod:GhostOfSpireFuture","hexamod:HauntingEcho+1","hexamod:FlamesFromBeyond+1","hexamod:ThermalTransfer","hexamod:GhostShield+1","hexamod:SoulSteal+1","hexamod:HeatCrush","hexamod:SwordOfDarkness","hexamod:HauntingEcho","hexamod:BurningTouch","hexamod:FlamesFromBeyond+1","hexamod:GhostOfSpireFuture","hexamod:SwordOfDarkness","hexamod:GhostShield+1","hexamod:NightmareStrike","hexamod:FastForward+1","hexamod:SwordOfDarkness","hexamod:HexaLevel+1","Clumsy","hexamod:FastForward+1","hexamod:FastForward+1","hexamod:SuperheatedStrike","hexamod:HeatMetal","hexamod:ParanormalForm","hexamod:ExtraCrispy+1","hexamod:Hexaguard+1","hexamod:FastForward","hexamod:VolcanoVisage","hexamod:Firestarter","hexamod:FastForward","expansioncontent:YouAreMine"],"relics":["hexamod:SpiritBrand","hexamod:SoulConsumer","hubris:TinFlute","downfall:HeartBlessingGreen","Replay:Grab Bag","Busted Crown","Replay:Bronze Core","aspiration:RunicSpoon","downfall:HeartBlessingRed","downfall:HeartBlessingBlue","trackpad:PetRock","Matryoshka","Vajra","Iron Hammer","Akabeko","Red Mask","Replay:Ancient Bell","War Paint","Question Card","BranchBurnRelic","Replay:Mystery Machine","Frozen Egg 2"],"acts_visited":["Exordium","TheCity","TheBeyond"],"potions_floor_usage":[32,33,38,38,39],"damage_taken":[{"damage":0.0,"enemies":"Cultist","floor":2.0,"turns":4.0},{"damage":0.0,"enemies":"Small Slimes","floor":3.0,"turns":3.0},{"damage":4.0,"enemies":"2 Louse","floor":5.0,"turns":2.0},{"damage":0.0,"enemies":"downfall:FleeingMerchant","floor":6.0,"turns":4.0},{"damage":35.0,"enemies":"Lagavulin","floor":8.0,"turns":8.0},{"damage":1.0,"enemies":"Exordium Wildlife","floor":9.0,"turns":4.0},{"damage":1.0,"enemies":"2 Fungi Beasts","floor":10.0,"turns":3.0},{"damage":16.0,"enemies":"Large Slime","floor":14.0,"turns":7.0},{"damage":1.0,"enemies":"Blue Slaver","floor":15.0,"turns":2.0},{"damage":42.0,"enemies":"SI_SHIV_ARCHETYPE","floor":16.0,"turns":10.0},{"damage":9.0,"enemies":"conspire:FuzzyDice","floor":19.0,"turns":6.0},{"damage":36.0,"enemies":"conspire:MimicChest","floor":21.0,"turns":6.0},{"damage":14.0,"enemies":"Chosen","floor":22.0,"turns":5.0},{"damage":3.0,"enemies":"downfall:FleeingMerchant","floor":23.0,"turns":4.0},{"damage":23.0,"enemies":"Book of Stabbing","floor":25.0,"turns":6.0},{"damage":45.0,"enemies":"Masked Bandits","floor":27.0,"turns":6.0},{"damage":13.0,"enemies":"conspire:HollyBat","floor":28.0,"turns":7.0},{"damage":1,"enemies":"downfall:FleeingMerchant","floor":29,"turns":4},{"damage":4,"enemies":"Sentry and Sphere","floor":30,"turns":4},{"damage":27,"enemies":"Cultist and Chosen","floor":31,"turns":6},{"damage":5,"enemies":"Centurion and Healer","floor":32,"turns":5},{"damage":29,"enemies":"WA_ARCHETYPE_CALM","floor":33,"turns":10},{"damage":15,"enemies":"Orb Walker","floor":36,"turns":3},{"damage":22,"enemies":"3 Darklings","floor":37,"turns":4},{"damage":29,"enemies":"Writhing Mass","floor":38,"turns":7},{"damage":5,"enemies":"Jaw Worm Horde","floor":39,"turns":5},{"damage":18,"enemies":"downfall:FleeingMerchant","floor":40,"turns":5},{"damage":77,"enemies":"Spire Growth","floor":42,"turns":5}],"seed_played":"5965826932028626451","potions_obtained":[{"floor":8.0,"key":"Explosive Potion"},{"floor":9.0,"key":"sneckomod:MuddlingPotion"},{"floor":10.0,"key":"DuplicationPotion"},{"floor":14.0,"key":"Venom Potion"},{"floor":16.0,"key":"Adrenaline Potion"},{"floor":21.0,"key":"EssenceOfSteel"},{"floor":22.0,"key":"DuplicationPotion"},{"floor":27.0,"key":"Toxic Potion"},{"floor":30,"key":"Strength Potion"},{"floor":31,"key":"ColorlessPotion"},{"floor":33,"key":"Regen Potion"},{"floor":36,"key":"LifebloodPotion"},{"floor":38,"key":"SkillPotion"}],"is_trial":false,"path_per_floor":["R","M","M","T","M","$","T","E","M","M","R","?","R","M","M","B",null,"R","M","?","?","M","$","T","E","R","?","M","$","M","M","M","B",null,"R","M","M","M","M","$","T","M"],"character_chosen":"THE_SPIRIT","items_purchased":["hexamod:FirstSeal","hexamod:FastForward","expansioncontent:YouAreMine"],"campfire_rested":0,"item_purchase_floors":[6,40,40],"current_hp_per_floor":[70,70,70,70,66,66,66,42,45,51,51,51,51,53,59,35,70,80,80,80,62,59,67,67,55,55,28,26,29,29,34,47,36,80,80,74,56,59,65,65,65,0,0,0],"gold":18,"neow_bonus":"RANDOM_COLORLESS","is_daily":false,"chose_seed":false,"campfire_upgraded":4,"win_rate":0.0,"timestamp":1612094511,"path_taken":["R","M","?","?","M","$","T","E","M","M","R","?","R","M","M","BOSS","R","M","?","?","M","?","T","E","R","?","M","$","M","?","M","BOSS","R","M","M","M","M","$","T","M"],"items_purchased_type":["Card","Card","Card"],"build_version":"2020-12-22","purchased_purges":1,"victory":false,"max_hp_per_floor":[70,70,70,70,70,70,70,70,70,70,70,70,70,70,70,70,70,80,80,80,80,80,80,80,80,80,80,80,80,80,80,80,80,80,80,80,80,80,80,80,80,80,80,80],"card_choices":[{"not_picked":["Dark Shackles","Replay:Sssssssssstrike"],"picked":"Specialist","floor":0.0},{"not_picked":["hexamod:AdvancingGuard","hexamod:HauntingEcho"],"picked":"hexamod:Again","floor":2.0},{"not_picked":["hexamod:NightmareGuise","hexamod:HeatMetal"],"picked":"hexamod:BacktrackSmack","floor":3.0},{"not_picked":["hexamod:GhostflameBarrier","hexamod:SpectralSpark"],"picked":"hexamod:SwordOfDarkness","floor":5.0},{"not_picked":["hexamod:SpectralAdrenaline","hexamod:HeatCrush"],"picked":"hexamod:GhostShield","floor":6.0},{"not_picked":["hexamod:PhantomCloak","hexamod:PowerFromBeyond"],"picked":"hexamod:ThirdSeal","floor":8.0},{"not_picked":["hexamod:SpectersWail","hexamod:AdvancingGuard"],"picked":"hexamod:TimeWarp","floor":9.0},{"not_picked":["hexamod:HeatMetal","hexamod:BacktrackSmack"],"picked":"hexamod:FastForward","floor":9.0},{"not_picked":["hexamod:SwordOfDarkness","hexamod:EtherealExpedition"],"picked":"hexamod:FirstSeal","floor":10.0},{"not_picked":["hexamod:GhostLash","hexamod:NightmareGuise"],"picked":"hexamod:FlamesFromBeyond","floor":10.0},{"not_picked":["hexamod:EtherealExpedition","hexamod:ThermalTransfer"],"picked":"hexamod:SwordOfDarkness","floor":14.0},{"not_picked":["hexamod:InspiringFlames","hexamod:FirstSeal"],"picked":"hexamod:ThermalTransfer","floor":15.0},{"not_picked":["hexamod:UnlimitedPower","hexamod:VolcanoVisage"],"picked":"hexamod:SixthSeal","floor":16.0},{"not_picked":["hexamod:GhostflameInferno","hexamod:SixthSeal"],"picked":"hexamod:ForkedFlame","floor":16.0},{"not_picked":[],"picked":"hexamod:GhostOfSpireFuture+1","floor":19.0},{"not_picked":[],"picked":"hexamod:GhostOfSpireFuture","floor":19.0},{"not_picked":[],"picked":"hexamod:HauntingEcho+1","floor":21.0},{"not_picked":[],"picked":"hexamod:FlamesFromBeyond","floor":21.0},{"not_picked":[],"picked":"hexamod:ThermalTransfer","floor":22.0},{"not_picked":[],"picked":"hexamod:GhostShield+1","floor":22.0},{"not_picked":[],"picked":"hexamod:SoulSteal+1","floor":23.0},{"not_picked":[],"picked":"hexamod:HeatCrush","floor":23.0},{"not_picked":[],"picked":"hexamod:SwordOfDarkness","floor":25.0},{"not_picked":[],"picked":"hexamod:HauntingEcho","floor":25.0},{"not_picked":[],"picked":"hexamod:BurningTouch","floor":27.0},{"not_picked":[],"picked":"hexamod:FlamesFromBeyond","floor":27.0},{"not_picked":[],"picked":"hexamod:GhostOfSpireFuture","floor":28.0},{"not_picked":[],"picked":"hexamod:SwordOfDarkness","floor":29},{"not_picked":[],"picked":"hexamod:GhostShield+1","floor":29},{"not_picked":[],"picked":"hexamod:NightmareStrike","floor":30},{"not_picked":[],"picked":"hexamod:FastForward","floor":31},{"not_picked":[],"picked":"hexamod:SwordOfDarkness","floor":32},{"not_picked":[],"picked":"hexamod:HexaLevel","floor":33},{"not_picked":["conspire:NecroticWound"],"picked":"Clumsy","floor":34},{"not_picked":["CurseOfTheBell"],"picked":"ReplayTheSpireMod:IOU","floor":34},{"not_picked":["conspire:Blindness"],"picked":"hubris:Compulsion","floor":34},{"not_picked":["hexamod:AdvancingGuard+1"],"picked":"hexamod:FastForward+1","floor":36},{"not_picked":["hexamod:HeatMetal"],"picked":"hexamod:FastForward+1","floor":36},{"not_picked":["hexamod:SpectralSpark"],"picked":"hexamod:SuperheatedStrike","floor":37},{"not_picked":["hexamod:ThirdSeal"],"picked":"hexamod:HeatMetal","floor":37},{"not_picked":["hexamod:NightmareGuise"],"picked":"hexamod:ParanormalForm","floor":38},{"not_picked":["hexamod:Incineration"],"picked":"hexamod:ExtraCrispy+1","floor":39},{"not_picked":["hexamod:GhostShield+1"],"picked":"hexamod:Hexaguard+1","floor":39},{"not_picked":["hexamod:ShieldOfDarkness+1"],"picked":"hexamod:FastForward","floor":39},{"not_picked":["hexamod:BacktrackSmack+1"],"picked":"hexamod:VolcanoVisage","floor":40},{"not_picked":["hexamod:RetreatToShadows"],"picked":"hexamod:Firestarter","floor":40}],"player_experience":221959,"relics_obtained":[{"floor":7.0,"key":"hexamod:SoulConsumer"},{"floor":8.0,"key":"hubris:TinFlute"},{"floor":18.0,"key":"trackpad:PetRock"},{"floor":21.0,"key":"Matryoshka"},{"floor":24.0,"key":"Vajra"},{"floor":24.0,"key":"Iron Hammer"},{"floor":25.0,"key":"Akabeko"},{"floor":27.0,"key":"Red Mask"},{"floor":41,"key":"Replay:Mystery Machine"},{"floor":41,"key":"Frozen Egg 2"}],"event_choices":[{"damage_healed":0.0,"max_hp_gain":0.0,"max_hp_loss":0.0,"gold_gain":0.0,"event_name":"Masked Bandits","player_choice":"Fought Bandits","floor":27.0,"gold_loss":0.0,"damage_taken":0.0}],"is_beta":false,"boss_relics":[{"not_picked":["Runic Pyramid","Fusion Hammer"],"picked":"Replay:Grab Bag"},{"not_picked":["Velvet Choker","Replay:Wanted Poster"],"picked":"Busted Crown"},{"not_picked":["aspiration:FutureDiary","conspire:SlowCooker"],"picked":"Replay:Bronze Core"},{"not_picked":["Replay:Drink Me","Kintsugi"],"picked":"aspiration:RunicSpoon"},{"not_picked":["Runic Dome","Sozu"],"picked":"Replay:Ancient Bell"},{"not_picked":["Centennial Puzzle","trackpad:Compendium"],"picked":"War Paint"},{"not_picked":["Pear","hubris:MysteriousPyramids"],"picked":"Question Card"},{"not_picked":["Replay:Multitool","hubris:BundleOfHerbs"],"picked":"Dead Branch"}],"items_purged_floors":[40],"is_endless":false,"potions_floor_spawned":[8,9,10,14,16,21,22,27,30,31,33,36,38],"killed_by":"Spire Growth","ascension_level":0}}