{"host":"a7kzx4u255enh074","time":1612082653,"event":{"mods":["BaseMod","Better Match","Hubris","Infinite Spire","Marked Mod","Minty Spire (QoL Compilation)","Replay The Spire","Shop Mod","StSLib","The Servant 0.9.4"],"gold_per_floor":[117,117,117,137,63,63,93,41,94,114,139,139,159,170,170,265,265,282,282,282,222,235,270,270,42,42,53,67,67,67,102,102,102,102],"floor_reached":33,"language":"ENG","playtime":1827,"items_purged":["hubris:Greed"],"score":477,"play_id":"cc13cca5-922d-4b36-bc53-c26c54c492ff","local_time":"20210131094413","is_ascension_mode":true,"campfire_choices":[{"data":"Fluid Movement","floor":6.0,"key":"SMITH"},{"data":"Deadly Poison","floor":12.0,"key":"SMITH"},{"data":"Footwork","floor":15.0,"key":"SMITH"},{"floor":24.0,"key":"REST"},{"data":"ReplayTheSpireMod:Black Plague","floor":29.0,"key":"SMITH"},{"floor":32,"key":"REST"}],"circlet_count":0,"master_deck":["AscendersBane","Strike_G","Strike_G","Strike_G","Strike_G","Strike_G","Defend_G","Defend_G","Defend_G","Defend_G+1","Defend_G","Survivor","Neutralize+1","ReplayTheSpireMod:Speed Training","Fluid Movement+1","Dodge and Roll","Deadly Poison+1","Footwork+1","infinitespire:Neurotoxin","ReplayTheSpireMod:Black Plague+1","Footwork","ReplayTheSpireMod:Black Plague"],"relics":["Ring of the Snake","NeowsBlessing","Pondfish Scales","Garlic","hubris:Backtick","hubris:TinFlute","Boot","Centennial Puzzle","Singing Bowl","DollysMirror","infinitespire:CheckeredPen","hubris:Icosahedron","hubris:BottledRain"],"acts_visited":["Exordium","TheCity"],"potions_floor_usage":[31,33],"damage_taken":[{"damage":0.0,"enemies":"Small Slimes","floor":1.0,"turns":1.0},{"damage":0.0,"enemies":"2 Louse","floor":4.0,"turns":1.0},{"damage":0.0,"enemies":"Lagavulin","floor":7.0,"turns":1.0},{"damage":0.0,"enemies":"Cultist","floor":10.0,"turns":4.0},{"damage":3.0,"enemies":"3 Sentries","floor":11.0,"turns":15.0},{"damage":8.0,"enemies":"3 Louse","floor":13.0,"turns":5.0},{"damage":0.0,"enemies":"Exordium Wildlife","floor":14.0,"turns":3.0},{"damage":42.0,"enemies":"Fading Forest","floor":16.0,"turns":11.0},{"damage":16.0,"enemies":"Chosen","floor":18.0,"turns":7.0},{"damage":9.0,"enemies":"Shell Parasite","floor":22.0,"turns":5.0},{"damage":17.0,"enemies":"Slavers","floor":23.0,"turns":11.0},{"damage":10.0,"enemies":"Centurion and Healer","floor":27.0,"turns":6.0},{"damage":0.0,"enemies":"Sentry and Sphere","floor":28.0,"turns":5.0},{"damage":34,"enemies":"Gremlin Leader","floor":31,"turns":8},{"damage":45,"enemies":"Automaton","floor":33,"turns":6}],"seed_played":"-9032279685351128162","potions_obtained":[{"floor":1.0,"key":"SpeedPotion"},{"floor":3.0,"key":"Reflective Coating"},{"floor":3.0,"key":"Elixir"},{"floor":7.0,"key":"DistilledChaos"},{"floor":10.0,"key":"Toxic Potion"},{"floor":14.0,"key":"FairyPotion"},{"floor":18.0,"key":"Weak Potion"},{"floor":23.0,"key":"Elixir"},{"floor":31,"key":"Reflective Coating"}],"is_trial":false,"path_per_floor":["M","?","?","M","$","R","E","$","T","M","E","R","M","M","R","B",null,"M","?","AVR","?","M","E","R","$","T","M","M","R","?","E","R","B"],"character_chosen":"THE_SILENT","items_purchased":["Fluid Movement","Deadly Poison","Footwork","DollysMirror"],"campfire_rested":2,"item_purchase_floors":[5,8,25,25],"current_hp_per_floor":[63,49,49,49,49,49,49,49,49,49,46,46,38,38,38,29,60,44,44,44,44,35,20,41,41,41,33,35,35,35,3,26,0,0],"gold":102,"neow_bonus":"THREE_ENEMY_KILL","is_daily":false,"chose_seed":false,"campfire_upgraded":4,"win_rate":0.0,"timestamp":1612082653,"path_taken":["M","?","?","M","$","R","E","$","T","?","E","R","M","M","R","BOSS","M","?","AVR","?","M","E","R","$","T","M","M","R","?","E","R","BOSS"],"items_purchased_type":["Card","Card","Card","Relic"],"build_version":"2020-12-22","purchased_purges":1,"victory":false,"max_hp_per_floor":[70,70,70,70,70,70,70,70,70,70,70,70,70,70,70,70,70,70,70,70,70,70,72,72,72,72,74,76,76,76,78,78,78,78],"card_choices":[{"not_picked":["hubris:Sniper","hubris:TrickCloak"],"picked":"ReplayTheSpireMod:Speed Training","floor":1.0},{"not_picked":["Backflip","Hidden Blade","hubris:Counter"],"picked":"SKIP","floor":4.0},{"not_picked":["Flying Knee","Cloak And Dagger"],"picked":"Dodge and Roll","floor":7.0},{"not_picked":["Deflect","Quick Slash","hubris:SlightOfHand"],"picked":"SKIP","floor":10.0},{"not_picked":["hubris:SlightOfHand","Outmaneuver"],"picked":"Footwork","floor":11.0},{"not_picked":["Choke","Poisoned Stab","Backflip"],"picked":"SKIP","floor":13.0},{"not_picked":["Dagger Throw","Acrobatics","hubris:TrickCloak"],"picked":"SKIP","floor":14.0},{"not_picked":["Tools of the Trade","Glass Knife"],"picked":"infinitespire:Neurotoxin","floor":16.0},{"not_picked":["Calculated Gamble+1","Dagger Throw","Heel Hook"],"picked":"SKIP","floor":18.0},{"not_picked":["Poisoned Stab","Deflect","ReplayTheSpireMod:Shiv Toss+1"],"picked":"SKIP","floor":22.0},{"not_picked":["ReplayTheSpireMod:Shiv Toss","Dagger Throw+1","Dash"],"picked":"Singing Bowl","floor":23.0},{"not_picked":["Deadly Poison","Flechettes","hubris:SlightOfHand"],"picked":"Singing Bowl","floor":27.0},{"not_picked":["Slice","Flechettes","Predator+1"],"picked":"Singing Bowl","floor":28.0},{"not_picked":["Acrobatics+1","Dagger Spray","Backstab"],"picked":"Singing Bowl","floor":31}],"player_experience":359219,"relics_obtained":[{"floor":7.0,"key":"Pondfish Scales"},{"floor":11.0,"key":"Garlic"},{"floor":23.0,"key":"Singing Bowl"},{"floor":26.0,"key":"infinitespire:CheckeredPen"},{"floor":31,"key":"hubris:BottledRain"}],"event_choices":[{"damage_healed":0.0,"max_hp_gain":0.0,"max_hp_loss":0.0,"gold_gain":0.0,"event_name":"Shining Light","player_choice":"Entered Light","floor":2.0,"gold_loss":0.0,"damage_taken":14.0,"cards_upgraded":["Defend_G","Neutralize"]},{"damage_healed":0.0,"max_hp_gain":0.0,"max_hp_loss":0.0,"gold_gain":0.0,"event_name":"Lab","player_choice":"Got Potions","floor":3.0,"gold_loss":0.0,"damage_taken":0.0}],"is_beta":false,"boss_relics":[{"not_picked":["Pandora\u0027s Box","WristBlade"],"picked":"hubris:Backtick"}],"items_purged_floors":[20],"is_endless":false,"potions_floor_spawned":[1,7,10,14,18,23,31],"killed_by":"Automaton","ascension_level":10}}