{"host":"y76clbnovzmw9ubx","time":1612068032,"event":{"mods":["AchievementEnabler","BaseMod","Minty Spire (QoL Compilation)","Permanent Neow","Relic Stats"],"gold_per_floor":[112,122,122,142,152,183,183,216,261,289,301,345,35,52,52,52,52],"floor_reached":16,"language":"ENG","playtime":724,"items_purged":["Strike_G"],"score":260,"play_id":"4d8366b2-1d92-4580-a6e6-7ab171f1bad7","local_time":"20210130234032","is_ascension_mode":true,"campfire_choices":[{"floor":7,"key":"REST"},{"floor":11,"key":"REST"},{"floor":15,"key":"REST"}],"circlet_count":0,"master_deck":["AscendersBane","Strike_G","Strike_G","Strike_G","Strike_G","Defend_G","Defend_G","Defend_G","Defend_G","Defend_G","Survivor","Neutralize","Malaise","Dagger Spray","Sucker Punch","Injury","Infinite Blades","Quick Slash","Terror","All Out Attack","Slice","Endless Agony","Noxious Fumes","Cloak And Dagger"],"relics":["Ring of the Snake","Regal Pillow","Pear","MawBank","Bag of Marbles","Vajra"],"acts_visited":["Exordium"],"potions_floor_usage":[6,8,12],"damage_taken":[{"damage":0,"enemies":"Jaw Worm","floor":1,"turns":8},{"damage":0,"enemies":"Cultist","floor":2,"turns":3},{"damage":0,"enemies":"2 Louse","floor":4,"turns":2},{"damage":10,"enemies":"Lots of Slimes","floor":5,"turns":5},{"damage":30,"enemies":"Gremlin Nob","floor":6,"turns":4},{"damage":18,"enemies":"Lagavulin","floor":8,"turns":9},{"damage":23,"enemies":"Gremlin Nob","floor":10,"turns":4},{"damage":57,"enemies":"3 Sentries","floor":12,"turns":13},{"damage":9,"enemies":"Blue Slaver","floor":14,"turns":4},{"damage":45,"enemies":"Hexaghost","floor":16,"turns":9}],"seed_played":"3681428940459457875","potions_obtained":[{"floor":4,"key":"SpeedPotion"},{"floor":5,"key":"Fire Potion"},{"floor":6,"key":"Dexterity Potion"},{"floor":10,"key":"Regen Potion"}],"is_trial":false,"path_per_floor":["M","M","?","M","M","E","R","E","T","E","R","E","$","M","R","B"],"character_chosen":"THE_SILENT","items_purchased":["Noxious Fumes","Vajra"],"campfire_rested":3,"item_purchase_floors":[13,13],"current_hp_per_floor":[59,59,59,59,49,19,52,44,44,21,57,15,15,6,42,0,0],"gold":52,"neow_bonus":"THREE_RARE_CARDS","is_daily":false,"chose_seed":false,"campfire_upgraded":0,"win_rate":0.0,"timestamp":1612068032,"path_taken":["M","M","?","M","M","E","R","E","T","E","R","E","$","?","R","BOSS"],"items_purchased_type":["Card","Relic"],"build_version":"2020-12-22","purchased_purges":1,"victory":false,"max_hp_per_floor":[60,60,60,60,60,60,60,70,70,70,70,70,70,70,70,70,70],"relic_stats":{"Regal Pillow":45,"counters":[10,61],"MawBank":36,"obtain_stats":[{"Regal Pillow":6,"Pear":8,"Vajra":13,"Bag of Marbles":12,"MawBank":10,"Ring of the Snake":0},{"Regal Pillow":5,"Pear":6,"Vajra":8,"Bag of Marbles":8,"MawBank":7,"Ring of the Snake":0},{"Regal Pillow":22,"Pear":31,"Vajra":48,"Bag of Marbles":48,"MawBank":35,"Ring of the Snake":0}],"Ring of the Snake":[20]},"card_choices":[{"not_picked":["Unload","Wraith Form v2"],"picked":"Malaise","floor":0},{"not_picked":["Crippling Poison","Infinite Blades"],"picked":"Dagger Spray","floor":1},{"not_picked":["Blur","PiercingWail"],"picked":"Sucker Punch","floor":2},{"not_picked":["Prepared","Dodge and Roll"],"picked":"Infinite Blades","floor":4},{"not_picked":["Dodge and Roll","Deflect"],"picked":"Quick Slash","floor":5},{"not_picked":["Deflect","Flying Knee"],"picked":"Terror","floor":6},{"not_picked":["Slice","Unload"],"picked":"All Out Attack","floor":8},{"not_picked":["Flying Knee","Riddle With Holes"],"picked":"Slice","floor":10},{"not_picked":["Bouncing Flask","Deadly Poison"],"picked":"Endless Agony","floor":12},{"not_picked":["Terror","Eviscerate"],"picked":"Cloak And Dagger","floor":14}],"player_experience":3163847,"relics_obtained":[{"floor":6,"key":"Regal Pillow"},{"floor":8,"key":"Pear"},{"floor":10,"key":"MawBank"},{"floor":12,"key":"Bag of Marbles"}],"event_choices":[{"damage_healed":0,"gold_gain":0,"player_choice":"1 cards matched","damage_taken":0,"max_hp_gain":0,"max_hp_loss":0,"event_name":"Match and Keep!","floor":3,"gold_loss":0,"cards_obtained":["Injury"]}],"is_beta":false,"boss_relics":[],"items_purged_floors":[13],"is_endless":false,"potions_floor_spawned":[4,5,6,10],"killed_by":"Hexaghost","ascension_level":20}}