{"host":"ordk2y2ebcetabk6","time":1612136085,"event":{"mods":["AlwaysNeverKeys","BaseMod","Better Debug","Colored Map","Colored Powertips","Dark Map","Highlight Path","Minty Spire (QoL Compilation)","Morshu Shopkeeper","Permanent Neow","Rare Cards Sparkle","Spire Arcade","StSLib","The Widow"],"gold_per_floor":[118,118,133,58,70,82,162,162,233,233,243,253,253,279,279,375,375,385,385,385,72,89,89,106,120,197,197,57,75,75,89,89,189,189,203,203,215,215,230,230,262,281,306,339,339,373,392,416,416,416],"floor_reached":51,"language":"ENG","playtime":1650,"items_purged":["theWidow:StrikeWidow","theWidow:StrikeWidow","theWidow:StrikeWidow"],"score":789,"play_id":"5c6c9951-5959-4f31-bc9d-9cb9a7e14b2d","local_time":"20210131163445","is_ascension_mode":false,"campfire_choices":[{"data":"theWidow:GeminiBot","floor":8,"key":"SMITH"},{"data":"theWidow:TranscendentForm","floor":10,"key":"SMITH"},{"data":"theWidow:GeminiBot+1","floor":15,"key":"SMITH"},{"data":"theWidow:TranscendentForm","floor":23,"key":"SMITH"},{"data":"theWidow:BombLauncher","floor":27,"key":"SMITH"},{"data":"theWidow:GeminiBot+2","floor":30,"key":"SMITH"},{"data":"theWidow:GeminiBot+3","floor":32,"key":"SMITH"},{"data":"theWidow:GeminiBot+5","floor":40,"key":"SMITH"},{"data":"theWidow:Grenadier","floor":49,"key":"SMITH"}],"circlet_count":0,"master_deck":["theWidow:StrikeWidow","theWidow:StrikeWidow","theWidow:DefendWidow","theWidow:DefendWidow","theWidow:DefendWidow","theWidow:DefendWidow","theWidow:Steelweave","theWidow:StringShot","theWidow:ExtraCompartment","theWidow:TranscendentForm+1","theWidow:GeminiBot+6","theWidow:ImprovisedExplosive","theWidow:ImprovisedExplosive","theWidow:TranscendentForm+1","theWidow:ImprovisedExplosive+1","theWidow:TheBigOne","theWidow:BombLauncher+1","theWidow:OmniCannon+1","theWidow:Grenadier+1","theWidow:Grenadier+1"],"relics":["theWidow:CyberheartRelic","Shuriken","Dream Catcher","StrikeDummy","Snecko Eye","Membership Card","Potion Belt","theWidow:SewingKitRelic","Vajra","SacredBark","Prayer Wheel","CeramicFish","Nunchaku","Lantern","Orichalcum"],"acts_visited":["Exordium","TheCity","TheBeyond"],"potions_floor_usage":[5,6,11,11,12,12,14,14,14,14,16,16,16,16,18,18,22,24,24,24,24,25,25,25,25,29,29,31,31,33,33,33,33,33,33,33,33,33,33,33,33,35,37,37,37,39,39,41,41,41,41,42,44,44,44,44,44,44,44,44,44,44,46,46,46,46,47,47,47,50,50,50,50,50,50,50,50,50,50,50],"damage_taken":[{"damage":0,"enemies":"Small Slimes","floor":1,"turns":4},{"damage":3,"enemies":"Cultist","floor":3,"turns":4},{"damage":0,"enemies":"2 Louse","floor":5,"turns":3},{"damage":4,"enemies":"Looter","floor":6,"turns":3},{"damage":4,"enemies":"Exordium Thugs","floor":11,"turns":4},{"damage":0,"enemies":"3 Louse","floor":12,"turns":1},{"damage":21,"enemies":"3 Sentries","floor":14,"turns":8},{"damage":1,"enemies":"Slime Boss","floor":16,"turns":7},{"damage":16,"enemies":"2 Thieves","floor":18,"turns":4},{"damage":0,"enemies":"3 Byrds","floor":22,"turns":1},{"damage":0,"enemies":"Shelled Parasite and Fungi","floor":24,"turns":1},{"damage":9,"enemies":"Snake Plant","floor":25,"turns":2},{"damage":1,"enemies":"Chosen and Byrds","floor":29,"turns":3},{"damage":0,"enemies":"3 Cultists","floor":31,"turns":1},{"damage":45,"enemies":"Champ","floor":33,"turns":9},{"damage":0,"enemies":"3 Darklings","floor":35,"turns":1},{"damage":0,"enemies":"3 Shapes","floor":37,"turns":2},{"damage":8,"enemies":"Transient","floor":39,"turns":5},{"damage":0,"enemies":"Nemesis","floor":41,"turns":1},{"damage":0,"enemies":"Sphere and 2 Shapes","floor":42,"turns":1},{"damage":0,"enemies":"Giant Head","floor":44,"turns":4},{"damage":12,"enemies":"Nemesis","floor":46,"turns":3},{"damage":0,"enemies":"Writhing Mass","floor":47,"turns":1},{"damage":20,"enemies":"Donu and Deca","floor":50,"turns":4}],"seed_played":"-2000798459870895736","potions_obtained":[{"floor":5,"key":"theWidow:SilkPotion"},{"floor":12,"key":"SteroidPotion"},{"floor":22,"key":"Fire Potion"},{"floor":31,"key":"SkillPotion"},{"floor":33,"key":"DistilledChaos"},{"floor":37,"key":"Explosive Potion"},{"floor":41,"key":"Energy Potion"},{"floor":46,"key":"FairyPotion"}],"is_trial":false,"path_per_floor":["M","?","M","$","M","M","?","R","T","R","M","M","?","E","R","B",null,"M","?","?","$","M","R","M","M","T","R","$","M","R","M","R","B",null,"M","?","M","?","M","R","E","M","T","E","?","E","M","T","R","B",null],"character_chosen":"THE_WIDOW","items_purchased":["Membership Card","theWidow:TheBigOne","Potion Belt","Vajra"],"campfire_rested":0,"item_purchase_floors":[21,21,21,28],"current_hp_per_floor":[82,82,79,79,79,75,75,75,75,75,71,71,71,50,50,49,82,66,66,66,66,66,66,66,57,57,57,57,56,56,56,56,11,82,82,82,82,82,74,74,74,74,74,74,74,62,62,62,62,42],"gold":416,"neow_bonus":"TEN_PERCENT_HP_BONUS","is_daily":false,"chose_seed":false,"campfire_upgraded":9,"win_rate":0.0,"timestamp":1612136085,"path_taken":["M","?","M","$","M","?","?","R","T","R","M","M","?","E","R","BOSS","M","?","?","$","M","R","M","?","T","R","$","M","R","M","R","BOSS","M","?","?","?","?","R","E","M","T","E","?","E","M","?","R","BOSS"],"items_purchased_type":["Relic","Card","Relic","Relic"],"build_version":"2020-12-22","purchased_purges":3,"victory":true,"max_hp_per_floor":[82,82,82,82,82,82,82,82,82,82,82,82,82,82,82,82,82,82,82,82,82,82,82,82,82,82,82,82,82,82,82,82,82,82,82,82,82,82,82,82,82,82,82,82,82,82,82,82,82,82],"card_choices":[{"not_picked":["theWidow:LaserDrone","theWidow:Ironthread"],"picked":"theWidow:ExtraCompartment","floor":1},{"not_picked":["theWidow:Cocoon","theWidow:SharpenedClaws"],"picked":"theWidow:GeminiBot","floor":3},{"not_picked":["theWidow:Nanobots","theWidow:Harden"],"picked":"theWidow:ImprovisedExplosive","floor":5},{"not_picked":["theWidow:Toxic","theWidow:VenomStrike","theWidow:InForTheKill"],"picked":"SKIP","floor":6},{"not_picked":["theWidow:ExtraCompartment","theWidow:SpiderDance","theWidow:SearingBlade"],"picked":"SKIP","floor":11},{"not_picked":["theWidow:Hide","theWidow:RocketDash","theWidow:Meltdown"],"picked":"SKIP","floor":12},{"not_picked":["theWidow:InForTheKill","theWidow:Weld"],"picked":"theWidow:ImprovisedExplosive","floor":14},{"not_picked":["theWidow:TheBigOne","theWidow:BlackVenom"],"picked":"theWidow:TranscendentForm","floor":16},{"not_picked":["theWidow:SpiderDance","theWidow:Stinger"],"picked":"theWidow:ImprovisedExplosive+1","floor":18},{"not_picked":["theWidow:SadisticIntent","theWidow:VenomStrike","theWidow:BackupBattery+1"],"picked":"SKIP","floor":22},{"not_picked":["theWidow:ExtraCompartment","theWidow:RocketDash","theWidow:InForTheKill"],"picked":"SKIP","floor":24},{"not_picked":["theWidow:SharpenedClaws","theWidow:Ironthread"],"picked":"theWidow:BombLauncher","floor":25},{"not_picked":["theWidow:Lair","theWidow:Spiderbite","theWidow:Desperation"],"picked":"SKIP","floor":29},{"not_picked":["theWidow:Desperation","theWidow:VenomStrike","theWidow:Restock"],"picked":"SKIP","floor":31},{"not_picked":["theWidow:Underfoot+1","theWidow:LaserDrone+1","theWidow:Ironthread"],"picked":"SKIP","floor":35},{"not_picked":["theWidow:LinkUp","theWidow:BackupBattery+1","theWidow:Weaving+1"],"picked":"SKIP","floor":37},{"not_picked":["theWidow:Nanobots+1","theWidow:VenomStrike+1","theWidow:Exploit"],"picked":"SKIP","floor":39},{"not_picked":["theWidow:ScrapHeap+1","theWidow:SpiderDance","theWidow:SearingBlade+2"],"picked":"SKIP","floor":41},{"not_picked":["theWidow:ImprovisedExplosive+1","theWidow:Scanner+2"],"picked":"theWidow:Grenadier","floor":42},{"not_picked":["theWidow:InForTheKill+1","theWidow:Restock+1","theWidow:Neurojack"],"picked":"SKIP","floor":42},{"not_picked":["theWidow:BlackVenom","theWidow:FiberglassDagger+1","theWidow:Restock+1"],"picked":"SKIP","floor":44},{"not_picked":["theWidow:Ironthread+1","theWidow:Nanobots"],"picked":"theWidow:Grenadier+1","floor":46},{"not_picked":["theWidow:Restock","theWidow:LaserDrone+1","theWidow:DischargeBattery+1"],"picked":"SKIP","floor":47},{"not_picked":["theWidow:Salvage+1","theWidow:Harden+1","theWidow:ShockEmitters+1"],"picked":"SKIP","floor":47}],"player_experience":931835,"relics_obtained":[{"floor":9,"key":"Shuriken"},{"floor":14,"key":"StrikeDummy"},{"floor":26,"key":"theWidow:SewingKitRelic"},{"floor":41,"key":"Prayer Wheel"},{"floor":43,"key":"CeramicFish"},{"floor":44,"key":"Nunchaku"},{"floor":46,"key":"Lantern"},{"floor":48,"key":"Orichalcum"}],"event_choices":[{"damage_healed":0,"gold_gain":0,"player_choice":"1 cards matched","damage_taken":0,"max_hp_gain":0,"max_hp_loss":0,"event_name":"Match and Keep!","floor":2,"gold_loss":0,"cards_obtained":["theWidow:TranscendentForm"]},{"damage_healed":0,"gold_gain":0,"player_choice":"Gave Potion","damage_taken":0,"relics_obtained":["Dream Catcher"],"max_hp_gain":0,"max_hp_loss":0,"event_name":"WeMeetAgain","floor":13,"gold_loss":0},{"damage_healed":0,"gold_gain":0,"player_choice":"Ignored","damage_taken":0,"max_hp_gain":0,"max_hp_loss":0,"event_name":"NoteForYourself","floor":20,"gold_loss":0},{"damage_healed":0,"gold_gain":0,"player_choice":"1 cards matched","damage_taken":0,"max_hp_gain":0,"max_hp_loss":0,"event_name":"Match and Keep!","floor":36,"gold_loss":0,"cards_obtained":["theWidow:OmniCannon"]},{"damage_healed":0,"gold_gain":0,"player_choice":"Forge","damage_taken":0,"max_hp_gain":0,"max_hp_loss":0,"event_name":"Accursed Blacksmith","floor":38,"gold_loss":0,"cards_upgraded":["theWidow:GeminiBot"]},{"damage_healed":0,"gold_gain":0,"player_choice":"Ignored","damage_taken":0,"max_hp_gain":0,"max_hp_loss":0,"event_name":"Tomb of Lord Red Mask","floor":45,"gold_loss":0}],"is_beta":false,"boss_relics":[{"not_picked":["Tiny House","SlaversCollar"],"picked":"Snecko Eye"},{"not_picked":["Cursed Key","Astrolabe"],"picked":"SacredBark"}],"items_purged_floors":[4,21,28],"is_endless":false,"potions_floor_spawned":[5,12,22,29,31,33,37,41,46],"ascension_level":0}}