{"host":"pe7ycb8t2t906so2","time":1612127621,"event":{"mods":["BaseMod","Colored Map","Highlight Path","Minty Spire (QoL Compilation)"],"gold_per_floor":[117,192,202,202,202,234,234,266,292,309,91,91,122,133,133,204,204,215,41,41,53,69,69,100,117,140,153,22,41,41,75,75,75,75],"floor_reached":33,"language":"FRA","playtime":1999,"items_purged":["Pain","Strike_R","Strike_R"],"score":594,"play_id":"23a8186c-26eb-48a5-b05f-886c67d9b204","local_time":"20210131161341","is_ascension_mode":true,"campfire_choices":[{"data":"Flame Barrier","floor":7,"key":"SMITH"},{"data":"Inflame","floor":12,"key":"SMITH"},{"data":"Ghostly Armor","floor":15,"key":"SMITH"},{"data":"Metallicize","floor":23,"key":"SMITH"},{"data":"Inflame","floor":30,"key":"SMITH"},{"data":"Evolve","floor":32,"key":"SMITH"}],"circlet_count":0,"master_deck":["AscendersBane","Strike_R","Strike_R","Strike_R+1","Defend_R","Defend_R","Defend_R","Defend_R","Bash+1","Shrug It Off","Inflame+1","Flame Barrier+1","Ghostly Armor+1","Inflame+1","Pummel","Shrug It Off","Twin Strike","Immolate","Metallicize+1","Headbutt+1","Evolve+1","Heavy Blade","Inflame+1","Flex+1"],"relics":["Burning Blood","NeowsBlessing","WarpedTongs","Whetstone","Happy Flower","Blood Vial","Mummified Hand","Black Star","Toy Ornithopter","MealTicket","Smiling Mask","Frozen Egg 2","Toxic Egg 2"],"acts_visited":["Exordium","TheCity"],"potions_floor_usage":[13,13,16,22,24,24,27,33],"damage_taken":[{"damage":0,"enemies":"2 Louse","floor":1,"turns":2},{"damage":0,"enemies":"Jaw Worm","floor":3,"turns":1},{"damage":1,"enemies":"3 Sentries","floor":6,"turns":2},{"damage":10,"enemies":"Gremlin Nob","floor":8,"turns":4},{"damage":3,"enemies":"Small Slimes","floor":10,"turns":3},{"damage":4,"enemies":"3 Sentries","floor":13,"turns":4},{"damage":6,"enemies":"Red Slaver","floor":14,"turns":2},{"damage":41,"enemies":"Hexaghost","floor":16,"turns":8},{"damage":0,"enemies":"Chosen","floor":18,"turns":4},{"damage":0,"enemies":"3 Byrds","floor":21,"turns":4},{"damage":24,"enemies":"Centurion and Healer","floor":22,"turns":5},{"damage":20,"enemies":"Slavers","floor":24,"turns":5},{"damage":0,"enemies":"Snecko","floor":25,"turns":4},{"damage":2,"enemies":"Chosen and Byrds","floor":27,"turns":4},{"damage":2,"enemies":"Centurion and Healer","floor":29,"turns":4},{"damage":15,"enemies":"Book of Stabbing","floor":31,"turns":6},{"damage":86,"enemies":"Automaton","floor":33,"turns":10}],"seed_played":"-2586250622711551085","potions_obtained":[{"floor":8,"key":"Block Potion"},{"floor":10,"key":"Explosive Potion"},{"floor":13,"key":"Strength Potion"},{"floor":16,"key":"Weak Potion"},{"floor":21,"key":"BlessingOfTheForge"},{"floor":22,"key":"Explosive Potion"},{"floor":25,"key":"Weak Potion"},{"floor":27,"key":"Energy Potion"}],"is_trial":false,"path_per_floor":["M","?","M","?","?","E","R","E","T","M","$","R","E","M","R","B",null,"M","$","?","M","M","R","E","M","T","M","$","M","R","E","R","B"],"character_chosen":"IRONCLAD","items_purchased":["Pummel","Shrug It Off","Metallicize","Inflame"],"campfire_rested":0,"item_purchase_floors":[11,11,19,28],"current_hp_per_floor":[74,63,69,69,69,74,74,70,70,75,75,75,75,75,75,40,66,74,74,74,75,57,57,45,53,53,64,75,75,75,66,66,0,0],"gold":75,"neow_bonus":"THREE_ENEMY_KILL","is_daily":false,"chose_seed":false,"campfire_upgraded":6,"win_rate":0.0,"timestamp":1612127621,"path_taken":["M","?","M","?","?","E","R","E","T","M","$","R","E","?","R","BOSS","M","$","?","M","M","R","E","M","T","M","$","?","R","E","R","BOSS"],"items_purchased_type":["Card","Card","Card","Card"],"build_version":"2020-12-22","purchased_purges":3,"victory":false,"max_hp_per_floor":[75,75,75,75,75,75,75,75,75,75,75,75,75,75,75,75,75,75,75,75,75,75,75,75,75,75,75,75,75,75,75,75,75,75],"card_choices":[{"not_picked":["Cleave","Combust"],"picked":"Shrug It Off","floor":1},{"not_picked":["Wild Strike","Flex"],"picked":"Inflame","floor":3},{"not_picked":["Evolve","Metallicize"],"picked":"Flame Barrier","floor":6},{"not_picked":["Cleave","Headbutt"],"picked":"Ghostly Armor","floor":8},{"not_picked":["Thunderclap","Rage"],"picked":"Inflame","floor":10},{"not_picked":["Juggernaut","Clothesline"],"picked":"Twin Strike","floor":13},{"not_picked":["Wild Strike","Burning Pact","Armaments"],"picked":"SKIP","floor":14},{"not_picked":["Fiend Fire","Juggernaut"],"picked":"Immolate","floor":16},{"not_picked":["Havoc","Clothesline","Anger"],"picked":"SKIP","floor":18},{"not_picked":["Thunderclap","Power Through","Rage"],"picked":"SKIP","floor":21},{"not_picked":["Body Slam","Perfected Strike"],"picked":"Headbutt+1","floor":22},{"not_picked":["Flex","Havoc"],"picked":"Evolve","floor":24},{"not_picked":["Armaments","Pommel Strike"],"picked":"Heavy Blade","floor":25},{"not_picked":["Seeing Red","Hemokinesis","Shrug It Off"],"picked":"SKIP","floor":27},{"not_picked":["Wild Strike","Perfected Strike","Clothesline"],"picked":"SKIP","floor":29},{"not_picked":["Pommel Strike","Headbutt"],"picked":"Flex+1","floor":31}],"player_experience":989133,"relics_obtained":[{"floor":6,"key":"Whetstone"},{"floor":8,"key":"Happy Flower"},{"floor":9,"key":"Blood Vial"},{"floor":13,"key":"Mummified Hand"},{"floor":24,"key":"Toy Ornithopter"},{"floor":24,"key":"MealTicket"},{"floor":26,"key":"Smiling Mask"},{"floor":31,"key":"Frozen Egg 2"},{"floor":31,"key":"Toxic Egg 2"}],"event_choices":[{"damage_healed":0,"gold_gain":75,"player_choice":"Gather Gold","damage_taken":11,"max_hp_gain":0,"max_hp_loss":0,"event_name":"World of Goop","floor":2,"gold_loss":0},{"damage_healed":0,"gold_gain":0,"player_choice":"Grow","damage_taken":0,"max_hp_gain":0,"max_hp_loss":0,"event_name":"Living Wall","floor":4,"gold_loss":0,"cards_upgraded":["Inflame"]},{"damage_healed":0,"gold_gain":0,"player_choice":"Rummage","damage_taken":0,"relics_obtained":["WarpedTongs"],"max_hp_gain":0,"max_hp_loss":0,"event_name":"Accursed Blacksmith","floor":5,"gold_loss":0,"cards_obtained":["Pain"]},{"damage_healed":0,"gold_gain":0,"player_choice":"0 cards matched","damage_taken":0,"max_hp_gain":0,"max_hp_loss":0,"event_name":"Match and Keep!","floor":20,"gold_loss":0,"cards_obtained":[]}],"is_beta":false,"boss_relics":[{"not_picked":["Busted Crown","SacredBark"],"picked":"Black Star"}],"items_purged_floors":[11,19,28],"is_endless":false,"potions_floor_spawned":[8,10,13,16,21,22,25,27],"killed_by":"Automaton","ascension_level":16}}