{"host":"auv68s8i97pkmhwr","time":1612070380,"event":{"mods":["A Penny For Your Troubles","AchievementEnabler","BaseMod","Best Route Mod","Bestiary","Better Altar","Better Match","Better Sensory Stone","Better Skull","Better Third Choice","Better Vampires","BetterRewards","Block Reminder","Colored Map","Colored Powertips","Dark Map","Displayed Cursed Tome","Minty Spire (QoL Compilation)","StSLib","SuperFastMode","Uncapped","Unceasing Turn Reminder"],"gold_per_floor":[119,154,172,201,213,242,242,273,320,320,350,370,370,395,395,507,507,519,528,528,548,574,609,609,634,661,699,574,574,592,620,620,729,729,751,770,798,807,818,852,549,549,549,574,574,574,574,607,607,608,608,608,52,89,89],"floor_reached":56,"language":"ENG","playtime":1254,"items_purged":["Strike_R","Strike_R","Strike_R","Defend_R"],"score":2461,"play_id":"898b3149-76e0-4886-a498-b13cc9262d0a","local_time":"20210131131940","is_ascension_mode":true,"campfire_choices":[{"data":"Whirlwind","floor":7.0,"key":"SMITH"},{"data":"Shockwave","floor":10.0,"key":"SMITH"},{"data":"True Grit","floor":13.0,"key":"SMITH"},{"data":"Inflame","floor":15.0,"key":"SMITH"},{"data":"Double Tap","floor":24.0,"key":"SMITH"},{"data":"Feel No Pain","floor":29.0,"key":"SMITH"},{"data":"Battle Trance","floor":32.0,"key":"SMITH"},{"data":"Barricade","floor":45,"key":"SMITH"},{"data":"Power Through","floor":47,"key":"SMITH"},{"floor":49,"key":"RECALL"},{"data":"Shrug It Off","floor":52,"key":"SMITH"}],"circlet_count":0,"master_deck":["AscendersBane","Defend_R","Defend_R+1","Defend_R","Bash","Shrug It Off+1","Whirlwind+1","Uppercut+1","Feel No Pain+1","Shockwave+1","True Grit+1","Battle Trance+1","Dropkick+1","Inflame+1","Double Tap+1","Necronomicurse","Power Through+1","Spot Weakness+1","Bite+1","Bite+1","True Grit+1","Barricade+1","Inflame+1","Reaper+1","Shrug It Off+1","Feel No Pain+1","Body Slam+1"],"relics":["Burning Blood","Calipers","Chemical X","Molten Egg 2","PreservedInsect","Prayer Wheel","CeramicFish","Thread and Needle","Akabeko","Bag of Preparation","betterAltar:BloodRelic","Ornamental Fan","Philosopher\u0027s Stone","Necronomicon","Bloody Idol","InkBottle","Boot","MealTicket","Potion Belt","SlaversCollar","Ancient Tea Set","Sling","Meat on the Bone","Singing Bowl","Champion Belt","Shuriken","Turnip","Nunchaku","War Paint"],"acts_visited":["Exordium","TheCity","TheBeyond","TheEnding"],"potions_floor_usage":[33,33,39,44,54,55,55,55,55],"damage_taken":[{"damage":0.0,"enemies":"Cultist","floor":1.0,"turns":2.0},{"damage":0.0,"enemies":"2 Louse","floor":2.0,"turns":1.0},{"damage":0.0,"enemies":"Jaw Worm","floor":3.0,"turns":2.0},{"damage":0.0,"enemies":"2 Fungi Beasts","floor":4.0,"turns":1.0},{"damage":14.0,"enemies":"Large Slime","floor":5.0,"turns":6.0},{"damage":0.0,"enemies":"Exordium Thugs","floor":6.0,"turns":1.0},{"damage":0.0,"enemies":"Gremlin Nob","floor":8.0,"turns":1.0},{"damage":0.0,"enemies":"3 Sentries","floor":11.0,"turns":1.0},{"damage":0.0,"enemies":"Blue Slaver","floor":12.0,"turns":2.0},{"damage":0.0,"enemies":"3 Louse","floor":14.0,"turns":2.0},{"damage":31.0,"enemies":"Hexaghost","floor":16.0,"turns":8.0},{"damage":0.0,"enemies":"Chosen","floor":18.0,"turns":2.0},{"damage":0.0,"enemies":"Shell Parasite","floor":21.0,"turns":2.0},{"damage":0.0,"enemies":"Sentry and Sphere","floor":22.0,"turns":3.0},{"damage":0.0,"enemies":"Gremlin Leader","floor":23.0,"turns":4.0},{"damage":0.0,"enemies":"Book of Stabbing","floor":25.0,"turns":2.0},{"damage":0.0,"enemies":"Slavers","floor":27.0,"turns":2.0},{"damage":0.0,"enemies":"Snecko","floor":31.0,"turns":2.0},{"damage":22,"enemies":"Collector","floor":33,"turns":5},{"damage":4,"enemies":"Orb Walker","floor":35,"turns":4},{"damage":3,"enemies":"3 Shapes","floor":36,"turns":1},{"damage":26,"enemies":"Writhing Mass","floor":37,"turns":2},{"damage":0,"enemies":"Transient","floor":39,"turns":5},{"damage":0,"enemies":"Giant Head","floor":40,"turns":4},{"damage":16,"enemies":"Reptomancer","floor":44,"turns":4},{"damage":25,"enemies":"Nemesis","floor":48,"turns":5},{"damage":1,"enemies":"Time Eater","floor":50,"turns":7},{"damage":0,"enemies":"Shield and Spear","floor":54,"turns":2},{"damage":8,"enemies":"The Heart","floor":55,"turns":8}],"seed_played":"1086847573194628583","potions_obtained":[{"floor":1.0,"key":"Fire Potion"},{"floor":3.0,"key":"Dexterity Potion"},{"floor":5.0,"key":"Swift Potion"},{"floor":6.0,"key":"SteroidPotion"},{"floor":23.0,"key":"CultistPotion"},{"floor":27.0,"key":"EssenceOfSteel"},{"floor":37,"key":"GamblersBrew"},{"floor":39,"key":"Fire Potion"},{"floor":48,"key":"DuplicationPotion"},{"floor":54,"key":"Block Potion"}],"is_trial":false,"path_per_floor":["M","M","M","M","M","M","R","E","T","R","E","M","R","M","R","B",null,"M","?","?","M","M","E","R","E","T","E","$","R","?","M","R","B",null,"M","M","M","?","M","E","$","?","T","E","R","T","R","E","R","B",null,"R","$","E","B",null],"character_chosen":"IRONCLAD","items_purchased":["Shrug It Off","Chemical X","Whirlwind","Molten Egg 2","PreservedInsect","CeramicFish","Akabeko","Bag of Preparation","Uppercut+1","Sling","Turnip","HeartOfIron","Nunchaku"],"campfire_rested":0,"item_purchase_floors":[0,0,0,0,0,0,0,0,0,41,53,53,53],"current_hp_per_floor":[78,80,80,80,72,78,78,80,80,80,80,80,80,80,80,55,74,80,64,20,36,57,73,73,80,80,80,80,80,70,70,70,70,70,70,70,65,70,70,70,70,70,70,72,72,72,72,71,71,74,74,74,74,74,74],"gold":89,"neow_bonus":"","is_daily":false,"chose_seed":false,"campfire_upgraded":10,"win_rate":0.0,"timestamp":1612070380,"path_taken":["M","?","M","M","M","M","R","E","T","R","E","M","R","M","R","BOSS","M","?","?","M","M","E","R","E","T","E","$","R","?","M","R","BOSS","M","M","M","?","M","E","$","?","T","E","R","?","R","E","R","BOSS","R","$","E","BOSS"],"items_purchased_type":["Card","Relic","Card","Relic","Relic","Relic","Relic","Relic","Card","Relic","Relic","Potion","Relic"],"build_version":"2020-12-22","purchased_purges":4,"victory":true,"max_hp_per_floor":[80,80,80,80,80,80,80,80,80,80,80,80,80,80,80,80,80,80,80,80,80,80,80,80,80,80,80,80,80,70,70,70,70,70,70,70,70,70,70,70,70,70,70,72,72,72,72,74,74,74,74,74,74,74,74],"card_choices":[{"not_picked":["Armaments","Body Slam+1","Heavy Blade+1"],"picked":"SKIP","floor":1.0},{"not_picked":["Heavy Blade+1","Power Through","Sever Soul+1"],"picked":"SKIP","floor":1.0},{"not_picked":["Uppercut+1","Headbutt+1"],"picked":"Feel No Pain","floor":2.0},{"not_picked":["Feel No Pain","Flex"],"picked":"Shockwave","floor":2.0},{"not_picked":["Flex","Headbutt+1","Flame Barrier"],"picked":"SKIP","floor":3.0},{"not_picked":["Dark Embrace","Armaments","Rage"],"picked":"SKIP","floor":3.0},{"not_picked":["Clash+1","Sword Boomerang+1"],"picked":"True Grit","floor":4.0},{"not_picked":["Sword Boomerang+1","Bloodletting","Battle Trance"],"picked":"SKIP","floor":4.0},{"not_picked":["Sword Boomerang+1","Bloodletting"],"picked":"Battle Trance","floor":4.0},{"not_picked":["Pommel Strike+1","Headbutt+1","Seeing Red"],"picked":"SKIP","floor":5.0},{"not_picked":["Fiend Fire+1","Whirlwind+1","Wild Strike+1"],"picked":"SKIP","floor":5.0},{"not_picked":["Havoc","Fire Breathing"],"picked":"Dropkick+1","floor":6.0},{"not_picked":["Wild Strike+1","Uppercut+1","Anger+1"],"picked":"SKIP","floor":6.0},{"not_picked":["Warcry","Body Slam+1","Perfected Strike+1"],"picked":"SKIP","floor":8.0},{"not_picked":["Iron Wave+1","Dark Embrace","Shockwave"],"picked":"SKIP","floor":11.0},{"not_picked":["Heavy Blade+1","Clash+1","Armaments"],"picked":"SKIP","floor":12.0},{"not_picked":["Warcry","Searing Blow+1","Headbutt+1"],"picked":"SKIP","floor":12.0},{"not_picked":["Reaper+1","Pommel Strike+1"],"picked":"Inflame","floor":14.0},{"not_picked":["True Grit","Feel No Pain","Body Slam+1"],"picked":"SKIP","floor":14.0},{"not_picked":["Juggernaut","Bludgeon+1"],"picked":"Double Tap","floor":16.0},{"not_picked":["Headbutt+1","Body Slam+1","Evolve"],"picked":"SKIP","floor":18.0},{"not_picked":["Wild Strike+1","Fire Breathing","Carnage+1"],"picked":"SKIP","floor":18.0},{"not_picked":["Iron Wave+1","Evolve","Body Slam+1"],"picked":"SKIP","floor":21.0},{"not_picked":["Sever Soul+1","Wild Strike+1","Rage"],"picked":"SKIP","floor":21.0},{"not_picked":["Evolve+1","Twin Strike+1"],"picked":"Power Through","floor":22.0},{"not_picked":["Ghostly Armor+1","Clash+1","Whirlwind+1"],"picked":"SKIP","floor":22.0},{"not_picked":["Anger+1","Armaments","Seeing Red"],"picked":"SKIP","floor":23.0},{"not_picked":["Wild Strike+1","Impervious","Thunderclap+1"],"picked":"SKIP","floor":25.0},{"not_picked":["Sword Boomerang+1","Double Tap"],"picked":"Spot Weakness","floor":27.0},{"not_picked":["Cleave+1","Thunderclap+1"],"picked":"True Grit+1","floor":31.0},{"not_picked":["Sword Boomerang+1","Iron Wave+1","Anger+1"],"picked":"SKIP","floor":31.0},{"not_picked":["Reaper+1","Feed+1"],"picked":"Barricade","floor":33},{"not_picked":["Twin Strike+1","Anger+1"],"picked":"Inflame+1","floor":35},{"not_picked":["Pommel Strike+1","Combust+1","Heavy Blade+1"],"picked":"SKIP","floor":35},{"not_picked":["Iron Wave+1","Anger+1","Rage+1"],"picked":"SKIP","floor":36},{"not_picked":["True Grit","Dropkick+1","Shrug It Off+1"],"picked":"SKIP","floor":36},{"not_picked":["Pummel+1","Anger+1"],"picked":"Reaper+1","floor":37},{"not_picked":["Armaments+1","Clash+1"],"picked":"Shrug It Off+1","floor":37},{"not_picked":["Havoc","Reckless Charge+1","Uppercut+1"],"picked":"SKIP","floor":39},{"not_picked":["Armaments+1","Evolve+1","Inflame"],"picked":"SKIP","floor":39},{"not_picked":["Evolve","Juggernaut","Uppercut+1"],"picked":"SKIP","floor":40},{"not_picked":["Combust+1","Iron Wave+1","Offering"],"picked":"Singing Bowl","floor":44},{"not_picked":["Clash+1","Uppercut+1","Pommel Strike+1"],"picked":"Singing Bowl","floor":48},{"not_picked":["Flame Barrier+1","Impervious"],"picked":"Body Slam+1","floor":54}],"player_experience":1270520,"relics_obtained":[{"floor":8.0,"key":"Blood Vial"},{"floor":11.0,"key":"Ornamental Fan"},{"floor":23.0,"key":"InkBottle"},{"floor":25.0,"key":"Boot"},{"floor":26.0,"key":"MealTicket"},{"floor":27.0,"key":"Potion Belt"},{"floor":40,"key":"Ancient Tea Set"},{"floor":43,"key":"Meat on the Bone"},{"floor":44,"key":"Singing Bowl"},{"floor":46,"key":"Champion Belt"},{"floor":48,"key":"Shuriken"},{"floor":54,"key":"War Paint"}],"event_choices":[{"damage_healed":0.0,"max_hp_gain":0.0,"max_hp_loss":0.0,"gold_gain":0.0,"event_name":"Cursed Tome","player_choice":"Obtained Book","floor":19.0,"gold_loss":0.0,"damage_taken":16.0},{"damage_healed":0.0,"max_hp_gain":64.0,"max_hp_loss":20.0,"gold_gain":0.0,"event_name":"betterAltar:BetterAltar","player_choice":" Idol RottenVial ","floor":20.0,"potions_obtained":[],"relics_lost":["Blood Vial"],"gold_loss":0.0,"damage_taken":44.0,"relics_obtained":["Bloody Idol","betterAltar:BloodRelic"]},{"damage_healed":0.0,"max_hp_gain":0.0,"max_hp_loss":10.0,"gold_gain":0.0,"event_name":"Vampires","player_choice":"Became a vampire","floor":30.0,"gold_loss":0.0,"damage_taken":0.0,"cards_obtained":["Bite","Bite"]},{"damage_healed":0,"gold_gain":0,"player_choice":"Copied","damage_taken":0,"max_hp_gain":0,"max_hp_loss":0,"event_name":"Duplicator","floor":38,"gold_loss":0,"cards_obtained":["Feel No Pain"]},{"damage_healed":0,"gold_gain":0,"player_choice":"Ignored","damage_taken":0,"max_hp_gain":0,"max_hp_loss":0,"event_name":"Tomb of Lord Red Mask","floor":42,"gold_loss":0}],"is_beta":false,"boss_relics":[{"not_picked":["Coffee Dripper","Busted Crown"],"picked":"Philosopher\u0027s Stone"},{"not_picked":["Black Blood","Astrolabe"],"picked":"SlaversCollar"}],"items_purged_floors":[0,0,28,41],"is_endless":false,"potions_floor_spawned":[1,3,5,6,11,14,23,27,37,39,48,54],"ascension_level":10}}