{"host":"iblpanoclcg2giwu","time":1612054167,"event":{"mods":["BaseMod","Better Third Choice","BetterRewards","Colored Map","Gold Saver","Googly Eyes","Highlight Path","Minty Spire (QoL Compilation)","Remove Card Discount Mod","StSLib"],"gold_per_floor":[114,129,0,0,0,27,27,45,45,62,92,104,104,104,104,203,203,218,143,163,163,181,181,181,181],"floor_reached":24,"language":"ENG","playtime":1725,"items_purged":[],"score":246,"play_id":"b2734b2b-254d-4d2f-9905-a014b6e3ebc1","local_time":"20210130164927","is_ascension_mode":false,"campfire_choices":[{"data":"1","floor":7,"key":"LIFT"},{"data":"2","floor":13,"key":"LIFT"},{"data":"Dualcast","floor":15,"key":"SMITH"},{"data":"White Noise","floor":23,"key":"SMITH"}],"circlet_count":0,"master_deck":["Strike_B","Strike_B","Defend_B","Defend_B","Zap","Dualcast+1","All For One","Streamline","Good Instincts","Stack","Core Surge","Enlightenment","Apotheosis+1","Chaos","White Noise+1","Gash+1","Streamline+1","Fission","Chill+1","Loop+1","Echo Form+1","Redo+1","Fusion","Redo"],"relics":["Cracked Core","Girya","CaptainsWheel","Molten Egg 2","Oddly Smooth Stone","Thread and Needle","Astrolabe","FaceOfCleric"],"acts_visited":["Exordium","TheCity"],"potions_floor_usage":[8,16,20,22,22],"damage_taken":[{"damage":3,"enemies":"Small Slimes","floor":1,"turns":3},{"damage":0,"enemies":"2 Louse","floor":2,"turns":2},{"damage":12,"enemies":"Lagavulin","floor":6,"turns":9},{"damage":6,"enemies":"Jaw Worm","floor":8,"turns":2},{"damage":4,"enemies":"3 Louse","floor":10,"turns":3},{"damage":0,"enemies":"Exordium Wildlife","floor":12,"turns":3},{"damage":0,"enemies":"The Guardian","floor":16,"turns":7},{"damage":13,"enemies":"Shell Parasite","floor":18,"turns":5},{"damage":26,"enemies":"2 Thieves","floor":20,"turns":5},{"damage":15,"enemies":"Sentry and Sphere","floor":22,"turns":4},{"damage":39,"enemies":"3 Cultists","floor":24,"turns":5}],"seed_played":"-7736295528675456033","potions_obtained":[{"floor":1,"key":"AttackPotion"},{"floor":2,"key":"Regen Potion"},{"floor":8,"key":"DuplicationPotion"},{"floor":12,"key":"SteroidPotion"},{"floor":20,"key":"LiquidMemories"}],"is_trial":false,"path_per_floor":["M","M","?","?","$","E","R","M","T","M","?","M","R","T","R","B",null,"M","?","M","?","M","R","M"],"character_chosen":"DEFECT","items_purchased":["Girya","All For One","Streamline","Good Instincts"],"campfire_rested":0,"item_purchase_floors":[0,0,0,0],"current_hp_per_floor":[72,72,78,78,78,66,66,60,60,56,56,56,56,56,56,56,81,68,68,42,42,37,37,0,0],"gold":181,"neow_bonus":"","is_daily":false,"chose_seed":false,"campfire_upgraded":2,"win_rate":0.0,"timestamp":1612054167,"path_taken":["M","M","?","?","?","E","R","M","T","M","?","?","R","?","R","BOSS","M","?","M","?","?","R","M"],"items_purchased_type":["Relic","Card","Card","Card"],"build_version":"2020-12-22","purchased_purges":0,"victory":false,"max_hp_per_floor":[75,75,81,81,81,81,81,81,81,81,81,81,81,81,81,81,81,81,81,81,81,82,82,82,82],"card_choices":[{"not_picked":["Rebound","Turbo"],"picked":"Stack","floor":1},{"not_picked":["Reprogram","Cold Snap"],"picked":"Core Surge","floor":2},{"not_picked":["Darkness","Redo"],"picked":"Chaos","floor":6},{"not_picked":["Conserve Battery","Reprogram"],"picked":"White Noise","floor":8},{"not_picked":["Beam Cell+1","Rebound+1"],"picked":"Gash+1","floor":10},{"not_picked":["Steam","Sunder+1"],"picked":"Streamline+1","floor":12},{"not_picked":["Echo Form","Meteor Strike+1"],"picked":"Fission","floor":16},{"not_picked":["Turbo","Leap"],"picked":"Redo+1","floor":18},{"not_picked":["Glacier","Reinforced Body"],"picked":"Fusion","floor":20},{"not_picked":["Conserve Battery+1","Compile Driver+1"],"picked":"Redo","floor":22}],"player_experience":71459,"relics_obtained":[{"floor":6,"key":"CaptainsWheel"},{"floor":9,"key":"Molten Egg 2"},{"floor":14,"key":"Thread and Needle"}],"event_choices":[{"damage_healed":0,"gold_gain":0,"player_choice":"RENOUNCE","damage_taken":129,"max_hp_gain":0,"max_hp_loss":0,"event_name":"betterThird:BetterSerpent","floor":3,"gold_loss":129,"cards_obtained":["Enlightenment"]},{"damage_healed":78,"gold_gain":0,"player_choice":"Embrace","damage_taken":0,"max_hp_gain":0,"max_hp_loss":81,"event_name":"betterThird:BetterShining","floor":4,"gold_loss":0},{"damage_healed":0,"gold_gain":30,"player_choice":"Searched \u00272\u0027 times","damage_taken":0,"relics_obtained":["Oddly Smooth Stone"],"max_hp_gain":0,"max_hp_loss":0,"event_name":"Dead Adventurer","floor":11,"gold_loss":0},{"cards_removed":["Defend_B"],"damage_healed":0,"gold_gain":0,"player_choice":"Gave Gold","damage_taken":0,"max_hp_gain":0,"max_hp_loss":0,"event_name":"Beggar","floor":19,"gold_loss":75},{"damage_healed":0,"gold_gain":0,"player_choice":"Trade","damage_taken":0,"relics_obtained":["FaceOfCleric"],"max_hp_gain":0,"max_hp_loss":0,"event_name":"FaceTrader","floor":21,"gold_loss":0}],"is_beta":false,"boss_relics":[{"not_picked":["Snecko Eye","Sozu"],"picked":"Astrolabe"}],"items_purged_floors":[],"is_endless":false,"potions_floor_spawned":[1,2,8,12,20],"killed_by":"3 Cultists","ascension_level":0}}