{"host":"3ghcx3e93lhog3cp","time":1612100913,"event":{"mods":["AchievementEnabler","BaseMod","Downfall","Minty Spire (QoL Compilation)","Replay The Spire","StSLib"],"gold_per_floor":[117,117,117,127,142,142,12,12,12,12,29,29,45,220,220,220,220],"floor_reached":16,"language":"ENG","playtime":689,"items_purged":["Strike_G"],"score":104,"play_id":"ad21b709-9627-477e-aef1-feef3d1548b0","local_time":"20210131054833","is_ascension_mode":true,"campfire_choices":[{"data":"Poisoned Stab","floor":6,"key":"SMITH"},{"data":"Catalyst","floor":8,"key":"SMITH"},{"data":"Deadly Poison","floor":15,"key":"SMITH"}],"circlet_count":0,"master_deck":["Strike_G","Strike_G","Strike_G","Defend_G","Defend_G","Defend_G","Defend_G+1","Survivor","Neutralize","Deadly Poison+1","Backstab","Poisoned Stab+1","Catalyst+1","Catalyst+1","Deadly Poison","Doubt"],"relics":["Ring of the Snake"],"acts_visited":["Exordium"],"potions_floor_usage":[16,16],"damage_taken":[{"damage":0.0,"enemies":"Small Slimes","floor":1.0,"turns":3.0},{"damage":1,"enemies":"Jaw Worm","floor":4,"turns":3},{"damage":1,"enemies":"Cultist","floor":5,"turns":3},{"damage":3,"enemies":"Looter","floor":11,"turns":3},{"damage":0,"enemies":"3 Louse","floor":13,"turns":2},{"damage":58,"enemies":"Fading Forest","floor":16,"turns":10}],"seed_played":"3520717475101486890","potions_obtained":[{"floor":4,"key":"sneckomod:MuddlingPotion"},{"floor":11,"key":"Languid Potion"},{"floor":13,"key":"DistilledChaos"}],"is_trial":false,"path_per_floor":["M","?","?","M","M","R","$","R","T","$","M","?","M","?","R","B"],"character_chosen":"THE_SILENT","items_purchased":["Catalyst"],"campfire_rested":0,"item_purchase_floors":[7],"current_hp_per_floor":[77,77,77,76,75,75,75,75,75,75,72,57,57,57,57,0,0],"gold":220,"neow_bonus":"TEN_PERCENT_HP_BONUS","is_daily":false,"chose_seed":false,"campfire_upgraded":3,"win_rate":0.0,"timestamp":1612100913,"path_taken":["M","?","?","M","M","R","$","R","T","$","?","?","M","?","R","BOSS"],"items_purchased_type":["Card"],"build_version":"2020-12-22","purchased_purges":1,"victory":false,"max_hp_per_floor":[77,77,77,77,77,77,77,77,77,77,77,77,77,77,77,77,77],"card_choices":[{"not_picked":["Dodge and Roll","Flying Knee"],"picked":"Deadly Poison","floor":1},{"not_picked":["Dodge and Roll","Slice"],"picked":"Backstab","floor":4},{"not_picked":["Dagger Throw","ReplayTheSpireMod:Speed Training"],"picked":"Poisoned Stab","floor":5},{"not_picked":["Masterful Stab","Hidden Blade","Dodge and Roll"],"picked":"SKIP","floor":11},{"not_picked":["Leg Sweep","Backflip"],"picked":"Deadly Poison","floor":13}],"player_experience":242240,"relics_obtained":[],"event_choices":[{"cards_removed":["Strike_G"],"damage_healed":0,"gold_gain":0,"player_choice":"Offered Basic","damage_taken":0,"max_hp_gain":0,"max_hp_loss":0,"event_name":"Bonfire Elementals","floor":3,"gold_loss":0},{"damage_healed":0,"gold_gain":0,"player_choice":"Entered Light","damage_taken":15,"max_hp_gain":0,"max_hp_loss":0,"event_name":"Shining Light","floor":12,"gold_loss":0,"cards_upgraded":["Defend_G","Catalyst"]},{"damage_healed":0,"gold_gain":175,"player_choice":"AGREE","damage_taken":0,"max_hp_gain":0,"max_hp_loss":0,"event_name":"Liars Game","floor":14,"gold_loss":0,"cards_obtained":["Doubt"]}],"is_beta":false,"boss_relics":[],"items_purged_floors":[7],"is_endless":false,"potions_floor_spawned":[4,11,13],"killed_by":"Fading Forest","ascension_level":3}}