{"host":"627up2rvtmm0cf0r","time":1612075816,"event":{"mods":["ATMod(°¢èªMod)","Act Like it!","BaseMod","Better Vampires","CapriCore","Card Filter","Card Forge","Colored Powertips","DeckTracker","Dota2Spire","Downfall","Energized Spire","Friendly Minions","Highlight Path","Infinite Spire","Jedi Mod","Minty Spire (QoL Compilation)","MostiFishMod","Permanent Neow","Practice Mode","Quick Restart","Relic Stats","Reliquary","Shop Mod","Spicy Shops","StSLib","SuperFastMode","TestMod","¡¾ÒÅÎï¿¨ÅÆ¡¿REMEMod","óô»ðÖ¸ÄÏ"],"gold_per_floor":[99,121,121,121,141,179,179,212,380,398,415,435,448,448,448,448],"floor_reached":14,"language":"ZHS","playtime":482,"items_purged":[],"score":133,"play_id":"3ffd55b1-828e-4e69-8028-368c56cab9a7","local_time":"20210131145016","is_ascension_mode":true,"campfire_choices":[{"data":"hexamod:Float","floor":1.0,"key":"SMITH"}],"circlet_count":0,"master_deck":["hexamod:Strike","hexamod:Strike","hexamod:Strike","hexamod:Defend","hexamod:Defend","hexamod:Defend","hexamod:Defend","hexamod:Sear","hexamod:Float+1","AT_Dispersion+1","testmod-Reflect+1","hexamod:SuperheatedStrike+1","hexamod:VolcanoVisage","hexamod:SuperheatedStrike+1","downfall:Icky"],"relics":["hexamod:SpiritBrand","Hammer of Thor","Seething Fire","Anvil of the Gods","DaveBox","testmod-TestBox","REME_ComplimentaryCards","AT_ATBox","AT_BellDemon","testmod-CasingShield","Technique","CeramicFish","Nunchaku","CeramicFish","Whetstone","testmod-TurbochargingSystem","infinitespire:BottledMercury","Juzu Bracelet","Prayer Wheel","Mango","Dota2Spire:PhaseBoots"],"acts_visited":["Exordium"],"potions_floor_usage":[14],"damage_taken":[{"damage":9.0,"enemies":"2 Louse","floor":2.0,"turns":3.0},{"damage":15.0,"enemies":"Small Slimes","floor":5.0,"turns":2.0},{"damage":12.0,"enemies":"Jaw Worm","floor":6.0,"turns":3.0},{"damage":18.0,"enemies":"Lagavulin","floor":8.0,"turns":4.0},{"damage":9.0,"enemies":"Gremlin Gang","floor":10.0,"turns":2.0},{"damage":8.0,"enemies":"3 Louse","floor":11.0,"turns":3.0},{"damage":0.0,"enemies":"Blue Slaver","floor":12.0,"turns":3.0},{"damage":0.0,"enemies":"Exordium Wildlife","floor":13.0,"turns":2.0},{"damage":24,"enemies":"3 Sentries","floor":14,"turns":4}],"seed_played":"5347663609214442205","potions_obtained":[{"floor":5.0,"key":"infinitespire:BlackPotion"},{"floor":6.0,"key":"Strength Potion"},{"floor":11.0,"key":"Dota2Spire:HealingSalve"},{"floor":12.0,"key":"Swift Potion"},{"floor":13.0,"key":"Guardian:BlockOnCardUsePotion"}],"is_trial":false,"path_per_floor":["R","M","?","?","M","M","T","E","?","M","M","M","M","E"],"character_chosen":"THE_SPIRIT","items_purchased":[],"campfire_rested":0,"item_purchase_floors":[],"current_hp_per_floor":[70,61,61,66,51,39,39,21,21,12,4,24,24,0,0,0],"gold":448,"neow_bonus":"RANDOM_COMMON_RELIC","is_daily":false,"chose_seed":false,"campfire_upgraded":1,"win_rate":0.0,"timestamp":1612075816,"path_taken":["R","M","?","?","?","?","T","E","?","M","M","M","M","E"],"items_purchased_type":[],"build_version":"2020-12-22","purchased_purges":0,"victory":false,"max_hp_per_floor":[70,70,70,75,75,75,75,75,75,75,75,89,89,89,89,89],"relic_stats":{"Nunchaku":[2],"counters":[9,26],"CeramicFish":54,"Prayer Wheel":2,"Juzu Bracelet":0,"Whetstone":["hexamod:SuperheatedStrike","hexamod:SuperheatedStrike"],"obtain_stats":[{"AT_BellDemon":0,"infinitespire:BottledMercury":8,"testmod-TestBox":0,"AT_ATBox":0,"DaveBox":0,"CeramicFish":2,"Mango":12,"Hammer of Thor":0,"Juzu Bracelet":10,"Seething Fire":0,"Whetstone":7,"testmod-TurbochargingSystem":8,"testmod-CasingShield":0,"Nunchaku":5,"Anvil of the Gods":0,"Prayer Wheel":11,"reliquary:SculptingSteel":6,"Technique":0,"hexamod:SpiritBrand":0,"REME_ComplimentaryCards":0,"Dota2Spire:PhaseBoots":13},{"AT_BellDemon":0,"infinitespire:BottledMercury":4,"testmod-TestBox":0,"AT_ATBox":0,"DaveBox":0,"CeramicFish":1,"Mango":7,"Hammer of Thor":0,"Juzu Bracelet":5,"Seething Fire":0,"Whetstone":3,"testmod-TurbochargingSystem":4,"testmod-CasingShield":0,"Nunchaku":2,"Anvil of the Gods":0,"Prayer Wheel":6,"reliquary:SculptingSteel":3,"Technique":0,"hexamod:SpiritBrand":0,"REME_ComplimentaryCards":0,"Dota2Spire:PhaseBoots":8},{"AT_BellDemon":0,"infinitespire:BottledMercury":12,"testmod-TestBox":0,"AT_ATBox":0,"DaveBox":0,"CeramicFish":3,"Mango":20,"Hammer of Thor":0,"Juzu Bracelet":14,"Seething Fire":0,"Whetstone":8,"testmod-TurbochargingSystem":12,"testmod-CasingShield":0,"Nunchaku":5,"Anvil of the Gods":0,"Prayer Wheel":17,"reliquary:SculptingSteel":8,"Technique":0,"hexamod:SpiritBrand":0,"REME_ComplimentaryCards":0,"Dota2Spire:PhaseBoots":22}]},"card_choices":[{"not_picked":["hexamod:SpectersWail","hexamod:ExtraCrispy"],"picked":"hexamod:SuperheatedStrike","floor":2.0},{"not_picked":["hexamod:BurningTouch","hexamod:ChargedBarrage"],"picked":"hexamod:VolcanoVisage","floor":5.0},{"not_picked":["hexamod:GhostLash","hexamod:AdvancingGuard"],"picked":"hexamod:SuperheatedStrike","floor":6.0},{"not_picked":["hexamod:SecondSeal","hexamod:Rewind","hexamod:BurningTouch"],"picked":"SKIP","floor":8.0},{"not_picked":["hexamod:ThirdSeal","hexamod:HeatMetal","hexamod:WildfireWeapon"],"picked":"SKIP","floor":10.0},{"not_picked":["hexamod:GhostOfSpireFuture","hexamod:ChargedBarrage","hexamod:HauntingEcho"],"picked":"SKIP","floor":11.0},{"not_picked":["hexamod:FlamesFromBeyond","hexamod:Hexaguard","hexamod:BacktrackSmack"],"picked":"SKIP","floor":12.0},{"not_picked":["hexamod:HauntingEcho","hexamod:HeatCrush","hexamod:StepThrough"],"picked":"SKIP","floor":12.0},{"not_picked":["hexamod:SoulSteal","hexamod:Firestarter","hexamod:Haunt"],"picked":"SKIP","floor":13.0},{"not_picked":["hexamod:GhostLash","hexamod:InspiringFlames","hexamod:DynamicBlow"],"picked":"SKIP","floor":13.0}],"player_experience":127153,"relics_obtained":[{"floor":2.0,"key":"CeramicFish"},{"floor":5.0,"key":"Nunchaku"},{"floor":6.0,"key":"reliquary:SculptingSteel"},{"floor":7.0,"key":"Whetstone"},{"floor":8.0,"key":"testmod-TurbochargingSystem"},{"floor":8.0,"key":"infinitespire:BottledMercury"},{"floor":10.0,"key":"Juzu Bracelet"},{"floor":11.0,"key":"Prayer Wheel"},{"floor":12.0,"key":"Mango"},{"floor":13.0,"key":"Dota2Spire:PhaseBoots"}],"event_choices":[{"cards_removed":["hexamod:Strike"],"damage_healed":0.0,"max_hp_gain":0.0,"max_hp_loss":0.0,"gold_gain":0.0,"event_name":"The Cleric","player_choice":"Card Removal","floor":3.0,"gold_loss":0.0,"damage_taken":0.0},{"damage_healed":0.0,"max_hp_gain":5.0,"max_hp_loss":0.0,"gold_gain":0.0,"event_name":"Big Fish","player_choice":"Donut","floor":4.0,"gold_loss":0.0,"damage_taken":0.0}],"is_beta":false,"boss_relics":[],"items_purged_floors":[],"is_endless":false,"potions_floor_spawned":[5,6,11,12,13],"killed_by":"3 Sentries","ascension_level":3}}