{"host":"36zn1fhase90d3ns","time":1612067578,"event":{"mods":["2.2 Compatiblity","AchievementEnabler","Act Like it!","Aspiration","BaseMod","BetterRewards","Block Reminder","Colored Map","Colored Powertips","Conspire","Curses Come First","Custom Start","Dark Map","Energized Spire","Friendly Minions","Halation","Hermit","Hubris","Minty Spire (QoL Compilation)","Prisma Mod","Quick Restart","Relic Sorter","Reliquary","Remilia??????","Replay The Spire","Spicy Shops","StSLib","The Necromancer","Unceasing Turn Reminder","Yohane!","??????REMEMod"],"gold_per_floor":[110,120,135,150,167,167,167,167],"floor_reached":7,"language":"ENG","playtime":446,"items_purged":["hermit:Strike_Hermit","hermit:Strike_Hermit"],"score":54,"play_id":"c627efbd-f278-471d-aab8-506051140928","local_time":"20210130223258","is_ascension_mode":true,"campfire_choices":[{"data":"hubris:EnhanceAbility","floor":6,"key":"SMITH"}],"circlet_count":0,"master_deck":["hermit:Strike_Hermit","hermit:Strike_Hermit","hermit:Defend_Hermit","hermit:Defend_Hermit","hermit:Defend_Hermit","hermit:Defend_Hermit","hermit:Snapshot","hermit:Covet","PrismaMod:ChloeCarnivalDefend","hermit:TakeAim","hubris:EnhanceAbility+1","hermit:ItchyTrigger","hermit:Dive"],"relics":["hermit:Momento","REME_ComplimentaryCards","reliquary:TridentHead"],"acts_visited":["Exordium"],"potions_floor_usage":[5,5],"damage_taken":[{"damage":0,"enemies":"Cultist","floor":1,"turns":5},{"damage":2,"enemies":"Jaw Worm","floor":2,"turns":5},{"damage":2,"enemies":"Small Slimes","floor":3,"turns":4},{"damage":7,"enemies":"Exordium Thugs","floor":4,"turns":6},{"damage":7,"enemies":"3 Louse","floor":5,"turns":5},{"damage":44,"enemies":"Gremlin Nob","floor":7,"turns":6}],"seed_played":"4342388988134689393","potions_obtained":[{"floor":1,"key":"BlessingOfTheForge"},{"floor":4,"key":"SkillPotion"}],"is_trial":false,"path_per_floor":["M","M","M","M","M","R","E"],"character_chosen":"HERMIT","items_purchased":["hermit:TakeAim","reliquary:TridentHead","hubris:EnhanceAbility"],"campfire_rested":0,"item_purchase_floors":[0,0,0],"current_hp_per_floor":[40,38,36,29,22,22,0,0],"gold":167,"neow_bonus":"","is_daily":false,"chose_seed":false,"campfire_upgraded":1,"win_rate":0.0,"timestamp":1612067578,"path_taken":["M","M","?","M","?","R","E"],"items_purchased_type":["Card","Relic","Card"],"build_version":"2020-12-22","purchased_purges":2,"victory":false,"max_hp_per_floor":[75,75,75,75,75,75,75,75],"card_choices":[{"not_picked":["hermit:HoleUp","hermit:WideOpen","hermit:SprayPray"],"picked":"SKIP","floor":1},{"not_picked":["hermit:LoneWolf","hermit:SprayPray","hermit:Midnight"],"picked":"SKIP","floor":2},{"not_picked":["hermit:Quickdraw","hermit:BigShot","hermit:LowProfile"],"picked":"SKIP","floor":3},{"not_picked":["hermit:Misfire","hermit:HighCaliber"],"picked":"hermit:ItchyTrigger","floor":4},{"not_picked":["hermit:CursedWeapon","hermit:HoleUp"],"picked":"hermit:Dive","floor":5}],"player_experience":515694,"relics_obtained":[],"event_choices":[],"is_beta":false,"boss_relics":[],"items_purged_floors":[0,0],"is_endless":false,"potions_floor_spawned":[1,4],"killed_by":"Gremlin Nob","ascension_level":4}}