{"host":"ak97kadm4gobvh6l","time":1612059802,"event":{"mods":["BaseMod","Colored Map","Downfall","Minty Spire (QoL Compilation)","StSLib"],"gold_per_floor":[0,19,19,119,134,134,134,169,169,181,81,111,124,158,173,278,278,278,290,301,313,95,95,95,95,95,111,146,46,46,46,62,159,159,59,73,9,9,258,301,301,21,44,96,145,174,174,193,218,218,218,253,62,62,62,62,62,62],"floor_reached":56,"language":"ENG","playtime":6189,"items_purged":["hexamod:Strike","Parasite"],"score":931,"play_id":"cc0321f2-68bc-422e-b9c3-3d04e03120e5","local_time":"20210131032322","is_ascension_mode":true,"campfire_choices":[{"data":"hexamod:Float","floor":1.0,"key":"SMITH"},{"data":"hexamod:Sear","floor":6.0,"key":"SMITH"},{"data":"hexamod:Strike","floor":11.0,"key":"PURGE"},{"data":"hexamod:HexaLevel","floor":18.0,"key":"SMITH"},{"floor":23.0,"key":"RECALL"},{"data":"hexamod:Defend","floor":29.0,"key":"PURGE"},{"data":"hexamod:Strike+1","floor":35.0,"key":"PURGE"},{"floor":47.0,"key":"REST"},{"floor":54.0,"key":"REST"}],"circlet_count":0,"master_deck":["hexamod:Defend","hexamod:Defend","hexamod:Defend","hexamod:Sear+1","hexamod:Float+1","Master of Strategy","hexamod:SpectersWail+1","hexamod:HauntingEcho+1","hexamod:ThermalTransfer+1","hexamod:FastForward","hexamod:SpectersWail+1","hexamod:HexaLevel+1","hexamod:Hexaguard","hexamod:EmpoweredFlame","hexamod:TimeWarp+1","hexamod:EmpoweredFlame","hexamod:ThirdSeal","hexamod:CatchUp","hexamod:WildfireWeapon","hexamod:FastForward","hexamod:GhostShield+1","hexamod:Hexaguard","hexamod:GhostLash+1","hexamod:GhostOfSpireFuture","hexamod:NightmareGuise+1","hexamod:GiftsFromTheDead","hexamod:Hexaguard","hexamod:RadiantFlame","hexamod:NightmareGuise","hexamod:EmpoweredFlame+1","hexamod:Hexaguard+1","hexamod:ShieldOfDarkness+1","hexamod:StepThrough+1","hexamod:FastForward","hexamod:ChargedBarrage+1","hexamod:GhostOfSpireFuture","hexamod:Incineration+1"],"relics":["hexamod:SpiritBrand","Molten Egg 2","Torii","Peace Pipe","downfall:HeartBlessingGreen","WingedGreaves","White Beast Statue","Black Star","MutagenicStrength","Unceasing Top","Whetstone","downfall:HeartBlessingBlue","sneckomod:SneckoTalon","downfall:HeartBlessingRed","hexamod:Sixitude","CeramicFish","Shuriken","Kunai","Bottled Lightning","Boot","hexamod:InflammatoryLetter","Calipers","FossilizedHelix","Blue Candle"],"acts_visited":["Exordium","TheCity","TheBeyond","TheEnding"],"potions_floor_usage":[56],"damage_taken":[{"damage":1.0,"enemies":"Jaw Worm","floor":2.0,"turns":3.0},{"damage":0.0,"enemies":"2 Louse","floor":5.0,"turns":3.0},{"damage":35.0,"enemies":"3 Sentries","floor":8.0,"turns":11.0},{"damage":0.0,"enemies":"Cultist","floor":10.0,"turns":2.0},{"damage":0.0,"enemies":"Exordium Thugs","floor":13.0,"turns":2.0},{"damage":1.0,"enemies":"Lagavulin","floor":14.0,"turns":7.0},{"damage":0.0,"enemies":"Red Slaver","floor":15.0,"turns":2.0},{"damage":0.0,"enemies":"IC_STATUS_ARCHETYPE","floor":16.0,"turns":7.0},{"damage":1.0,"enemies":"Shell Parasite","floor":19.0,"turns":5.0},{"damage":2.0,"enemies":"3 Byrds","floor":20.0,"turns":5.0},{"damage":15.0,"enemies":"Snake Plant","floor":21.0,"turns":6.0},{"damage":0.0,"enemies":"downfall:FleeingMerchant","floor":22.0,"turns":4.0},{"damage":0.0,"enemies":"Chosen and Byrds","floor":27.0,"turns":4.0},{"damage":22.0,"enemies":"Slavers","floor":28.0,"turns":4.0},{"damage":12.0,"enemies":"Shelled Parasite and Fungi","floor":32.0,"turns":4.0},{"damage":34.0,"enemies":"DF_ARCHETYPE_CLAW","floor":33.0,"turns":8.0},{"damage":9.0,"enemies":"3 Shapes","floor":36.0,"turns":3.0},{"damage":2.0,"enemies":"downfall:FleeingMerchant","floor":37.0,"turns":4.0},{"damage":4.0,"enemies":"downfall:FleeingMerchant","floor":39.0,"turns":4.0},{"damage":23.0,"enemies":"Nemesis","floor":40.0,"turns":7.0},{"damage":1.0,"enemies":"3 Darklings","floor":43.0,"turns":6.0},{"damage":23.0,"enemies":"Reptomancer","floor":44.0,"turns":6.0},{"damage":15.0,"enemies":"Giant Head","floor":45.0,"turns":8.0},{"damage":0.0,"enemies":"Maw","floor":46.0,"turns":7.0},{"damage":0.0,"enemies":"Sphere and 2 Shapes","floor":48.0,"turns":4.0},{"damage":0.0,"enemies":"Writhing Mass","floor":49.0,"turns":5.0},{"damage":7.0,"enemies":"SI_POISON_ARCHETYPE","floor":50.0,"turns":10.0},{"damage":73.0,"enemies":"downfall:CharBossMerchant","floor":52.0,"turns":10.0},{"damage":25.0,"enemies":"downfall:NeowBoss","floor":55.0,"turns":15.0},{"damage":21,"enemies":"downfall:NeowBossFinal","floor":56,"turns":5}],"seed_played":"-3574644457495135689","potions_obtained":[{"floor":2.0,"key":"FairyPotion"},{"floor":8.0,"key":"hexamod:InfernoChargePotion"},{"floor":15.0,"key":"CultistPotion"},{"floor":16.0,"key":"EssenceOfSteel"},{"floor":28.0,"key":"Slimebound:ThreeZeroPotion"},{"floor":32.0,"key":"Ancient Potion"},{"floor":33.0,"key":"AttackPotion"},{"floor":36.0,"key":"champ:CounterPotion"},{"floor":37.0,"key":"Fruit Juice"},{"floor":39.0,"key":"hexamod:InfernoChargePotion"},{"floor":40.0,"key":"Weak Potion"},{"floor":43.0,"key":"Regen Potion"},{"floor":44.0,"key":"SpeedPotion"},{"floor":45.0,"key":"AttackPotion"},{"floor":46.0,"key":"SkillPotion"},{"floor":48.0,"key":"hexamod:EctoCoolerPotion"},{"floor":49.0,"key":"EssenceOfSteel"},{"floor":52.0,"key":"PowerPotion"}],"is_trial":false,"path_per_floor":["R","M","?","?","M","R","T","E","T","M","R","?","M","E","M","B",null,"R","M","M","M","$","R","T","?","?","M","E","R","?","?","M","B",null,"R","M","$","?","$","E","T","$","M","E","E","M","R","M","M","B",null,"E","$","R","B","B"],"character_chosen":"THE_SPIRIT","items_purchased":["hexamod:FastForward","hexamod:EmpoweredFlame","hexamod:Hexaguard","hexamod:GhostOfSpireFuture","Kunai","hexamod:Hexaguard","hexamod:GhostOfSpireFuture","hexamod:Incineration+1"],"campfire_rested":2,"item_purchase_floors":[22,22,37,39,42,42,53,53],"current_hp_per_floor":[70,69,69,69,69,69,69,34,34,34,34,34,34,33,33,33,70,70,69,67,52,52,52,52,52,52,52,30,40,40,40,28,24,80,80,71,69,61,62,39,39,39,38,30,15,15,40,40,40,33,85,12,12,36,11,0,0,0],"gold":62,"neow_bonus":"RANDOM_COLORLESS_2","is_daily":false,"chose_seed":false,"campfire_upgraded":3,"win_rate":0.0,"timestamp":1612059802,"path_taken":["R","M","?","?","?","R","T","E","?","?","R","?","M","E","M","BOSS","R","M","M","M","$","R","T","?","?","M","E","R","?","?","M","BOSS","R","M","$","?","$","E","T","?","M","E","E","M","R","M","M","BOSS","E","$","R","BOSS","BOSS"],"items_purchased_type":["Card","Card","Card","Card","Relic","Card","Card","Card"],"build_version":"2020-12-22","purchased_purges":2,"victory":false,"max_hp_per_floor":[70,70,70,70,70,70,70,70,70,70,70,70,70,70,70,70,70,70,70,70,70,70,70,70,70,70,70,70,80,80,80,80,80,80,80,80,80,80,85,85,85,85,85,85,85,85,85,85,85,85,85,85,82,82,82,82,82,82],"card_choices":[{"not_picked":["Thinking Ahead","Magnetism"],"picked":"Master of Strategy","floor":0.0},{"not_picked":["hexamod:ThermalTransfer","hexamod:AdvancingGuard","hexamod:SwordOfDarkness"],"picked":"SKIP","floor":2.0},{"not_picked":["hexamod:InspiringFlames","hexamod:NightmareStrike","hexamod:Firestarter"],"picked":"SKIP","floor":5.0},{"not_picked":["hexamod:Hexaguard","hexamod:NightmareGuise"],"picked":"hexamod:SpectersWail+1","floor":8.0},{"not_picked":["hexamod:BacktrackSmack+1","hexamod:HexaLevel"],"picked":"hexamod:HauntingEcho+1","floor":10.0},{"not_picked":["hexamod:SuperheatedStrike+1","hexamod:Again"],"picked":"hexamod:ThermalTransfer+1","floor":13.0},{"not_picked":["hexamod:GhostLash+1","hexamod:SkipABeat"],"picked":"hexamod:FastForward","floor":14.0},{"not_picked":["hexamod:DynamicBlow+1","hexamod:FastForward"],"picked":"hexamod:SpectersWail+1","floor":15.0},{"not_picked":["hexamod:GhostflameInferno","hexamod:UnleashSpirits+1"],"picked":"hexamod:HexaLevel","floor":16.0},{"not_picked":["hexamod:RadiantFlame","hexamod:HauntingEcho+1"],"picked":"hexamod:Hexaguard","floor":19.0},{"not_picked":["hexamod:FlamesFromBeyond","hexamod:NightmareGuise"],"picked":"hexamod:EmpoweredFlame","floor":20.0},{"not_picked":["hexamod:NightmareGuise","hexamod:FlamesFromBeyond"],"picked":"hexamod:PhantomFireball+1","floor":21.0},{"not_picked":["hexamod:HeatCrush+1","hexamod:NightmareStrike+1"],"picked":"hexamod:TimeWarp+1","floor":22.0},{"not_picked":["hexamod:NightmareGuise","hexamod:ShieldOfDarkness","hexamod:ThermalTransfer+1"],"picked":"SKIP","floor":27.0},{"not_picked":["hexamod:FlamesFromBeyond","hexamod:BacktrackSmack+1","hexamod:Rewind+1"],"picked":"SKIP","floor":28.0},{"not_picked":["hexamod:HauntingEcho+1","hexamod:FlamesFromBeyond+1"],"picked":"hexamod:CatchUp","floor":32.0},{"not_picked":["hexamod:GhostLash+1","hexamod:ShieldOfDarkness","hexamod:ThermalTransfer+1"],"picked":"SKIP","floor":32.0},{"not_picked":["hexamod:ApocalypseNow","hexamod:TimeOfNeed"],"picked":"hexamod:WildfireWeapon","floor":33.0},{"not_picked":["hexamod:PhantomFireball+1","hexamod:SpectersWail+1"],"picked":"hexamod:FastForward","floor":36.0},{"not_picked":["hexamod:ShieldOfDarkness+1","hexamod:GhostLash+1","hexamod:HeatMetal+1"],"picked":"SKIP","floor":36.0},{"not_picked":["hexamod:SuperheatedStrike+1","hexamod:ShieldOfDarkness"],"picked":"hexamod:GhostShield","floor":37.0},{"not_picked":["hexamod:NightmareStrike+1","hexamod:GhostflameBarrier+1"],"picked":"hexamod:GhostLash+1","floor":39.0},{"not_picked":["hexamod:PhantomCloak","hexamod:BurningTouch+1","hexamod:ApocalypseNow"],"picked":"SKIP","floor":39.0},{"not_picked":["hexamod:SearingWound","hexamod:EmpoweredFlame+1"],"picked":"hexamod:NightmareGuise+1","floor":40.0},{"not_picked":["hexamod:FlamesFromBeyond+1","hexamod:NightmareGuise+1"],"picked":"hexamod:GiftsFromTheDead","floor":40.0},{"not_picked":["hexamod:ThermalTransfer+1","hexamod:PhantomFireball+1"],"picked":"hexamod:RadiantFlame","floor":43.0},{"not_picked":["hexamod:ThirdSeal","hexamod:BacktrackSmack+1","hexamod:ThermalTransfer+1"],"picked":"SKIP","floor":43.0},{"not_picked":["hexamod:ExtraCrispy+1","hexamod:HeatMetal+1"],"picked":"hexamod:NightmareGuise","floor":44.0},{"not_picked":["hexamod:PhantomFireball+1","hexamod:ParanormalForm"],"picked":"hexamod:EmpoweredFlame+1","floor":44.0},{"not_picked":["hexamod:ThermalTransfer+1","hexamod:AdvancingGuard+1"],"picked":"hexamod:Hexaguard+1","floor":45.0},{"not_picked":["hexamod:BurningTouch","hexamod:SpectersWail+1"],"picked":"hexamod:ShieldOfDarkness+1","floor":45.0},{"not_picked":["hexamod:PhantomFireball+1","hexamod:RetreatToShadows"],"picked":"hexamod:StepThrough+1","floor":46.0},{"not_picked":["hexamod:NightmareStrike+1","hexamod:Again+1","hexamod:PhantomFireball+1"],"picked":"SKIP","floor":46.0},{"not_picked":["hexamod:AdvancingGuard+1","hexamod:ShieldOfDarkness"],"picked":"hexamod:FastForward","floor":48.0},{"not_picked":["hexamod:HeatMetal+1","hexamod:SkipABeat+1","hexamod:InspiringFlames"],"picked":"SKIP","floor":48.0},{"not_picked":["hexamod:SuperheatedStrike+1","hexamod:NightmareGuise","hexamod:HeatMetal+1"],"picked":"SKIP","floor":49.0},{"not_picked":["hexamod:UnlimitedPower","hexamod:FastForward+1","hexamod:Rewind"],"picked":"SKIP","floor":49.0},{"not_picked":["hexamod:Hexaguard","hexamod:BacktrackSmack+1"],"picked":"hexamod:ChargedBarrage+1","floor":52.0},{"not_picked":["hexamod:EmpoweredFlame","hexamod:Rewind+1","hexamod:SpectralAdrenaline"],"picked":"SKIP","floor":52.0}],"player_experience":1073225,"relics_obtained":[{"floor":7.0,"key":"Molten Egg 2"},{"floor":8.0,"key":"Torii"},{"floor":9.0,"key":"Peace Pipe"},{"floor":14.0,"key":"White Beast Statue"},{"floor":28.0,"key":"Unceasing Top"},{"floor":28.0,"key":"Whetstone"},{"floor":40.0,"key":"hexamod:Sixitude"},{"floor":40.0,"key":"CeramicFish"},{"floor":41.0,"key":"Shuriken"},{"floor":44.0,"key":"Bottled Lightning"},{"floor":44.0,"key":"Boot"},{"floor":45.0,"key":"hexamod:InflammatoryLetter"},{"floor":45.0,"key":"Calipers"},{"floor":52.0,"key":"FossilizedHelix"},{"floor":52.0,"key":"Blue Candle"}],"event_choices":[{"damage_healed":0.0,"max_hp_gain":0.0,"max_hp_loss":0.0,"gold_gain":0.0,"event_name":"Drug Dealer","player_choice":"Inject Mutagens","floor":26.0,"gold_loss":0.0,"damage_taken":0.0,"relics_obtained":["MutagenicStrength"]}],"is_beta":false,"boss_relics":[{"not_picked":["Runic Dome","bronze:MakeshiftBattery"],"picked":"Black Star"},{"not_picked":["Snecko Eye","Velvet Choker"],"picked":"sneckomod:SneckoTalon"}],"items_purged_floors":[22,53],"is_endless":false,"potions_floor_spawned":[2,8,15,16,19,20,21,22,27,28,32,33,36,37,39,40,43,44,45,46,48,49,52],"killed_by":"downfall:NeowBossFinal","ascension_level":1}}