{"host":"i18imc0um2oq1vml","time":1612131898,"event":{"mods":["BaseMod","Downfall","Googly Eyes","Minty Spire (QoL Compilation)","StSLib"],"gold_per_floor":[99,118,118,138,150,163,163,188,200,200,216,229,229,16,33,132,132,32,44,58,58,68,96,148,148,168,182,182,182,182,213,232,330,330,330,345,364,55,105,117,144,175,264,264,64,83,83,83,94,94,94,128,48,48,48,48,48,48],"floor_reached":56,"language":"ENG","playtime":9068,"items_purged":["Guardian:Defend_Guardian","Guardian:Defend_Guardian"],"score":773,"play_id":"3008b1a8-6364-4f63-9f54-efcc8cdeec73","local_time":"20210131222458","is_ascension_mode":false,"campfire_choices":[{"data":"Guardian:TwinSlam","floor":1.0,"key":"SMITH"},{"floor":13.0,"key":"REST"},{"data":"Guardian:TemporalShield","floor":18.0,"key":"SMITH"},{"data":"RitualDagger","floor":25.0,"key":"SMITH"},{"data":"Guardian:Preprogram","floor":30.0,"key":"SMITH"},{"floor":35,"key":"RECALL"},{"data":"Guardian:MultiBeam","floor":45,"key":"SMITH"},{"data":"Guardian:EvasiveProtocol","floor":47,"key":"SMITH"},{"floor":54,"key":"REST"}],"circlet_count":0,"master_deck":["Guardian:Strike_Guardian","Guardian:Defend_Guardian","Guardian:CurlUp","Guardian:TwinSlam+1","Guardian:RollAttack","Guardian:ShieldCharger","Guardian:ChargeCore","Guardian:Preprogram+1","Guardian:BronzeOrb","Guardian:TemporalShield+1","Guardian:Incinerate","Guardian:ChargeCore","Guardian:TemporalShield","Guardian:GuardianWhirl+1","Guardian:ShieldCharger","RitualDagger+1","Guardian:DonusPower+1","Guardian:Incinerate+1","Guardian:ShieldCharger+1","Guardian:MultiBeam+1","Guardian:SphericShield+1","Guardian:EvasiveProtocol+1","Guardian:VentSteam+1","Guardian:PolyBeam","Guardian:Harden+1","Guardian:TimeCapacitor","Guardian:WalkerClaw","Guardian:Recover+1","Guardian:Repulse"],"relics":["Guardian:ModeShifterPlus","WingedGreaves","Unceasing Top","Letter Opener","Bird Faced Urn","Lee\u0027s Waffle","Astrolabe","downfall:HeartBlessingGreen","Oddly Smooth Stone","Nunchaku","Toxic Egg 2","Kunai","Shuriken","Anchor","Lizard Tail","Blood Vial","downfall:HeartBlessingBlue","downfall:HeartBlessingRed","Gremlin Horn"],"acts_visited":["Exordium","TheCity","TheBeyond","TheEnding"],"potions_floor_usage":[50,52,55,55,55,56,56],"damage_taken":[{"damage":4.0,"enemies":"2 Louse","floor":2.0,"turns":3.0},{"damage":6.0,"enemies":"Jaw Worm","floor":4.0,"turns":3.0},{"damage":2.0,"enemies":"Small Slimes","floor":5.0,"turns":3.0},{"damage":2.0,"enemies":"Exordium Wildlife","floor":6.0,"turns":3.0},{"damage":6.0,"enemies":"3 Sentries","floor":8.0,"turns":6.0},{"damage":3.0,"enemies":"Gremlin Gang","floor":9.0,"turns":5.0},{"damage":2.0,"enemies":"Blue Slaver","floor":11.0,"turns":3.0},{"damage":13.0,"enemies":"Exordium Wildlife","floor":12.0,"turns":5.0},{"damage":0.0,"enemies":"downfall:FleeingMerchant","floor":14.0,"turns":4.0},{"damage":3.0,"enemies":"Exordium Thugs","floor":15.0,"turns":3.0},{"damage":32.0,"enemies":"WA_ARCHETYPE_RETAIN","floor":16.0,"turns":12.0},{"damage":0.0,"enemies":"3 Byrds","floor":19.0,"turns":5.0},{"damage":0.0,"enemies":"Shell Parasite","floor":20.0,"turns":6.0},{"damage":11.0,"enemies":"Chosen and Byrds","floor":22.0,"turns":8.0},{"damage":19.0,"enemies":"Gremlin Leader","floor":23.0,"turns":8.0},{"damage":0.0,"enemies":"Snake Plant","floor":26.0,"turns":4.0},{"damage":1.0,"enemies":"3 Cultists","floor":27.0,"turns":4.0},{"damage":9.0,"enemies":"Book of Stabbing","floor":31.0,"turns":6.0},{"damage":0.0,"enemies":"Chosen and Byrds","floor":32.0,"turns":4.0},{"damage":40.0,"enemies":"IC_MUSHROOM_ARCHETYPE","floor":33.0,"turns":11.0},{"damage":0,"enemies":"Orb Walker","floor":36,"turns":3},{"damage":1,"enemies":"3 Shapes","floor":37,"turns":3},{"damage":0,"enemies":"downfall:FleeingMerchant","floor":38,"turns":4},{"damage":3,"enemies":"downfall:FleeingMerchant","floor":39,"turns":7},{"damage":0,"enemies":"Writhing Mass","floor":40,"turns":5},{"damage":0,"enemies":"Nemesis","floor":42,"turns":9},{"damage":0,"enemies":"downfall:FleeingMerchant","floor":43,"turns":4},{"damage":0,"enemies":"Jaw Worm Horde","floor":46,"turns":2},{"damage":0,"enemies":"Sphere and 2 Shapes","floor":49,"turns":4},{"damage":64,"enemies":"SI_POISON_ARCHETYPE","floor":50,"turns":22},{"damage":76,"enemies":"downfall:CharBossMerchant","floor":52,"turns":12},{"damage":14,"enemies":"downfall:NeowBoss","floor":55,"turns":15},{"damage":125,"enemies":"downfall:NeowBossFinal","floor":56,"turns":14}],"seed_played":"6368586846507116628","potions_obtained":[{"floor":4.0,"key":"Dexterity Potion"},{"floor":5.0,"key":"CultistPotion"},{"floor":6.0,"key":"BlessingOfTheForge"},{"floor":9.0,"key":"Guardian:StasisDiscoveryPotion"},{"floor":15.0,"key":"PowerPotion"},{"floor":20.0,"key":"FairyPotion"},{"floor":23.0,"key":"Guardian:BlockOnCardUsePotion"},{"floor":40,"key":"champ:CounterPotion"},{"floor":44,"key":"Guardian:StasisDiscoveryPotion"},{"floor":44,"key":"ColorlessPotion"},{"floor":49,"key":"EntropicBrew"},{"floor":52,"key":"ColorlessPotion"}],"is_trial":false,"path_per_floor":["R","M","?","M","M","M","T","E","M","?","M","M","R","$","M","B",null,"R","M","M","?","M","E","T","R","M","M","?","T","R","E","M","B",null,"R","M","M","$","?","M","T","E","$","?","R","M","R","?","M","B",null,"E","$","R","B","B"],"character_chosen":"GUARDIAN","items_purchased":["Lee\u0027s Waffle","Guardian:ChargeCore","Anchor","Guardian:PolyBeam","Guardian:TimeCapacitor","Guardian:Gem_Yellow","Guardian:Repulse"],"campfire_rested":2,"item_purchase_floors":[14,14,38,38,43,43,53],"current_hp_per_floor":[56,52,52,46,44,42,42,36,33,33,31,18,42,87,84,52,87,87,87,87,81,70,51,51,51,51,50,50,50,50,41,41,3,87,87,87,86,87,84,86,86,87,87,87,97,97,97,97,97,37,97,25,25,54,48,0,0,0],"gold":48,"neow_bonus":"ONE_RARE_RELIC","is_daily":false,"chose_seed":false,"campfire_upgraded":6,"win_rate":0.0,"timestamp":1612131898,"path_taken":["R","M","?","M","M","M","T","E","M","?","M","M","R","$","M","BOSS","R","M","M","?","M","E","T","R","M","M","?","?","R","E","M","BOSS","R","M","M","$","?","M","T","E","$","?","R","?","R","?","M","BOSS","E","$","R","BOSS","BOSS"],"items_purchased_type":["Relic","Card","Relic","Card","Card","Card","Card"],"build_version":"2020-12-22","purchased_purges":2,"victory":false,"max_hp_per_floor":[80,80,80,80,80,80,80,80,80,80,80,80,80,87,87,87,87,87,87,87,87,87,87,87,87,87,87,87,87,87,87,87,87,87,87,87,87,87,87,87,87,87,87,87,97,97,97,97,97,97,97,97,97,97,97,97,97,97],"card_choices":[{"not_picked":["Guardian:Gem_Cyan","Guardian:Gem_Lightblue"],"picked":"Guardian:RollAttack","floor":2.0},{"not_picked":["Guardian:TemporalShield","Guardian:TemporalStrike"],"picked":"Guardian:ShieldCharger","floor":4.0},{"not_picked":["Guardian:CrystalBeam","Guardian:Gem_Lightblue"],"picked":"Guardian:VentSteam","floor":5.0},{"not_picked":["Guardian:FloatingOrbs","Guardian:WalkerClaw"],"picked":"Guardian:ChargeCore","floor":6.0},{"not_picked":["Guardian:FloatingOrbs","Guardian:Reroute"],"picked":"Guardian:Preprogram","floor":8.0},{"not_picked":["Guardian:Gem_Lightblue","Guardian:PrismaticBarrier"],"picked":"Guardian:BronzeOrb","floor":9.0},{"not_picked":["Guardian:AncientConstruct","Guardian:SentryBeam"],"picked":"Guardian:TemporalShield","floor":11.0},{"not_picked":["Guardian:PrismaticBeam","Guardian:FloatingOrbs"],"picked":"Guardian:Gem_Green","floor":12.0},{"not_picked":["Guardian:PrimingBeam","Guardian:WalkerClaw"],"picked":"Guardian:Incinerate","floor":14.0},{"not_picked":["Guardian:CrystalBeam","Guardian:VentSteam"],"picked":"Guardian:TemporalShield","floor":15.0},{"not_picked":["Guardian:FastForward","Guardian:HyperBeam_Guardian"],"picked":"Guardian:Gem_Orange","floor":16.0},{"not_picked":["Guardian:ArmoredProtocol","Guardian:RollAttack"],"picked":"Guardian:Gem_Purple","floor":19.0},{"not_picked":["Guardian:Harden","Guardian:BodySlam"],"picked":"Guardian:ShieldCharger","floor":20.0},{"not_picked":["Guardian:CrystalBeam","Guardian:ChargeCore"],"picked":"Guardian:DonusPower+1","floor":22.0},{"not_picked":["Guardian:Gem_Fragmented","Guardian:Planning"],"picked":"Guardian:Gem_White","floor":23.0},{"not_picked":["Guardian:DonusPower","Guardian:Gem_Blue"],"picked":"Guardian:Incinerate+1","floor":26.0},{"not_picked":["Guardian:Gem_Cyan","Guardian:Gem_Green","Guardian:AncientConstruct"],"picked":"SKIP","floor":27.0},{"not_picked":["Guardian:WalkerClaw+1","Guardian:Preprogram+1"],"picked":"Guardian:ShieldCharger+1","floor":31.0},{"not_picked":["Guardian:Clone+1","Guardian:Gem_Blue"],"picked":"Guardian:MultiBeam","floor":32.0},{"not_picked":["Guardian:HyperBeam_Guardian","Guardian:StasisField+1"],"picked":"Guardian:SphericShield+1","floor":33.0},{"not_picked":["Guardian:Gem_Red","Guardian:VentSteam+1","Guardian:CrystalBeam"],"picked":"SKIP","floor":36},{"not_picked":["Guardian:Recover+1","Guardian:Gem_Crimson"],"picked":"Guardian:EvasiveProtocol","floor":37},{"not_picked":["Guardian:SentryBeam+1","Guardian:HyperBeam_Guardian"],"picked":"Guardian:VentSteam+1","floor":38},{"not_picked":["Guardian:Recover+1","Guardian:SpikerProtocol","Guardian:Gem_Lightblue"],"picked":"SKIP","floor":40},{"not_picked":["Guardian:Recover+1","Guardian:RollAttack"],"picked":"Guardian:Harden+1","floor":42},{"not_picked":["Guardian:ShieldSpikes+1","Guardian:Gem_Yellow"],"picked":"Guardian:Gem_Crimson","floor":43},{"not_picked":["Guardian:Reroute+1","Guardian:Emergency+1","Guardian:PolyBeam"],"picked":"SKIP","floor":46},{"not_picked":["Guardian:PiercingHide+1","Guardian:PrismaticBarrier+1"],"picked":"Guardian:WalkerClaw","floor":49},{"not_picked":["Guardian:BaubleBeam","Guardian:Gem_Lightblue"],"picked":"Guardian:Recover+1","floor":52}],"player_experience":2030611,"relics_obtained":[{"floor":7.0,"key":"Letter Opener"},{"floor":8.0,"key":"Bird Faced Urn"},{"floor":23.0,"key":"Oddly Smooth Stone"},{"floor":24.0,"key":"Nunchaku"},{"floor":29.0,"key":"Kunai"},{"floor":31.0,"key":"Shuriken"},{"floor":39,"key":"Lizard Tail"},{"floor":42,"key":"Blood Vial"},{"floor":52,"key":"Gremlin Horn"}],"event_choices":[{"cards_removed":["Guardian:Strike_Guardian"],"damage_healed":0.0,"max_hp_gain":0.0,"max_hp_loss":0.0,"gold_gain":0.0,"event_name":"The Cleric","player_choice":"Card Removal","floor":10.0,"gold_loss":0.0,"damage_taken":0.0},{"damage_healed":0,"gold_gain":0,"player_choice":"Got Potions","damage_taken":0,"max_hp_gain":0,"max_hp_loss":0,"event_name":"Lab","floor":44,"gold_loss":0}],"is_beta":false,"boss_relics":[{"not_picked":["bronze:MakeshiftBattery","Calling Bell"],"picked":"Astrolabe"},{"not_picked":["SlaversCollar","Runic Pyramid"],"picked":"Guardian:ModeShifterPlus"}],"items_purged_floors":[38,43],"is_endless":false,"potions_floor_spawned":[4,5,6,9,15,20,22,23,27,40,46,49,52],"killed_by":"downfall:NeowBossFinal","ascension_level":0}}