{"host":"1qqxmg542u37e44m","time":1612124122,"event":{"mods":["BaseMod","Colored Map","Minty Spire (QoL Compilation)","Quick Restart","Relic Sorter","StSLib","SuperFastMode"],"gold_per_floor":[114,125,125,141,141,170,187,217,217,217,217],"floor_reached":10,"language":"ENG","playtime":295,"items_purged":[],"score":86,"play_id":"22308674-b856-44b5-937e-4e1bfb91e5e1","local_time":"20210131211522","is_ascension_mode":true,"campfire_choices":[],"circlet_count":0,"master_deck":["Strike_G","Strike_G","Strike_G","Strike_G","Defend_G","Defend_G","Defend_G","Defend_G","Defend_G+1","Survivor+1","Neutralize+1","Escape Plan","Dagger Spray","Backflip","Crippling Poison","Calculated Gamble"],"relics":["Ring of the Snake","NeowsBlessing","War Paint","White Beast Statue","Meat on the Bone"],"acts_visited":["Exordium"],"potions_floor_usage":[6,8,10],"damage_taken":[{"damage":0,"enemies":"Jaw Worm","floor":1,"turns":1},{"damage":0,"enemies":"Cultist","floor":2,"turns":1},{"damage":0,"enemies":"2 Louse","floor":4,"turns":1},{"damage":30,"enemies":"Gremlin Nob","floor":6,"turns":5},{"damage":9,"enemies":"Lots of Slimes","floor":7,"turns":4},{"damage":12,"enemies":"Lagavulin","floor":8,"turns":7},{"damage":19,"enemies":"3 Sentries","floor":10,"turns":6}],"seed_played":"-7851160438051470119","potions_obtained":[{"floor":1,"key":"Explosive Potion"},{"floor":6,"key":"Poison Potion"},{"floor":8,"key":"SteroidPotion"}],"is_trial":false,"path_per_floor":["M","M","?","M","?","E","M","E","T","E"],"character_chosen":"THE_SILENT","items_purchased":[],"campfire_rested":0,"item_purchase_floors":[],"current_hp_per_floor":[70,70,70,70,70,40,31,19,19,0,0],"gold":217,"neow_bonus":"THREE_ENEMY_KILL","is_daily":false,"chose_seed":false,"campfire_upgraded":0,"win_rate":0.0,"timestamp":1612124122,"path_taken":["M","M","?","?","?","E","?","E","T","E"],"items_purchased_type":[],"build_version":"2020-12-22","purchased_purges":0,"victory":false,"max_hp_per_floor":[70,70,70,70,70,70,70,70,70,70,70],"card_choices":[{"not_picked":["Leg Sweep","Deadly Poison","Acrobatics"],"picked":"SKIP","floor":1},{"not_picked":["Quick Slash","Cloak And Dagger"],"picked":"Escape Plan","floor":2},{"not_picked":["Dagger Throw","Predator","Sucker Punch"],"picked":"SKIP","floor":4},{"not_picked":["Underhanded Strike","Skewer"],"picked":"Backflip","floor":6},{"not_picked":["Sucker Punch","Skewer"],"picked":"Crippling Poison","floor":7},{"not_picked":["Dagger Throw","Expertise"],"picked":"Calculated Gamble","floor":8}],"player_experience":208164,"relics_obtained":[{"floor":6,"key":"War Paint"},{"floor":8,"key":"White Beast Statue"},{"floor":9,"key":"Meat on the Bone"}],"event_choices":[{"damage_healed":0,"gold_gain":0,"cards_transformed":["Strike_G"],"player_choice":"Transformed","damage_taken":0,"max_hp_gain":0,"max_hp_loss":0,"event_name":"Transmorgrifier","floor":3,"gold_loss":0,"cards_obtained":["Dagger Spray"]},{"damage_healed":0,"gold_gain":0,"player_choice":"Upgraded","damage_taken":0,"max_hp_gain":0,"max_hp_loss":0,"event_name":"Upgrade Shrine","floor":5,"gold_loss":0,"cards_upgraded":["Neutralize"]}],"is_beta":false,"boss_relics":[],"items_purged_floors":[],"is_endless":false,"potions_floor_spawned":[1,6,8],"killed_by":"3 Sentries","ascension_level":2}}