{"host":"knspyp6dy614fx6e","time":1612111246,"event":{"mods":["ATMod(°¢èªMod)","Aspiration","BaseMod","Better Altar","Better Match","Better Note","Better Sensory Stone","Better Skull","Better Third Choice","Card Filter","DeckTracker","Dota2Spire","Energized Spire","Jedi Mod","Minty Spire (QoL Compilation)","MostiFishMod","Quick Restart","Relic Filter Mod","Relic Stats","Reliquary","RumiaBox-Â¶Ã×æ«µÄÉñÃØºÐ×Ó","Shop Mod","Spicy Shops","StSLib","TestMod","Waifu the Spire","¡¾ÒÅÎï¿¨ÅÆ¡¿REMEMod"],"gold_per_floor":[121,142,160,18,18,18,18,18,18,18,18],"floor_reached":10,"language":"ZHS","playtime":589,"items_purged":[],"score":156,"play_id":"67e6ecf9-1c73-439a-9b71-b11bbb7c6ef9","local_time":"20210201004046","is_ascension_mode":true,"campfire_choices":[{"data":"MostiFishMod:#F4004","floor":6.0,"key":"SMITH"}],"circlet_count":0,"master_deck":["AscendersBane","Strike_R","Strike_R","Strike_R","Strike_R","Strike_R","Defend_R","Defend_R","Defend_R","Defend_R","Bash","MostiFishMod:KingOfFree","Carnage","MostiFishMod:#F4004+1","Heavy Blade","Second Wind"],"relics":["Burning Blood","AT_ATBox","DaveBox","testmod-TestBox","REME_ComplimentaryCards","jedi:ominousloannote","PlanX","testmod-AssaultLearning","Dota2Spire:HeartOfTarrasque","reliquary:Aerogel","PreservedInsect","Dota2Spire:ArcaneBoots"],"acts_visited":["Exordium"],"potions_floor_usage":[],"damage_taken":[{"damage":7.0,"enemies":"Small Slimes","floor":1.0,"turns":4.0},{"damage":6.0,"enemies":"Cultist","floor":2.0,"turns":3.0},{"damage":2.0,"enemies":"2 Louse","floor":3.0,"turns":3.0},{"damage":21.0,"enemies":"Lots of Slimes","floor":5.0,"turns":4.0},{"damage":2.0,"enemies":"3 Sentries","floor":7.0,"turns":5.0},{"damage":31.0,"enemies":"Gremlin Nob","floor":10.0,"turns":4.0}],"seed_played":"2381974577485997990","potions_obtained":[{"floor":3.0,"key":"testmod-TimePotion"},{"floor":7.0,"key":"Ancient Potion"},{"floor":10,"key":"Ancient Potion"}],"is_trial":false,"path_per_floor":["M","M","M","$","M","R","E","?","T","E"],"character_chosen":"IRONCLAD","items_purchased":["jedi:ominousloannote","PlanX","testmod-AssaultLearning","Heavy Blade"],"campfire_rested":0,"item_purchase_floors":[4,4,4,4],"current_hp_per_floor":[68,68,68,68,53,53,66,66,66,43,43],"gold":18,"neow_bonus":"RANDOM_COLORLESS_2","is_daily":false,"chose_seed":false,"campfire_upgraded":1,"win_rate":0.0,"timestamp":1612111246,"path_taken":["M","M","M","$","M","R","E","?","T","E"],"items_purchased_type":["Relic","Relic","Relic","Card"],"build_version":"2020-12-22","purchased_purges":0,"victory":false,"max_hp_per_floor":[68,68,68,68,68,68,76,76,76,76,76],"relic_stats":{"counters":[6,23],"PreservedInsect":23,"obtain_stats":[{"AT_ATBox":0,"testmod-TestBox":0,"DaveBox":0,"jedi:ominousloannote":4,"reliquary:Aerogel":8,"PlanX":4,"testmod-AssaultLearning":4,"PreservedInsect":9,"Dota2Spire:HeartOfTarrasque":7,"Dota2Spire:ArcaneBoots":10,"Burning Blood":0,"REME_ComplimentaryCards":0},{"AT_ATBox":0,"testmod-TestBox":0,"DaveBox":0,"jedi:ominousloannote":3,"reliquary:Aerogel":5,"PlanX":3,"testmod-AssaultLearning":3,"PreservedInsect":5,"Dota2Spire:HeartOfTarrasque":5,"Dota2Spire:ArcaneBoots":6,"Burning Blood":0,"REME_ComplimentaryCards":0},{"AT_ATBox":0,"testmod-TestBox":0,"DaveBox":0,"jedi:ominousloannote":10,"reliquary:Aerogel":19,"PlanX":10,"testmod-AssaultLearning":10,"PreservedInsect":19,"Dota2Spire:HeartOfTarrasque":19,"Dota2Spire:ArcaneBoots":23,"Burning Blood":0,"REME_ComplimentaryCards":0}],"Burning Blood":31},"card_choices":[{"not_picked":["MostiFishMod:OneDayCity","REME_AllRoundStrike"],"picked":"MostiFishMod:KingOfFree","floor":0.0},{"not_picked":["Shrug It Off","Sever Soul"],"picked":"Carnage","floor":1.0},{"not_picked":["Clash","Rupture"],"picked":"MostiFishMod:#F4004","floor":2.0},{"not_picked":["Havoc","Clothesline","MostiFishMod:#F4004"],"picked":"SKIP","floor":3.0},{"not_picked":["Flex","True Grit"],"picked":"Second Wind","floor":5.0},{"not_picked":["Perfected Strike","True Grit","Wild Strike"],"picked":"SKIP","floor":7.0},{"not_picked":["Perfected Strike","True Grit","Wild Strike"],"picked":"SKIP","floor":7.0}],"player_experience":267577,"relics_obtained":[{"floor":7.0,"key":"Dota2Spire:HeartOfTarrasque"},{"floor":9.0,"key":"PreservedInsect"},{"floor":10,"key":"Dota2Spire:ArcaneBoots"}],"event_choices":[{"damage_healed":0.0,"max_hp_gain":0.0,"max_hp_loss":0.0,"gold_gain":0.0,"event_name":"WeMeetAgain","player_choice":"Gave Potion","floor":8.0,"gold_loss":0.0,"damage_taken":0.0,"relics_obtained":["reliquary:Aerogel"]}],"is_beta":false,"boss_relics":[],"items_purged_floors":[],"is_endless":false,"potions_floor_spawned":[3,7,10],"killed_by":"Gremlin Nob","ascension_level":20}}