{"host":"fa35vd3kig5td25x","time":1612094379,"event":{"mods":["BaseMod","Colored Powertips","Minty Spire (QoL Compilation)","Relic Stats","Slay the Relics Exporter"],"gold_per_floor":[109,184,184,184,199,231,231,258,258,270,305,316,591,154,154,231,231,241,241,241,88,60,60,95,21,47,47,73,87,98,131,131,207,207,225,244,244,78,97,97,132,132,132,132,132,132,132,132],"floor_reached":47,"language":"ENG","playtime":2356,"items_purged":["Regret","Strike_G"],"score":1179,"play_id":"3380fccc-39a1-4a0a-a070-5b24b4b6664b","local_time":"20210131125939","is_ascension_mode":true,"campfire_choices":[{"data":"Neutralize","floor":7.0,"key":"SMITH"},{"data":"Apotheosis","floor":15,"key":"SMITH"},{"data":"Footwork","floor":23,"key":"SMITH"},{"floor":27,"key":"REST"},{"floor":32,"key":"REST"},{"floor":40,"key":"RECALL"},{"floor":42,"key":"REST"},{"floor":44,"key":"REST"}],"circlet_count":0,"master_deck":["AscendersBane","Strike_G","Strike_G","Defend_G","Defend_G","Defend_G","Defend_G","Defend_G","Survivor","Neutralize+1","Predator","Unload","Dash","Cloak And Dagger","PiercingWail","Poisoned Stab+1","Footwork+1","Apotheosis+1","Burst","Dagger Spray+1","RitualDagger+1","Sucker Punch+1","Footwork+1","Noxious Fumes","Deadly Poison","Terror","Well Laid Plans","Bouncing Flask+1","Footwork","PiercingWail+1"],"relics":["Ring of the Serpent","NeowsBlessing","Paper Crane","Singing Bowl","Molten Egg 2","Anchor","Blue Candle","Vajra","The Specimen","Pear","Velvet Choker","Orrery","The Courier","Mummified Hand"],"acts_visited":["Exordium","TheCity","TheBeyond"],"potions_floor_usage":[16,16,24,28,31,36,36,39,41,41,47],"damage_taken":[{"damage":0.0,"enemies":"Small Slimes","floor":1.0,"turns":1.0},{"damage":0.0,"enemies":"2 Louse","floor":5.0,"turns":1.0},{"damage":0.0,"enemies":"Lagavulin","floor":6.0,"turns":1.0},{"damage":16.0,"enemies":"3 Sentries","floor":8.0,"turns":9.0},{"damage":0.0,"enemies":"Cultist","floor":10.0,"turns":3.0},{"damage":0.0,"enemies":"Gremlin Nob","floor":11.0,"turns":3.0},{"damage":8,"enemies":"Large Slime","floor":12,"turns":6},{"damage":20,"enemies":"The Guardian","floor":16,"turns":15},{"damage":0,"enemies":"Spheric Guardian","floor":18,"turns":6},{"damage":7,"enemies":"2 Thieves","floor":22,"turns":4},{"damage":20,"enemies":"Book of Stabbing","floor":24,"turns":9},{"damage":21,"enemies":"Slavers","floor":28,"turns":6},{"damage":6,"enemies":"Snecko","floor":29,"turns":9},{"damage":2,"enemies":"Snake Plant","floor":30,"turns":6},{"damage":5,"enemies":"Gremlin Leader","floor":31,"turns":7},{"damage":29,"enemies":"Champ","floor":33,"turns":17},{"damage":17,"enemies":"Orb Walker","floor":35,"turns":5},{"damage":7,"enemies":"3 Darklings","floor":36,"turns":6},{"damage":17,"enemies":"Transient","floor":39,"turns":6},{"damage":26,"enemies":"Nemesis","floor":41,"turns":9},{"damage":70,"enemies":"Reptomancer","floor":47,"turns":3}],"seed_played":"-3793814658890046865","potions_obtained":[{"floor":5.0,"key":"SkillPotion"},{"floor":6.0,"key":"CunningPotion"},{"floor":12,"key":"PowerPotion"},{"floor":18,"key":"Regen Potion"},{"floor":28,"key":"CunningPotion"},{"floor":35,"key":"SteroidPotion"}],"is_trial":false,"path_per_floor":["M","?","?","?","M","E","R","E","T","M","E","M","?","$","R","B",null,"M","?","?","$","M","R","E","$","T","R","E","M","M","E","R","B",null,"M","M","?","$","M","R","E","R","T","R","?","?","E"],"character_chosen":"THE_SILENT","items_purchased":["Apotheosis","Burst","Regen Potion","Explosive Potion","Noxious Fumes","Orrery"],"campfire_rested":4,"item_purchase_floors":[14,14,14,21,25,38],"current_hp_per_floor":[59,48,41,41,41,41,41,27,27,27,27,21,21,21,21,18,59,59,53,53,53,46,46,41,41,41,62,43,37,35,40,65,36,72,57,50,50,58,43,43,17,45,45,73,73,73,3,3],"gold":132,"neow_bonus":"THREE_ENEMY_KILL","is_daily":false,"chose_seed":false,"campfire_upgraded":3,"win_rate":0.0,"timestamp":1612094379,"path_taken":["M","?","?","?","M","E","R","E","T","M","E","?","?","$","R","BOSS","M","?","?","$","?","R","E","$","T","R","E","M","M","E","R","BOSS","M","M","?","$","M","R","E","R","T","R","?","?","E"],"items_purchased_type":["Card","Card","Potion","Potion","Card","Relic"],"build_version":"2020-12-22","purchased_purges":2,"victory":false,"max_hp_per_floor":[66,66,66,66,66,66,66,68,68,68,68,70,70,70,70,72,72,72,72,72,72,72,72,72,72,72,72,74,74,74,84,84,84,84,86,86,86,94,96,96,96,96,96,96,96,91,91,91],"relic_stats":{"Singing Bowl":20,"counters":[21,132],"Mummified Hand":[0],"Blue Candle":[0],"obtain_stats":[{"Pear":31,"NeowsBlessing":0,"Singing Bowl":8,"The Specimen":28,"Blue Candle":24,"Vajra":26,"Velvet Choker":34,"The Courier":41,"Paper Crane":6,"Anchor":11,"Mummified Hand":43,"Orrery":38,"Molten Egg 2":9,"Ring of the Serpent":17,"Ring of the Snake":0},{"Pear":15,"NeowsBlessing":0,"Singing Bowl":4,"The Specimen":12,"Blue Candle":11,"Vajra":11,"Velvet Choker":16,"The Courier":20,"Paper Crane":3,"Anchor":6,"Mummified Hand":20,"Orrery":18,"Molten Egg 2":4,"Ring of the Serpent":8,"Ring of the Snake":0},{"Pear":86,"NeowsBlessing":0,"Singing Bowl":12,"The Specimen":64,"Blue Candle":58,"Vajra":58,"Velvet Choker":103,"The Courier":129,"Paper Crane":3,"Anchor":18,"Mummified Hand":129,"Orrery":114,"Molten Egg 2":12,"Ring of the Serpent":39,"Ring of the Snake":0}]},"card_choices":[{"not_picked":["Slice","Escape Plan"],"picked":"Predator","floor":1.0},{"not_picked":["Acrobatics","Prepared"],"picked":"Cloak And Dagger","floor":5.0},{"not_picked":["Infinite Blades","Backflip"],"picked":"PiercingWail","floor":6.0},{"not_picked":["Deflect","Finisher","Outmaneuver"],"picked":"Singing Bowl","floor":8.0},{"not_picked":["Outmaneuver","Tools of the Trade"],"picked":"Poisoned Stab+1","floor":10.0},{"not_picked":["Dagger Throw+1","Leg Sweep"],"picked":"Footwork","floor":11.0},{"not_picked":["Dagger Spray+1","Well Laid Plans","Setup"],"picked":"Singing Bowl","floor":12},{"not_picked":["Grand Finale+1","Envenom","Burst"],"picked":"Singing Bowl","floor":16},{"not_picked":["PiercingWail","Blur"],"picked":"Dagger Spray+1","floor":18},{"not_picked":["Acrobatics","PiercingWail"],"picked":"Sucker Punch+1","floor":22},{"not_picked":["Poisoned Stab+1","Crippling Poison"],"picked":"Footwork+1","floor":24},{"not_picked":["Caltrops","Distraction","Expertise"],"picked":"Singing Bowl","floor":28},{"not_picked":["Outmaneuver+1","Predator+1"],"picked":"Deadly Poison","floor":29},{"not_picked":["Blade Dance","Skewer+1"],"picked":"Terror","floor":30},{"not_picked":["Sucker Punch+1","Riddle With Holes+1"],"picked":"Well Laid Plans","floor":31},{"not_picked":["Die Die Die+1","Doppelganger"],"picked":"Venomology","floor":33},{"not_picked":["Bane+1","Acrobatics","Flying Knee+1"],"picked":"Singing Bowl","floor":35},{"not_picked":["Prepared","Outmaneuver"],"picked":"Bouncing Flask+1","floor":36},{"not_picked":["Slice+1","Bane+1","Envenom"],"picked":"Singing Bowl","floor":38},{"not_picked":["Backflip","Reflex"],"picked":"Footwork","floor":38},{"not_picked":["Skewer+1","Reflex","Dagger Throw+1"],"picked":"Singing Bowl","floor":38},{"not_picked":["All Out Attack+1","Dagger Throw+1","Slice+1"],"picked":"Singing Bowl","floor":38},{"not_picked":["Cloak And Dagger","Choke+1","Prepared+1"],"picked":"Singing Bowl","floor":38},{"not_picked":["Deadly Poison","Acrobatics","Bullet Time"],"picked":"Singing Bowl","floor":39},{"not_picked":["Blade Dance","Sucker Punch+1"],"picked":"PiercingWail+1","floor":41}],"player_experience":3025615,"relics_obtained":[{"floor":6.0,"key":"Paper Crane"},{"floor":8.0,"key":"Singing Bowl"},{"floor":9.0,"key":"Molten Egg 2"},{"floor":11.0,"key":"Anchor"},{"floor":24,"key":"Blue Candle"},{"floor":26,"key":"Vajra"},{"floor":28,"key":"The Specimen"},{"floor":31,"key":"Pear"},{"floor":41,"key":"The Courier"},{"floor":43,"key":"Mummified Hand"}],"event_choices":[{"damage_healed":0.0,"max_hp_gain":0.0,"max_hp_loss":0.0,"gold_gain":75.0,"event_name":"World of Goop","player_choice":"Gather Gold","floor":2.0,"gold_loss":0.0,"damage_taken":11.0},{"cards_removed":["Strike_G"],"damage_healed":0.0,"max_hp_gain":0.0,"max_hp_loss":0.0,"gold_gain":0.0,"event_name":"Golden Wing","player_choice":"Card Removal","floor":3.0,"gold_loss":0.0,"damage_taken":7.0},{"damage_healed":0.0,"max_hp_gain":0.0,"max_hp_loss":0.0,"gold_gain":0.0,"event_name":"Match and Keep!","player_choice":"2 cards matched","floor":4.0,"gold_loss":0.0,"damage_taken":0.0,"cards_obtained":["Unload","Dash"]},{"damage_healed":0,"gold_gain":275,"player_choice":"Desecrate","damage_taken":0,"max_hp_gain":0,"max_hp_loss":0,"event_name":"Golden Shrine","floor":13,"gold_loss":0,"cards_obtained":["Regret"]},{"damage_healed":0,"gold_gain":0,"player_choice":"Joined the Cult","damage_taken":6,"max_hp_gain":0,"max_hp_loss":0,"event_name":"Nest","floor":19,"gold_loss":0,"cards_obtained":["RitualDagger"]},{"cards_removed":["Strike_G"],"damage_healed":0,"gold_gain":0,"player_choice":"Elegance","damage_taken":0,"max_hp_gain":0,"max_hp_loss":0,"event_name":"Back to Basics","floor":20,"gold_loss":0},{"damage_healed":0,"gold_gain":0,"player_choice":"Ignored","damage_taken":0,"max_hp_gain":0,"max_hp_loss":0,"event_name":"Tomb of Lord Red Mask","floor":37,"gold_loss":0},{"cards_removed":["Venomology"],"damage_healed":0,"gold_gain":0,"player_choice":"Removed Skill","damage_taken":0,"max_hp_gain":0,"max_hp_loss":0,"event_name":"Falling","floor":45,"gold_loss":0},{"damage_healed":0,"gold_gain":0,"player_choice":"Max HP","damage_taken":0,"max_hp_gain":0,"max_hp_loss":5,"event_name":"Winding Halls","floor":46,"gold_loss":0}],"is_beta":false,"boss_relics":[{"not_picked":["Sozu","Coffee Dripper"],"picked":"Ring of the Serpent"},{"not_picked":["Philosopher\u0027s Stone","HoveringKite"],"picked":"Velvet Choker"}],"items_purged_floors":[14,21],"is_endless":false,"potions_floor_spawned":[5,6,12,18,22,28,35],"killed_by":"Reptomancer","ascension_level":20}}