{"host":"6p0attdrtjqaih7v","time":1612072579,"event":{"mods":["2.2 Compatiblity","AchievementEnabler","Bard","BaseMod","Better Skull","Better Third Choice","Colored Powertips","Downfall","Hermit","Highlight Path","Key Reminder","Minty Spire (QoL Compilation)","Permanent Neow","Quick Restart","Random Character Button","Relic Stats","Replay The Spire","Robot Space Explorer","StSLib","The Witch"],"gold_per_floor":[109,125,35,52,66,97,97,128,155,187,198,208,220,220,220,220,220],"floor_reached":16,"language":"ENG","playtime":678,"items_purged":[],"score":323,"play_id":"abbc26c2-f530-404f-a908-c5c356d13131","local_time":"20210131005619","is_ascension_mode":true,"campfire_choices":[{"data":"hermit:WideOpen","floor":7,"key":"SMITH"},{"floor":15,"key":"REST"}],"circlet_count":0,"master_deck":["AscendersBane","hermit:Strike_Hermit","hermit:Strike_Hermit","hermit:Strike_Hermit","hermit:Strike_Hermit","hermit:Defend_Hermit","hermit:Defend_Hermit","hermit:Defend_Hermit","hermit:Defend_Hermit","hermit:Snapshot","hermit:Covet","hermit:ItchyTrigger","hermit:WideOpen+1","hermit:Spite","hermit:Vantage","hermit:LuckOfTheDraw","hermit:Midnight","hermit:TakeAim","hermit:Determination","hermit:Spite"],"relics":["hermit:DentedPlate","Nunchaku","Simple Rune","Potion Belt","Regal Pillow","FaceOfCleric"],"acts_visited":["Exordium"],"potions_floor_usage":[6,8,10,16,16],"damage_taken":[{"damage":2,"enemies":"Cultist","floor":1,"turns":4},{"damage":2,"enemies":"Jaw Worm","floor":2,"turns":4},{"damage":10,"enemies":"2 Louse","floor":4,"turns":3},{"damage":1,"enemies":"Looter","floor":5,"turns":3},{"damage":6,"enemies":"Gremlin Nob","floor":6,"turns":3},{"damage":12,"enemies":"Lagavulin","floor":8,"turns":7},{"damage":0,"enemies":"Gremlin Nob","floor":10,"turns":3},{"damage":13,"enemies":"Exordium Thugs","floor":11,"turns":4},{"damage":16,"enemies":"2 Fungi Beasts","floor":12,"turns":4},{"damage":10,"enemies":"Large Slime","floor":13,"turns":5},{"damage":71,"enemies":"Hexaghost","floor":16,"turns":9}],"seed_played":"-3122492759710646589","potions_obtained":[{"floor":1,"key":"Strength Potion"},{"floor":6,"key":"FearPotion"},{"floor":8,"key":"Fire Potion"},{"floor":10,"key":"Elixir"}],"is_trial":false,"path_per_floor":["M","M","$","M","M","E","R","E","T","E","M","M","M","?","R","B"],"character_chosen":"HERMIT","items_purchased":["hermit:Spite","BlessingOfTheForge"],"campfire_rested":1,"item_purchase_floors":[3,3],"current_hp_per_floor":[94,92,92,82,81,75,75,63,63,63,50,34,24,24,69,0,0],"gold":220,"neow_bonus":"BOSS_RELIC","is_daily":false,"chose_seed":false,"campfire_upgraded":1,"win_rate":0.0,"timestamp":1612072579,"path_taken":["M","M","$","?","M","E","R","E","T","E","M","?","M","?","R","BOSS"],"items_purchased_type":["Card","Potion"],"build_version":"2020-12-22","purchased_purges":0,"victory":false,"max_hp_per_floor":[103,103,103,103,103,103,103,103,103,103,103,103,103,103,103,103,103],"relic_stats":{"Nunchaku":[5],"Regal Pillow":15,"FaceOfCleric":0,"counters":[11,49],"obtain_stats":[{"Potion Belt":9,"Nunchaku":6,"Regal Pillow":10,"FaceOfCleric":14,"hermit:DentedPlate":0,"Simple Rune":8,"hermit:Momento":0},{"Potion Belt":6,"Nunchaku":5,"Regal Pillow":7,"FaceOfCleric":10,"hermit:DentedPlate":0,"Simple Rune":6,"hermit:Momento":0},{"Potion Belt":24,"Nunchaku":17,"Regal Pillow":27,"FaceOfCleric":40,"hermit:DentedPlate":0,"Simple Rune":24,"hermit:Momento":0}]},"card_choices":[{"not_picked":["hermit:BigShot","hermit:TrackingShot"],"picked":"hermit:ItchyTrigger","floor":1},{"not_picked":["hermit:LoneWolf","hermit:HighCaliber"],"picked":"hermit:WideOpen","floor":2},{"not_picked":["hermit:Headshot","hermit:Scavenge"],"picked":"hermit:Vantage","floor":4},{"not_picked":["hermit:Headshot","hermit:HighCaliber"],"picked":"hermit:LuckOfTheDraw","floor":5},{"not_picked":["hermit:HighNoon","hermit:Malice"],"picked":"hermit:Midnight","floor":6},{"not_picked":["hermit:Dive","hermit:Quickdraw"],"picked":"hermit:TakeAim","floor":8},{"not_picked":["hermit:LowProfile","hermit:Headshot"],"picked":"hermit:Determination","floor":10},{"not_picked":["hermit:HighCaliber","hermit:Glare"],"picked":"hermit:Spite","floor":11},{"not_picked":["hermit:BodyArmor","hermit:Roulette","hermit:HighCaliber"],"picked":"SKIP","floor":12},{"not_picked":["hermit:HighNoon","hermit:Cheat","hermit:Misfire"],"picked":"SKIP","floor":13}],"player_experience":993620,"relics_obtained":[{"floor":6,"key":"Nunchaku"},{"floor":8,"key":"Simple Rune"},{"floor":9,"key":"Potion Belt"},{"floor":10,"key":"Regal Pillow"}],"event_choices":[{"damage_healed":0,"gold_gain":0,"player_choice":"Trade","damage_taken":0,"relics_obtained":["FaceOfCleric"],"max_hp_gain":0,"max_hp_loss":0,"event_name":"FaceTrader","floor":14,"gold_loss":0}],"is_beta":false,"boss_relics":[],"items_purged_floors":[],"is_endless":false,"potions_floor_spawned":[1,4,6,8,10],"killed_by":"Hexaghost","ascension_level":20}}