{"host":"o5lch9xvacbb0fa4","time":1612110741,"event":{"mods":["AchievementEnabler","Act Like it!","Aspiration","Bard","BaseMod","Better Altar","Better Match","Better Note","Better Sensory Stone","Better Skull","Better Third Choice","Better Vampires","BetterRewards","CCEM","Colored Map","Conspire","Downfall","GifTheSpireLib","Googly Eyes","GungeonMod","Halation","Hermit","Highlight Path","Hubris","Infinite Spire","Jedi Mod","Jorbs\u0027s Wanderer Trilogy","Marisa????????","Marked Mod","Mimic Mod","Minty Spire (QoL Compilation)","Permanent Neow","Relic Filter","Relic Sorter","Relic Stats","Replay The Spire","Shade Mod","Shop Mod","Small Relic Pack","StSLib","Stuff the Spire","The Blackbeard","The Runesmith","Unceasing Turn Reminder","everything is the same but u backflip on backflip","slay the spire mod where everything is the same but ironclad has a cowboy hat"],"gold_per_floor":[109,109,109,119,119,148,167,167,190,221,235,246,257,28,28,123,123,136,136,136,157,310,310,315,315,315,315,315,315,315,315,35,40,40,55,55,55,55,28,28,28,28,28,28,28,28,28,28,28,155,155,183,183,183],"floor_reached":55,"playtime":2974,"items_purged":["Pain","Injury","Regret"],"score":620,"play_id":"557f7189-5fea-4b7b-a7ca-c7c536dfda81","local_time":"20210201003221","is_ascension_mode":false,"campfire_choices":[{"data":"DemoMod:TableSutra","floor":8,"key":"SMITH"},{"data":"DemoMod:GunShield","floor":15,"key":"SMITH"},{"data":"DemoMod:TableSutra","floor":23,"key":"SMITH"},{"data":"DemoMod:HardPowerCard","floor":27,"key":"SMITH"},{"data":"Secret Technique","floor":44,"key":"SMITH"},{"floor":48,"key":"RECALL"},{"data":"StuffTheSpire:BrainWave","floor":53,"key":"SMITH"}],"circlet_count":0,"master_deck":["DemoMod:Strike_Huntress","DemoMod:Defend_Huntress","DemoMod:Defend_Huntress","DemoMod:Defend_Huntress","DemoMod:Defend_Huntress","DemoMod:Roll","DemoMod:ManualReload","DemoMod:RustySidearm","DemoMod:CrossBow","DemoMod:Unmoved+1","Blade Dance","DemoMod:TeaPot+1","DemoMod:TableSutra+1","DemoMod:HardPowerCard+1","Infinite Blades+1","DemoMod:BoxingGlove+1","DemoMod:Unity+1","DemoMod:GunShield+1","DemoMod:SuppressiveFire+1","DemoMod:GunstockTap+1","DemoMod:TableSutra+1","DemoMod:GunShield","Panacea","DemoMod:HardPowerCard+1","DemoMod:Unmoved+1","DemoMod:RadGun+1","DemoMod:ChanceBullets+1","DemoMod:GunShield","DemoMod:Behold!","DemoMod:MachoBrace","StuffTheSpire:BrainWave+1","DemoMod:JK47+1","Secret Technique+1","DemoMod:BattleInHaste+1","DemoMod:GunstockTap+1","DemoMod:FinishedGun+1","DemoMod:TripleGun+1","DemoMod:BSG+1"],"relics":["m_SlimeRing","halation:PromiseList","aspiration:AnachronicSnailShell","StuffTheSpire:Tea","aspiration:Nostalgia","infinitespire:DarkRift","Molten Egg 2","infinitespire:Cubic Diamond","Replay:PocketPolymizer","White Beast Statue","jedi:cryingmask","Darkstone Periapt","Guide Book","conspire:SpecialSausage","WarpedTongs","jedi:ominousloannote","StuffTheSpire:Rhapsscallions","hubris:SlimyHat","DemoMod:ElasticCartridgeClip","infinitespire:CursedDice","Girya"],"acts_visited":["Exordium","TheCity","TheBeyond"],"potions_floor_usage":[6,10,16,18,21,29,35,46,49,54,54],"damage_taken":[{"damage":0,"enemies":"Small Slimes","floor":1,"turns":4},{"damage":1,"enemies":"2 Louse","floor":4,"turns":3},{"damage":20,"enemies":"Replay:BlueRogue","floor":6,"turns":7},{"damage":2,"enemies":"Jaw Worm","floor":7,"turns":2},{"damage":7,"enemies":"Lagavulin","floor":10,"turns":4},{"damage":1,"enemies":"Red Slaver","floor":11,"turns":3},{"damage":2,"enemies":"Looter","floor":12,"turns":2},{"damage":6,"enemies":"Large Slime","floor":13,"turns":4},{"damage":7,"enemies":"Hexaghost","floor":16,"turns":7},{"damage":5,"enemies":"Spheric Guardian","floor":18,"turns":3},{"damage":9,"enemies":"Chosen","floor":21,"turns":4},{"damage":3,"enemies":"Book of Stabbing","floor":24,"turns":5},{"damage":8,"enemies":"Centurion and Healer","floor":26,"turns":5},{"damage":13,"enemies":"Centurion and Healer","floor":28,"turns":8},{"damage":0,"enemies":"Shelled Parasite and Fungi","floor":29,"turns":5},{"damage":1,"enemies":"conspire:SneckoGhost","floor":33,"turns":7},{"damage":44,"enemies":"hubris:MusketHawk","floor":35,"turns":9},{"damage":3,"enemies":"Orb Walker","floor":37,"turns":4},{"damage":2,"enemies":"3 Shapes","floor":40,"turns":3},{"damage":20,"enemies":"R_Hoarder","floor":45,"turns":6},{"damage":0,"enemies":"Transient","floor":46,"turns":5},{"damage":0,"enemies":"Sphere and 2 Shapes","floor":47,"turns":5},{"damage":5,"enemies":"Sphere and 2 Shapes","floor":49,"turns":3},{"damage":0,"enemies":"3 Darklings","floor":52,"turns":3},{"damage":16,"enemies":"Replay:Hell Engine","floor":54,"turns":4}],"seed_played":"-998476680218739304","potions_obtained":[{"floor":4,"key":"Swift Potion"},{"floor":7,"key":"Block Potion"},{"floor":10,"key":"BlessingOfTheForge"},{"floor":11,"key":"Venom Potion"},{"floor":12,"key":"Energy Potion"},{"floor":16,"key":"Milkshake"},{"floor":18,"key":"Fruit Juice"},{"floor":21,"key":"Elixir"},{"floor":24,"key":"sneckomod:MuddlingPotion"},{"floor":28,"key":"Fire Potion"},{"floor":29,"key":"FairyPotion"},{"floor":33,"key":"ColorlessPotion"},{"floor":35,"key":"SpeedPotion"},{"floor":37,"key":"DuplicationPotion"},{"floor":46,"key":"LiquidBronze"},{"floor":49,"key":"Guardian:BlockOnCardUsePotion"}],"is_trial":false,"path_per_floor":["M","?","?","M","?","E","M","R","T","E","M","M","M","$","R","B",null,"M","?","?","M","$","R","E","?","MIM","R","M","M","PTL","PTL","$","E","R_BF","B",null,"M","?","$","M","PTL","PTL","?","R","E","M","MIM","R","M","?","AVR","M","R","B",null],"character_chosen":"HUNTRESS","items_purchased":["Guide Book","DemoMod:GunShield","jedi:ominousloannote","DemoMod:GunShield","Panacea","hubris:SlimyHat","DemoMod:ChanceBullets+1","DemoMod:GunShield","DemoMod:JK47+1"],"campfire_rested":0,"item_purchase_floors":[14,14,22,22,22,32,32,32,39],"current_hp_per_floor":[70,70,70,69,69,49,47,47,47,40,39,37,31,31,31,24,70,70,70,76,67,67,67,64,64,58,58,45,45,45,45,45,44,68,24,83,80,75,75,73,73,73,73,73,53,53,53,53,48,54,54,54,54,38],"gold":183,"neow_bonus":"NOSTALGIA","is_daily":false,"chose_seed":false,"campfire_upgraded":6,"win_rate":0.0,"timestamp":1612110741,"path_taken":["M","?","?","M","?","E","M","R","T","E","M","?","M","?","R","BOSS","M","?","?","M","$","R","E","?","MIM","R","?","M","PTL","PTL","?","E","R_BF","BOSS","M","?","$","M","PTL","PTL","?","R","E","M","MIM","R","M","?","AVR","M","R","BOSS"],"items_purchased_type":["Relic","Card","Relic","Card","Card","Relic","Card","Card","Card"],"build_version":"2020-12-13","purchased_purges":3,"victory":true,"max_hp_per_floor":[70,70,70,70,70,70,70,70,70,70,70,70,70,70,70,70,70,75,75,81,81,81,81,81,81,83,83,83,83,83,83,83,83,83,83,83,83,75,75,75,75,75,75,75,75,75,75,75,75,81,81,81,81,81],"relic_stats":{"Darkstone Periapt":12,"counters":[150,659],"obtain_stats":[{"Replay:Accelerometer":21,"StuffTheSpire:Rhapsscallions":26,"infinitespire:Cubic Diamond":3,"Bottled Tornado":19,"Boot":0,"jedi:shrinkray":0,"relicPack:OneForAll":2,"Replay:Ringing Soul":26,"Replay:Bronze Core":17,"CCEMRelics:DissonantTune":27,"Replay:Bottled Flurry":7,"halation:PromiseList":24,"infinitespire:EvilPickle":33,"CCEMRelics:FestiveHat":0,"aspiration:SilentSkillbook":34,"CultistMask":13,"conspire:BottledYoYo":9,"hubris:TenFootPole":13,"infinitespire:PuzzleCube":26,"Lantern":0,"StuffTheSpire:EmeraldSignet":2,"Bag of Preparation":8,"jedi:archwizardhat":6,"Ancient Tea Set":8,"Pet Ghost":9,"m_SlimeRing":3,"hubris:Backtick":17,"infinitespire:Bottled Soul":11,"aspiration:AnachronicSnailShell":33,"halation:Toothbrush":9,"hubris:CuriousFeather":0,"CCEMRelics:JestersCrown":6,"Ring of the Snake":0,"aspiration:ChemicalBlood":25,"StuffTheSpire:TintedRock":11,"Lee\u0027s Waffle":0,"Damaru":14,"StuffTheSpire:Expresso":36,"jedi:crownofsimplicity":0,"Frozen Egg 2":9,"Durian":22,"Bottled Lightning":9,"ReplayTheSpireMod:Lightbulb":9,"halation:PinkSoulGem":4,"DemoMod:GlassGuonStoneRelic":1,"aspiration:BardSkillbook":17,"Centennial Puzzle":7,"infinitespire:SolderingIron":0,"Prayer Wheel":12,"Girya":51,"hubris:Teleporter":14,"Happy Flower":3,"aspiration:Nostalgia":0,"hubris:HollowSoul":0,"halation:Thesaurus":21,"WarpedTongs":19,"hubris:Zylophone":31,"conspire:GiftBox":4,"jedi:hotpepper":17,"relicPack:KazumaCape":17,"Bronze Scales":8,"Molten Egg 2":7,"StuffTheSpire:DarkSteelAnvil":14,"Grinning Jar":20,"CatCart":38,"Darkstone Periapt":10,"Replay:PocketPolymizer":5,"SacredBark":25,"conspire:SpecialSausage":17,"jedi:command_boss":25,"Incense Burner":26,"hubris:SlimyHat":0,"relicPack:DarknessArmor":0,"CCEMRelics:TechnogenicHelmet":26,"Replay:Mystery Machine":5,"PrismaticShard":24,"conspire:TopHat":6,"Chameleon Ring":9,"StuffTheSpire:HeavyRock":6,"jedi:matchstick":9,"jedi:cryingmask":9,"DemoMod:ElasticCartridgeClip":36,"halation:LettersToHer":0,"Cracked Core":7,"StuffTheSpire:Tea":45,"DemoMod:Dog":6,"infinitespire:CursedDice":47,"Guide Book":14,"White Beast Statue":0,"CCEMRelics:SpiritsEdge":9,"jedi:fakemustache":0,"Anchor":0,"infinitespire:DarkRift":0,"jedi:ominousloannote":0,"halation:EternalFortune":3,"Snack Pack":11,"PureWater":6,"jedi:arcanewood":12},{"Replay:Accelerometer":118,"StuffTheSpire:Rhapsscallions":138,"infinitespire:Cubic Diamond":126,"Bottled Tornado":63,"Boot":29,"jedi:shrinkray":29,"relicPack:OneForAll":1,"Replay:Ringing Soul":11,"Replay:Bronze Core":39,"CCEMRelics:DissonantTune":105,"Replay:Bottled Flurry":71,"halation:PromiseList":137,"infinitespire:EvilPickle":47,"CCEMRelics:FestiveHat":66,"aspiration:SilentSkillbook":47,"CultistMask":72,"conspire:BottledYoYo":35,"hubris:TenFootPole":60,"infinitespire:PuzzleCube":104,"Lantern":0,"StuffTheSpire:EmeraldSignet":108,"Bag of Preparation":26,"jedi:archwizardhat":93,"Ancient Tea Set":19,"Pet Ghost":87,"m_SlimeRing":126,"hubris:Backtick":62,"infinitespire:Bottled Soul":59,"aspiration:AnachronicSnailShell":141,"halation:Toothbrush":71,"hubris:CuriousFeather":107,"CCEMRelics:JestersCrown":17,"Ring of the Snake":0,"aspiration:ChemicalBlood":104,"StuffTheSpire:TintedRock":21,"Lee\u0027s Waffle":90,"Damaru":38,"StuffTheSpire:Expresso":49,"jedi:crownofsimplicity":29,"Frozen Egg 2":95,"Durian":42,"Bottled Lightning":58,"ReplayTheSpireMod:Lightbulb":19,"halation:PinkSoulGem":83,"DemoMod:GlassGuonStoneRelic":1,"aspiration:BardSkillbook":74,"Centennial Puzzle":57,"infinitespire:SolderingIron":14,"Prayer Wheel":22,"Girya":148,"hubris:Teleporter":73,"Happy Flower":92,"aspiration:Nostalgia":125,"hubris:HollowSoul":52,"halation:Thesaurus":118,"WarpedTongs":40,"hubris:Zylophone":106,"conspire:GiftBox":25,"jedi:hotpepper":8,"relicPack:KazumaCape":115,"Bronze Scales":112,"Molten Egg 2":3,"StuffTheSpire:DarkSteelAnvil":28,"Grinning Jar":9,"CatCart":50,"Darkstone Periapt":130,"Replay:PocketPolymizer":127,"SacredBark":43,"conspire:SpecialSausage":134,"jedi:command_boss":43,"Incense Burner":43,"hubris:SlimyHat":90,"relicPack:DarknessArmor":29,"CCEMRelics:TechnogenicHelmet":122,"Replay:Mystery Machine":17,"PrismaticShard":10,"conspire:TopHat":85,"Chameleon Ring":26,"StuffTheSpire:HeavyRock":34,"jedi:matchstick":112,"jedi:cryingmask":129,"DemoMod:ElasticCartridgeClip":142,"halation:LettersToHer":14,"Cracked Core":18,"StuffTheSpire:Tea":145,"DemoMod:Dog":93,"infinitespire:CursedDice":147,"Guide Book":133,"White Beast Statue":90,"CCEMRelics:SpiritsEdge":4,"jedi:fakemustache":14,"Anchor":90,"infinitespire:DarkRift":125,"jedi:ominousloannote":29,"halation:EternalFortune":16,"Snack Pack":89,"PureWater":34,"jedi:arcanewood":6},{"Replay:Accelerometer":505,"StuffTheSpire:Rhapsscallions":597,"infinitespire:Cubic Diamond":548,"Bottled Tornado":263,"Boot":139,"jedi:shrinkray":139,"relicPack:OneForAll":2,"Replay:Ringing Soul":52,"Replay:Bronze Core":172,"CCEMRelics:DissonantTune":439,"Replay:Bottled Flurry":298,"halation:PromiseList":592,"infinitespire:EvilPickle":206,"CCEMRelics:FestiveHat":278,"aspiration:SilentSkillbook":206,"CultistMask":301,"conspire:BottledYoYo":156,"hubris:TenFootPole":254,"infinitespire:PuzzleCube":433,"Lantern":0,"StuffTheSpire:EmeraldSignet":446,"Bag of Preparation":117,"jedi:archwizardhat":379,"Ancient Tea Set":96,"Pet Ghost":361,"m_SlimeRing":548,"hubris:Backtick":260,"infinitespire:Bottled Soul":252,"aspiration:AnachronicSnailShell":617,"halation:Toothbrush":298,"hubris:CuriousFeather":444,"CCEMRelics:JestersCrown":82,"Ring of the Snake":0,"aspiration:ChemicalBlood":433,"StuffTheSpire:TintedRock":105,"Lee\u0027s Waffle":368,"Damaru":166,"StuffTheSpire:Expresso":214,"jedi:crownofsimplicity":139,"Frozen Egg 2":389,"Durian":181,"Bottled Lightning":247,"ReplayTheSpireMod:Lightbulb":96,"halation:PinkSoulGem":344,"DemoMod:GlassGuonStoneRelic":2,"aspiration:BardSkillbook":313,"Centennial Puzzle":244,"infinitespire:SolderingIron":65,"Prayer Wheel":106,"Girya":652,"hubris:Teleporter":305,"Happy Flower":375,"aspiration:Nostalgia":544,"hubris:HollowSoul":226,"halation:Thesaurus":505,"WarpedTongs":174,"hubris:Zylophone":443,"conspire:GiftBox":114,"jedi:hotpepper":41,"relicPack:KazumaCape":488,"Bronze Scales":471,"Molten Egg 2":10,"StuffTheSpire:DarkSteelAnvil":125,"Grinning Jar":45,"CatCart":220,"Darkstone Periapt":564,"Replay:PocketPolymizer":551,"SacredBark":188,"conspire:SpecialSausage":580,"jedi:command_boss":188,"Incense Burner":188,"hubris:SlimyHat":368,"relicPack:DarknessArmor":139,"CCEMRelics:TechnogenicHelmet":527,"Replay:Mystery Machine":82,"PrismaticShard":46,"conspire:TopHat":354,"Chameleon Ring":117,"StuffTheSpire:HeavyRock":153,"jedi:matchstick":471,"jedi:cryingmask":560,"DemoMod:ElasticCartridgeClip":626,"halation:LettersToHer":65,"Cracked Core":83,"StuffTheSpire:Tea":639,"DemoMod:Dog":377,"infinitespire:CursedDice":649,"Guide Book":573,"White Beast Statue":368,"CCEMRelics:SpiritsEdge":18,"jedi:fakemustache":65,"Anchor":368,"infinitespire:DarkRift":544,"jedi:ominousloannote":139,"halation:EternalFortune":75,"Snack Pack":367,"PureWater":150,"jedi:arcanewood":24}],"WarpedTongs":[76]},"card_choices":[{"not_picked":["DemoMod:ZorGun","DemoMod:HuntsMan"],"picked":"DemoMod:Unmoved","floor":1},{"not_picked":["DemoMod:JK47+1","Hidden Blade"],"picked":"Blade Dance","floor":4},{"not_picked":["DemoMod:MegaHand+1","DemoMod:DarkMarker+1"],"picked":"DemoMod:TeaPot+1","floor":6},{"not_picked":["DemoMod:Ejector","DemoMod:AC15+1"],"picked":"DemoMod:TableSutra","floor":7},{"not_picked":["DemoMod:MachoBrace","DemoMod:TeaPot+1"],"picked":"DemoMod:HardPowerCard","floor":10},{"not_picked":["DemoMod:HardPowerCard","A Thousand Cuts"],"picked":"Infinite Blades","floor":11},{"not_picked":["DemoMod:AC15+1","DemoMod:DirectionalPad+1"],"picked":"DemoMod:BoxingGlove+1","floor":12},{"not_picked":["DemoMod:BattleInHaste","DemoMod:AC15+1"],"picked":"DemoMod:Unity+1","floor":13},{"not_picked":["DemoMod:FinishedGun+1","DemoMod:BalloonGun+1"],"picked":"DemoMod:SuppressiveFire","floor":16},{"not_picked":["DemoMod:SniperShot+1","DemoMod:TeaPot+1"],"picked":"DemoMod:GunstockTap+1","floor":18},{"not_picked":["DemoMod:ZorGun+1","DemoMod:HighKaliber+1"],"picked":"DemoMod:TableSutra","floor":21},{"not_picked":["DemoMod:Rummage+1","DemoMod:TableSutra"],"picked":"DemoMod:HardPowerCard+1","floor":24},{"not_picked":["DemoMod:Camera+1","DemoMod:DirectionalPad+1"],"picked":"DemoMod:Unmoved","floor":26},{"not_picked":["DemoMod:SniperShot","DemoMod:DoubleSwitch"],"picked":"DemoMod:RadGun+1","floor":28},{"not_picked":["DemoMod:RadGun+1","DemoMod:AC15+1","DemoMod:AWP+1"],"picked":"SKIP","floor":29},{"not_picked":["DemoMod:Desperate","DemoMod:LifeOrb+1","DemoMod:Ejector"],"picked":"SKIP","floor":33},{"not_picked":["DemoMod:Eureka","DemoMod:Desperate"],"picked":"DemoMod:Behold!","floor":35},{"not_picked":["DemoMod:HuntsMan+1","DemoMod:Camera+1"],"picked":"DemoMod:MachoBrace","floor":37},{"not_picked":["DemoMod:CombinedRifle+1","DemoMod:Camera+1","DemoMod:DirectionalPad+1"],"picked":"SKIP","floor":40},{"not_picked":["Replay:Dark Deal","expansioncontent:DarkVoid+1"],"picked":"Secret Technique","floor":43},{"not_picked":["DemoMod:SniperShot","DemoMod:HungryBullets"],"picked":"DemoMod:BattleInHaste+1","floor":45},{"not_picked":["DemoMod:BoxingGlove+1","DemoMod:DirectionalPad+1","DemoMod:LifeOrb+1"],"picked":"SKIP","floor":46},{"not_picked":["DemoMod:BoxingGlove+1","DemoMod:StickyCrossBow+1"],"picked":"DemoMod:GunstockTap+1","floor":47},{"not_picked":["DemoMod:ConditionalReflex+1","DemoMod:GunShield"],"picked":"DemoMod:FinishedGun+1","floor":49},{"not_picked":["DemoMod:FastSwitch","DemoMod:MegaHand+1"],"picked":"DemoMod:TripleGun+1","floor":52}],"player_experience":28896,"relics_obtained":[{"floor":5,"key":"Replay:PocketPolymizer"},{"floor":6,"key":"White Beast Statue"},{"floor":9,"key":"jedi:cryingmask"},{"floor":10,"key":"Darkstone Periapt"},{"floor":24,"key":"halation:PromiseList"},{"floor":26,"key":"StuffTheSpire:Rhapsscallions"},{"floor":33,"key":"aspiration:AnachronicSnailShell"},{"floor":45,"key":"StuffTheSpire:Tea"},{"floor":47,"key":"infinitespire:CursedDice"}],"event_choices":[{"damage_healed":0,"gold_gain":0,"player_choice":"Upgraded","damage_taken":0,"max_hp_gain":0,"max_hp_loss":0,"event_name":"Upgrade Shrine","floor":19,"gold_loss":0,"cards_upgraded":["DemoMod:SuppressiveFire"]},{"damage_healed":0,"gold_gain":0,"player_choice":"Rummage","damage_taken":0,"relics_obtained":["WarpedTongs"],"max_hp_gain":0,"max_hp_loss":0,"event_name":"Accursed Blacksmith","floor":20,"gold_loss":0,"cards_obtained":["Pain"]},{"cards_removed":["DemoMod:TableSutra"],"damage_healed":0,"gold_gain":0,"player_choice":"Give","damage_taken":0,"max_hp_gain":0,"max_hp_loss":0,"event_name":"betterNote:BetterNote","floor":25,"gold_loss":0,"cards_obtained":["DemoMod:TableSutra"]},{"damage_healed":0,"gold_gain":3,"player_choice":"1","damage_taken":0,"max_hp_gain":0,"max_hp_loss":0,"event_name":"betterStone:BetterStone","floor":43,"gold_loss":0},{"damage_healed":0,"gold_gain":275,"player_choice":"Desecrate","damage_taken":0,"max_hp_gain":0,"max_hp_loss":0,"event_name":"Golden Shrine","floor":50,"gold_loss":0,"cards_obtained":["Regret"]}],"is_beta":false,"boss_relics":[{"not_picked":["halation:LoveArrow","hubris:VirtuousBlindfold"],"picked":"conspire:SpecialSausage"},{"not_picked":["halation:Risk","halation:ForbiddenBikini"],"picked":"DemoMod:ElasticCartridgeClip"}],"items_purged_floors":[22,22,51],"is_endless":false,"potions_floor_spawned":[4,7,10,11,12,13,16,18,21,24,28,29,33,35,37,40,46,47,49,52],"ascension_level":0}}