{"host":"pcbz64t4k17ey4z1","time":1612131779,"event":{"mods":["2.2 Compatiblity","AchievementEnabler","Act Like it!","Aspiration","BaseMod","Beaked The Cultist","Better Match","Better Third Choice","BetterRewards","Card Forge","Colored Map","Colored Powertips","Conspire","Disable Question Mark Monsters","Fireblade Mod","Friendly Minions","Gensokyo","GifTheSpireLib","Glutton Mod","Googly Eyes","Gremlin Mod","Hermit","Hubris","Infinite Spire","Koishi","Marisa????????","Minty Spire (QoL Compilation)","Permanent Neow","Potionbrewer","Quick Restart","Random Character Button","Rare Cards Sparkle","Relic Filter","Replay The Spire","Robot Space Explorer","Shade Mod","Shop Mod","Spicy Shops","StSLib","Stuff the Spire","SuperFastMode","The Cursed","The Druid","The Gatherer","The Hierophant","The IronCluck","The Jungle","The Marked","The Runesmith","Virulent Crown","Waifu the Spire","Wandering Minibosses"],"gold_per_floor":[119,131,141,152,170,170,182,182,208,235,235,266,266,297,297,374,374,393,393,413,413,383,410,410,424,424,437,447,447,479,479,479,558,558,568,586,360,414,426,457,457,476,545,564,595,595,615,635,635,635,635,635,40,71,71],"floor_reached":56,"language":"ENG","playtime":2389,"items_purged":[],"score":2302,"play_id":"3fbbcd09-2c63-4b0d-8ef9-ee98adc47dd4","local_time":"20210131222259","is_ascension_mode":true,"campfire_choices":[{"data":"theDruid:Fortitude","floor":6,"key":"SMITH"},{"data":"theDruid:Impale","floor":8,"key":"SMITH"},{"floor":15,"key":"REST"},{"floor":24,"key":"REST"},{"floor":32,"key":"REST"},{"data":"theDruid:IronbarkArmor","floor":41,"key":"SMITH"},{"floor":46,"key":"RECALL"},{"data":"theDruid:BristlingDefense","floor":49,"key":"SMITH"},{"data":"theDruid:BrambleLash","floor":52,"key":"SMITH"}],"circlet_count":0,"master_deck":["AscendersBane","theDruid:Defend_O+1","theDruid:Defend_O+1","theDruid:Defend_O+1","theDruid:Defend_O+1","theDruid:BriarArmor+1","theDruid:WildSlash+1","theDruid:AstralShield+1","theDruid:Fortitude+1","theDruid:Impale+1","theDruid:ThornStrike+1","theDruid:ThornStrike+1","theDruid:ThornStrike+1","theDruid:Eclipse+1","theDruid:SurvivalCache+1","theDruid:ExposingSlash+1","theDruid:Recoil+1","theDruid:Recoil+1","theDruid:IronbarkArmor+1","Bandage Up","theDruid:BrambleLash+1","theDruid:HailofThorns","theDruid:BristlingDefense+1","theDruid:BristlingDefense+1","theDruid:BristlingDefense+1"],"relics":["theDruid:CrownOfTheWilds","Hammer of Thor","Seething Fire","Anvil of the Gods","aspiration:Nostalgia","Glutton:EternalHunger","Replay:Rubber Ducky","aspiration:FetidBarrel","hubris:Metronome","Happy Flower","Incense Burner","StuffTheSpire:GrapeVine","hubris:VirtuousBlindfold","hubris:Icosahedron","Simple Rune","aspiration:HatOfInfinitePower","hubris:PeanutButter","Strange Spoon","Sozu","Painkiller Herb","ReplayFunnel","CatCart","wanderingMiniBosses:AbyssPearl","StuffTheSpire:RubySignet","Shuriken","theDruid:BoarsTusk","hubris:GlazedTorus","Replay:Baseball"],"acts_visited":["Exordium","TheCity","TheBeyond","TheEnding"],"potions_floor_usage":[4,22,33,33],"damage_taken":[{"damage":3,"enemies":"Small Slimes","floor":1,"turns":3},{"damage":2,"enemies":"conspire:RoseBush","floor":2,"turns":2},{"damage":3,"enemies":"Jaw Worm","floor":3,"turns":3},{"damage":10,"enemies":"Large Slime","floor":4,"turns":9},{"damage":4,"enemies":"Blue Slaver","floor":5,"turns":6},{"damage":2,"enemies":"Looter","floor":7,"turns":3},{"damage":4,"enemies":"Replay:BlueRogue","floor":10,"turns":7},{"damage":3,"enemies":"3 Sentries","floor":12,"turns":6},{"damage":2,"enemies":"Replay:BlueRogue","floor":14,"turns":5},{"damage":3,"enemies":"Hexaghost","floor":16,"turns":6},{"damage":1,"enemies":"conspire:FuzzyDice","floor":18,"turns":4},{"damage":3,"enemies":"Shell Parasite","floor":20,"turns":4},{"damage":18,"enemies":"Centurion and Healer","floor":22,"turns":5},{"damage":9,"enemies":"conspire:SneckoGhost","floor":23,"turns":5},{"damage":3,"enemies":"Chosen and Byrds","floor":25,"turns":5},{"damage":9,"enemies":"3 Cultists","floor":27,"turns":7},{"damage":1,"enemies":"Centurion and Healer","floor":28,"turns":4},{"damage":2,"enemies":"Book of Stabbing","floor":30,"turns":4},{"damage":8,"enemies":"conspire:MysteriousRune","floor":33,"turns":5},{"damage":0,"enemies":"Orb Walker","floor":35,"turns":2},{"damage":0,"enemies":"3 Shapes","floor":36,"turns":3},{"damage":25,"enemies":"Orin","floor":38,"turns":10},{"damage":10,"enemies":"Transient","floor":39,"turns":5},{"damage":0,"enemies":"Nightmare","floor":40,"turns":6},{"damage":0,"enemies":"3 Darklings","floor":42,"turns":5},{"damage":0,"enemies":"Sphere and 2 Shapes","floor":44,"turns":4},{"damage":0,"enemies":"Nemesis","floor":45,"turns":5},{"damage":0,"enemies":"Transient","floor":47,"turns":5},{"damage":0,"enemies":"Spire Growth","floor":48,"turns":4},{"damage":34,"enemies":"Awakened One","floor":50,"turns":9},{"damage":9,"enemies":"Shield and Spear","floor":54,"turns":5},{"damage":49,"enemies":"The Heart","floor":55,"turns":6}],"seed_played":"-255135690005537493","potions_obtained":[{"floor":1,"key":"Dexterity Potion"},{"floor":2,"key":"Swift Potion"},{"floor":5,"key":"SpeedPotion"},{"floor":16,"key":"potionbrewer:MidasPotion"},{"floor":22,"key":"Dexterity Potion"}],"is_trial":false,"path_per_floor":["M","M","M","M","M","R","M","R","T","E","?","E","?","E","R","B",null,"M","?","M","?","M","E","R","M","T","M","M","?","E","AVR","R","B",null,"?","?","T","?","?","NM","T","?","T","?","E","T","?","?","T","B",null,"T","T","E","B",null],"character_chosen":"DRUID","items_purchased":["ReplayFunnel","Bandage Up","theDruid:BoarsTusk","hubris:GlazedTorus","theDruid:BristlingDefense"],"campfire_rested":3,"item_purchase_floors":[37,37,53,53,53],"current_hp_per_floor":[58,56,53,43,39,39,37,37,37,33,33,30,24,22,42,39,61,60,60,57,57,39,30,50,47,47,38,37,37,35,35,55,47,63,68,68,68,43,47,68,68,68,68,68,68,68,68,68,68,38,62,68,68,59,19],"gold":71,"neow_bonus":"NOSTALGIA","is_daily":false,"chose_seed":false,"campfire_upgraded":5,"win_rate":0.0,"timestamp":1612131779,"path_taken":["M","M","M","M","M","R","M","R","T","E","?","E","?","E","R","BOSS","M","?","M","?","M","E","R","M","T","M","M","?","E","AVR","R","BOSS","?","?","T","?","?","NM","T","?","T","?","E","T","?","?","T","BOSS","T","T","E","BOSS"],"items_purchased_type":["Relic","Card","Relic","Relic","Card"],"build_version":"2020-12-22","purchased_purges":0,"victory":true,"max_hp_per_floor":[68,68,68,68,68,68,68,68,68,68,68,68,68,68,68,68,68,68,68,68,68,68,68,68,68,68,68,68,68,68,68,68,68,68,68,68,68,68,68,68,68,68,68,68,68,68,68,68,68,68,68,68,68,68,68],"card_choices":[{"not_picked":["theDruid:PlagueClaw","theDruid:TakeShelter"],"picked":"theDruid:AstralShield","floor":1},{"not_picked":["theDruid:BloodiedFur","theDruid:FelineGrace","theDruid:IronClaw"],"picked":"SKIP","floor":2},{"not_picked":["theDruid:ThickHide","theDruid:PlagueClaw"],"picked":"theDruid:Fortitude","floor":3},{"not_picked":["theDruid:PlagueClaw","theDruid:WildArmor"],"picked":"theDruid:Thornburst","floor":4},{"not_picked":["theDruid:BlessedStrike","theDruid:ThickHide"],"picked":"theDruid:Impale","floor":5},{"not_picked":["theDruid:Resupply","theDruid:Starfall"],"picked":"theDruid:ThornStrike","floor":7},{"not_picked":["theDruid:IronClaw","theDruid:Swipe"],"picked":"theDruid:ThornStrike","floor":10},{"not_picked":["theDruid:ForestsSoul","theDruid:PouncingStrike"],"picked":"theDruid:ThornStrike","floor":12},{"not_picked":["theDruid:WildArmor","theDruid:BackupSupplies"],"picked":"theDruid:Eclipse","floor":14},{"not_picked":["theDruid:SurvivalInstincts","theDruid:HerbalismKit"],"picked":"theDruid:SurvivalCache","floor":16},{"not_picked":["theDruid:TakeShelter+1","theDruid:Adaptation","theDruid:WallofRoots+1"],"picked":"SKIP","floor":18},{"not_picked":["theDruid:ForestGuard","theDruid:Stampede"],"picked":"theDruid:ExposingSlash","floor":20},{"not_picked":["theDruid:Gore","theDruid:Swipe","theDruid:ThickHide"],"picked":"SKIP","floor":22},{"not_picked":["theDruid:AstralShield","theDruid:PlagueClaw","theDruid:Thornburst"],"picked":"SKIP","floor":23},{"not_picked":["theDruid:AstralShield","theDruid:Gore"],"picked":"theDruid:Recoil","floor":25},{"not_picked":["theDruid:Starfall","theDruid:BristlingBulwark"],"picked":"theDruid:Recoil+1","floor":27},{"not_picked":["theDruid:SpiritCall","theDruid:IronClaw","theDruid:Starfall"],"picked":"SKIP","floor":28},{"not_picked":["theDruid:Resupply","theDruid:FelineGrace","theDruid:Slingshot"],"picked":"SKIP","floor":30},{"not_picked":["theDruid:SurvivalInstincts","theDruid:CelestialSurge"],"picked":"theDruid:IronbarkArmor","floor":33},{"not_picked":["theDruid:Gore","theDruid:TwilightsCall","theDruid:Recoil"],"picked":"SKIP","floor":35},{"not_picked":["theDruid:Resupply","theDruid:RockSlide","theDruid:TakeShelter"],"picked":"SKIP","floor":36},{"not_picked":["theDruid:BloodiedFur","theDruid:FelineGrace","theDruid:Slingshot+1"],"picked":"SKIP","floor":39},{"not_picked":["theDruid:Untamed","theDruid:Recoil","theDruid:Rummage"],"picked":"SKIP","floor":40},{"not_picked":["theDruid:TakeShelter","theDruid:Gore+1"],"picked":"theDruid:BrambleLash","floor":42},{"not_picked":["theDruid:ForestsSoul","theDruid:FuriousSlash+1"],"picked":"theDruid:HailofThorns","floor":44},{"not_picked":["theDruid:ForestsSoul","theDruid:WildArmor","theDruid:BackupSupplies"],"picked":"SKIP","floor":45},{"not_picked":["theDruid:Slingshot","theDruid:Untamed","theDruid:ViralBites"],"picked":"SKIP","floor":47},{"not_picked":["theDruid:IronClaw","theDruid:Untamed"],"picked":"theDruid:BristlingDefense","floor":48},{"not_picked":["theDruid:WallofRoots","theDruid:Recoil","theDruid:Starburst"],"picked":"SKIP","floor":54}],"player_experience":3395022,"relics_obtained":[{"floor":9,"key":"Replay:Rubber Ducky"},{"floor":10,"key":"aspiration:FetidBarrel"},{"floor":12,"key":"hubris:Metronome"},{"floor":14,"key":"StuffTheSpire:GrapeVine"},{"floor":23,"key":"Simple Rune"},{"floor":26,"key":"aspiration:HatOfInfinitePower"},{"floor":30,"key":"hubris:PeanutButter"},{"floor":38,"key":"CatCart"},{"floor":38,"key":"wanderingMiniBosses:AbyssPearl"},{"floor":40,"key":"StuffTheSpire:RubySignet"},{"floor":45,"key":"Shuriken"},{"floor":54,"key":"Replay:Baseball"}],"event_choices":[{"damage_healed":0,"gold_gain":1,"player_choice":"Relic Relic ","damage_taken":6,"max_hp_gain":0,"max_hp_loss":0,"event_name":"betterThird:BetterScrap","floor":13,"gold_loss":0,"cards_obtained":["StuffTheSpire:Fury"]},{"damage_healed":0,"gold_gain":0,"player_choice":"Leave","damage_taken":0,"max_hp_gain":0,"max_hp_loss":0,"event_name":"conspire:Investor","floor":21,"gold_loss":0},{"damage_healed":0,"gold_gain":0,"player_choice":"Fight","damage_taken":0,"max_hp_gain":0,"max_hp_loss":0,"event_name":"OrinTheCat","floor":38,"gold_loss":0}],"is_beta":false,"boss_relics":[{"not_picked":["Kintsugi","hubris:Stopwatch"],"picked":"hubris:VirtuousBlindfold"},{"not_picked":["StuffTheSpire:ModemDavis","Ring of Chaos"],"picked":"Painkiller Herb"}],"items_purged_floors":[],"is_endless":false,"potions_floor_spawned":[1,2,5,14,16,20,22,25,30,33,36,38,39,42,47,54],"ascension_level":14}}