{"host":"rq7gz685gkaokql0","time":1612121683,"event":{"mods":["BaseMod","Hubris","Infinite Spire","Minty Spire (QoL Compilation)","Replay The Spire","StSLib"],"gold_per_floor":[113,126,2,15,15,15,26,42,42,71,71,90,240,240,240,314,314,331,368,368,368,382,382,411,411,411,40,3,3,21,39,39,39,39],"floor_reached":33,"language":"ENG","playtime":1224,"items_purged":["Pain","Pain"],"score":530,"play_id":"1b5b46d5-b445-45ce-937b-210b9e72df9d","local_time":"20210131093443","is_ascension_mode":true,"campfire_choices":[{"data":"Replay:Sssssssssshield","floor":6.0,"key":"SMITH"},{"data":"ReplayTheSpireMod:Corrosion Curse","floor":11.0,"key":"SMITH"},{"data":"Searing Blow","floor":15.0,"key":"SMITH"},{"floor":23,"key":"REST"},{"floor":25,"key":"REST"},{"floor":32,"key":"REST"}],"circlet_count":0,"master_deck":["AscendersBane","Strike_R","Strike_R+1","Strike_R","Strike_R","Strike_R","Defend_R","Defend_R","Defend_R","Defend_R","Replay:Sssssssssshield+1","Rage","Replay:Undeath\u0027s Touch+1","Flex+1","Carnage","Perfected Strike","ReplayTheSpireMod:Corrosion Curse+1","Searing Blow+1","Ghostly Armor","ReplayTheSpireMod:Stacked","Eruption","Reaper","Body Slam+1","Run Through","True Grit+1","infinitespire:DeathsTouch","ReplayTheSpireMod:Muscle Training","Ghostly Armor","Armaments","ReplayTheSpireMod:Muscle Training+1","hubris:ReadiedAction+1","Flame Barrier+1","Shrug It Off+1","ReplayTheSpireMod:Stacked+1"],"relics":["WarpedTongs","infinitespire:WardingShard","hubris:SphereOfDissonance","Replay:M_SmolderingBlood","SacredBark","hubris:ToyBattleship","Whetstone","Letter Opener","Toxic Egg 2","hubris:HerbalPaste"],"acts_visited":["Exordium","TheCity"],"potions_floor_usage":[16,16,22,24,30,33,33],"damage_taken":[{"damage":6.0,"enemies":"Cultist","floor":1.0,"turns":4.0},{"damage":10.0,"enemies":"Small Slimes","floor":2.0,"turns":4.0},{"damage":0.0,"enemies":"Jaw Worm","floor":4.0,"turns":3.0},{"damage":21.0,"enemies":"Red Slaver","floor":7.0,"turns":3.0},{"damage":0.0,"enemies":"2 Fungi Beasts","floor":8.0,"turns":3.0},{"damage":25.0,"enemies":"Lagavulin","floor":10.0,"turns":9.0},{"damage":5.0,"enemies":"Large Slime","floor":12.0,"turns":4.0},{"damage":28,"enemies":"The Guardian","floor":16,"turns":9},{"damage":25,"enemies":"2 Thieves","floor":18,"turns":4},{"damage":18,"enemies":"Shell Parasite","floor":22,"turns":4},{"damage":36,"enemies":"Book of Stabbing","floor":24,"turns":3},{"damage":21,"enemies":"Shelled Parasite and Fungi","floor":30,"turns":2},{"damage":0,"enemies":"Cultist and Chosen","floor":31,"turns":2},{"damage":93,"enemies":"Pondfish","floor":33,"turns":9}],"seed_played":"5428691059485572565","potions_obtained":[{"floor":2.0,"key":"LiquidBronze"},{"floor":7.0,"key":"LiquidBronze"},{"floor":16,"key":"EntropicBrew"},{"floor":19,"key":"Languid Potion"},{"floor":30,"key":"LiquidMemories"},{"floor":31,"key":"BloodPotion"}],"is_trial":false,"path_per_floor":["M","M","$","M","?","R","M","M","T","E","R","M","?","?","R","B",null,"M","?","AVR","?","M","R","E","R","T","$","$","?","M","M","R","B"],"character_chosen":"IRONCLAD","items_purchased":["Flex+1","Carnage","ReplayTheSpireMod:Muscle Training+1","hubris:HerbalPaste","hubris:ReadiedAction+1","Flame Barrier+1"],"campfire_rested":3,"item_purchase_floors":[3,3,27,27,27,28],"current_hp_per_floor":[68,64,64,70,70,70,55,61,61,42,42,43,43,43,43,15,60,35,35,35,35,17,39,3,25,25,25,25,25,9,14,36,0,0],"gold":39,"neow_bonus":"RANDOM_COLORLESS","is_daily":false,"chose_seed":false,"campfire_upgraded":3,"win_rate":0.0,"timestamp":1612121683,"path_taken":["M","M","?","M","?","R","M","M","T","E","R","?","?","?","R","BOSS","M","?","AVR","?","?","R","E","R","T","?","$","?","?","M","R","BOSS"],"items_purchased_type":["Card","Card","Card","Relic","Card","Card"],"build_version":"2020-12-22","purchased_purges":2,"victory":false,"max_hp_per_floor":[75,75,75,75,75,75,75,75,75,75,75,75,75,75,75,75,75,75,75,75,75,75,75,75,75,75,75,75,75,75,75,75,75,75],"card_choices":[{"not_picked":["PanicButton","Dark Shackles"],"picked":"Replay:Sssssssssshield","floor":0.0},{"not_picked":["Twin Strike","Iron Wave"],"picked":"Rage","floor":1.0},{"not_picked":["hubris:ReadiedAction","Abandon"],"picked":"Replay:Undeath\u0027s Touch","floor":2.0},{"not_picked":["Defy Death","Warcry"],"picked":"Perfected Strike","floor":4.0},{"not_picked":["Dropkick","Heavy Blade"],"picked":"ReplayTheSpireMod:Corrosion Curse","floor":7.0},{"not_picked":["Sword Boomerang","hubris:CleavingFinish"],"picked":"Searing Blow","floor":8.0},{"not_picked":["Body Slam","Life Link"],"picked":"Ghostly Armor","floor":10.0},{"not_picked":["Replay:Undeath\u0027s Touch","Headbutt"],"picked":"ReplayTheSpireMod:Stacked","floor":12.0},{"not_picked":["Eclipse","Double Tap"],"picked":"Reaper","floor":16},{"not_picked":["Clash","Clothesline"],"picked":"Body Slam+1","floor":18},{"not_picked":["Replay:Undeath\u0027s Touch","Shrug It Off"],"picked":"Run Through","floor":19},{"not_picked":["Replay:Undeath\u0027s Touch","Dual Wield"],"picked":"True Grit+1","floor":19},{"not_picked":["Run Through","Flex"],"picked":"Ghostly Armor","floor":22},{"not_picked":["Clash","ReplayTheSpireMod:Stacked"],"picked":"Armaments","floor":24},{"not_picked":["Inflame","Dark Embrace+1"],"picked":"Shrug It Off+1","floor":30},{"not_picked":["Barricade","Perfected Strike"],"picked":"ReplayTheSpireMod:Stacked+1","floor":31}],"player_experience":1227051,"relics_obtained":[{"floor":9.0,"key":"infinitespire:WardingShard"},{"floor":10.0,"key":"hubris:SphereOfDissonance"},{"floor":19,"key":"hubris:ToyBattleship"},{"floor":24,"key":"Letter Opener"},{"floor":26,"key":"Toxic Egg 2"}],"event_choices":[{"damage_healed":0.0,"max_hp_gain":0.0,"max_hp_loss":0.0,"gold_gain":0.0,"event_name":"Accursed Blacksmith","player_choice":"Rummage","floor":5.0,"gold_loss":0.0,"damage_taken":0.0,"relics_obtained":["WarpedTongs"],"cards_obtained":["Pain"]},{"damage_healed":0.0,"max_hp_gain":0.0,"max_hp_loss":0.0,"gold_gain":150.0,"event_name":"Liars Game","player_choice":"AGREE","floor":13.0,"gold_loss":0.0,"damage_taken":0.0,"cards_obtained":["Doubt"]},{"damage_healed":0,"gold_gain":0,"player_choice":"Read","damage_taken":0,"max_hp_gain":0,"max_hp_loss":0,"event_name":"The Library","floor":21,"gold_loss":0,"cards_obtained":["ReplayTheSpireMod:Muscle Training"]},{"cards_removed":["Doubt"],"damage_healed":0,"gold_gain":0,"player_choice":"Removed Curses","damage_taken":0,"max_hp_gain":0,"max_hp_loss":0,"event_name":"Fountain of Cleansing","floor":29,"gold_loss":0}],"is_beta":false,"boss_relics":[{"not_picked":["ReplayTheSpireMod:DimensionalGlitch","Abe\u0027s Treasure"],"picked":"SacredBark"}],"items_purged_floors":[20,27],"is_endless":false,"potions_floor_spawned":[2,7,12,16,30,31],"killed_by":"Pondfish","ascension_level":20}}