{"host":"6rz02yiipefhcw4r","time":1612056850,"event":{"mods":["2.2 Compatiblity","BaseMod","Block Reminder","Colored Map","Curses Come First","DeckTracker","Googly Eyes","Minty Spire (QoL Compilation)","Quick Restart","Rare Cards Sparkle","StSLib"],"gold_per_floor":[56,56,56,56,56,56,56,56,56,121,184,184,270,315,315,439,439,464,112,187,233,258,258],"floor_reached":22,"language":"ENG","playtime":1941,"items_purged":["Strike_R"],"score":384,"play_id":"8a015de7-c9fd-4f2d-baa6-64b9de1da0a4","local_time":"20210130233410","is_ascension_mode":true,"campfire_choices":[{"data":"HandOfGreed","floor":6,"key":"SMITH"},{"data":"Iron Wave","floor":8,"key":"SMITH"},{"data":"Bash","floor":12,"key":"SMITH"},{"data":"Dropkick","floor":15,"key":"SMITH"}],"circlet_count":0,"master_deck":["AscendersBane","Strike_R","Strike_R+1","Defend_R","Defend_R","Defend_R","Defend_R","Bash+1","HandOfGreed+1","Iron Wave+1","Dropkick+1","Reaper+1","Headbutt","Bludgeon","True Grit+1","Thunderclap","True Grit","Disarm"],"relics":["Burning Blood","Golden Idol","Art of War","Toy Ornithopter","Unceasing Top","Pocketwatch","Empty Cage","Whetstone"],"acts_visited":["Exordium","TheCity"],"potions_floor_usage":[11,13,18,20],"damage_taken":[{"damage":8,"enemies":"Small Slimes","floor":1,"turns":4},{"damage":7,"enemies":"2 Louse","floor":10,"turns":4},{"damage":18,"enemies":"Lagavulin","floor":11,"turns":6},{"damage":26,"enemies":"3 Sentries","floor":13,"turns":8},{"damage":0,"enemies":"Jaw Worm","floor":14,"turns":3},{"damage":24,"enemies":"Slime Boss","floor":16,"turns":9},{"damage":18,"enemies":"Spheric Guardian","floor":18,"turns":4},{"damage":42,"enemies":"3 Byrds","floor":20,"turns":8},{"damage":19,"enemies":"Snake Plant","floor":21,"turns":5},{"damage":17,"enemies":"Centurion and Healer","floor":22,"turns":5}],"seed_played":"7015106680472953203","potions_obtained":[{"floor":1,"key":"ColorlessPotion"},{"floor":5,"key":"AttackPotion"},{"floor":5,"key":"Swift Potion"},{"floor":11,"key":"SkillPotion"},{"floor":14,"key":"GamblersBrew"},{"floor":16,"key":"Block Potion"},{"floor":21,"key":"BlessingOfTheForge"}],"is_trial":false,"path_per_floor":["M","?","?","$","?","R","$","R","T","M","E","R","E","M","R","B",null,"M","$","M","M","M"],"character_chosen":"IRONCLAD","items_purchased":["Thunderclap","Whetstone","True Grit"],"campfire_rested":0,"item_purchase_floors":[19,19,19],"current_hp_per_floor":[66,66,55,55,55,55,55,55,55,54,47,47,46,56,56,47,63,56,56,27,19,12,12],"gold":258,"neow_bonus":"RANDOM_COLORLESS_2","is_daily":false,"chose_seed":false,"campfire_upgraded":4,"win_rate":0.0,"timestamp":1612056850,"path_taken":["M","?","?","?","?","R","$","R","T","M","E","R","E","?","R","BOSS","M","$","M","M","M"],"items_purchased_type":["Card","Relic","Card"],"build_version":"2020-12-22","purchased_purges":1,"victory":false,"max_hp_per_floor":[75,68,68,68,68,68,68,68,68,68,68,68,68,68,68,68,68,68,68,68,68,68,68],"card_choices":[{"not_picked":["Metamorphosis","Secret Weapon"],"picked":"HandOfGreed","floor":0},{"not_picked":["Warcry","Blood for Blood"],"picked":"Iron Wave","floor":1},{"not_picked":["Bloodletting","Wild Strike"],"picked":"Dropkick","floor":10},{"not_picked":["Heavy Blade","Infernal Blade"],"picked":"Reaper","floor":11},{"not_picked":["Rupture","Body Slam"],"picked":"Headbutt","floor":13},{"not_picked":["Headbutt","Wild Strike","Blood for Blood"],"picked":"SKIP","floor":14},{"not_picked":["Berserk","Barricade"],"picked":"Bludgeon","floor":16},{"not_picked":["Hemokinesis","Perfected Strike"],"picked":"True Grit+1","floor":18},{"not_picked":["Clash+1","Rage"],"picked":"Disarm","floor":20},{"not_picked":["Anger","Sword Boomerang","Combust"],"picked":"SKIP","floor":21}],"player_experience":765572,"relics_obtained":[{"floor":9,"key":"Toy Ornithopter"},{"floor":11,"key":"Unceasing Top"},{"floor":13,"key":"Pocketwatch"}],"event_choices":[{"damage_healed":0,"gold_gain":0,"player_choice":"Lose Max HP","damage_taken":0,"relics_obtained":["Golden Idol"],"max_hp_gain":0,"max_hp_loss":7,"event_name":"Golden Idol","floor":2,"gold_loss":0},{"damage_healed":0,"gold_gain":0,"player_choice":"Success","damage_taken":11,"relics_obtained":["Art of War"],"max_hp_gain":0,"max_hp_loss":0,"event_name":"Scrap Ooze","floor":3,"gold_loss":0},{"damage_healed":0,"gold_gain":0,"player_choice":"Got Potions","damage_taken":0,"max_hp_gain":0,"max_hp_loss":0,"event_name":"Lab","floor":5,"gold_loss":0}],"is_beta":false,"boss_relics":[{"not_picked":["Black Star","Tiny House"],"picked":"Empty Cage"}],"items_purged_floors":[19],"is_endless":false,"potions_floor_spawned":[1,11,14,16,21],"killed_by":"Centurion and Healer","ascension_level":20}}