{"host":"sian7qp8a9pc9xwd","time":1612105084,"event":{"mods":["BaseMod","Minty Spire (QoL Compilation)","StSLib","SuperFastMode"],"gold_per_floor":[113,113,125,3,19,38,38,66,66,66,66,86,86,86],"floor_reached":13,"language":"ENG","playtime":830,"items_purged":["Defend_R"],"score":132,"play_id":"161cc452-411b-4160-a529-a4a6bf38ee1a","local_time":"20210131095804","is_ascension_mode":true,"campfire_choices":[{"data":"Uppercut","floor":7,"key":"SMITH"}],"circlet_count":0,"master_deck":["AscendersBane","Strike_R","Strike_R","Strike_R","Defend_R","Defend_R","Defend_R","Bash","Rampage+1","Armaments","True Grit","Shrug It Off","Uppercut+1","Warcry","Bloodletting","Rage"],"relics":["Burning Blood","White Beast Statue","Paper Frog","Golden Idol","Blue Candle"],"acts_visited":["Exordium"],"potions_floor_usage":[8,13],"damage_taken":[{"damage":1,"enemies":"Cultist","floor":1,"turns":3},{"damage":6,"enemies":"Jaw Worm","floor":3,"turns":4},{"damage":1,"enemies":"Small Slimes","floor":5,"turns":4},{"damage":4,"enemies":"Exordium Wildlife","floor":6,"turns":6},{"damage":27,"enemies":"3 Sentries","floor":8,"turns":8},{"damage":22,"enemies":"3 Louse","floor":12,"turns":4},{"damage":35,"enemies":"Lagavulin","floor":13,"turns":8}],"seed_played":"1596796414309825386","potions_obtained":[{"floor":3,"key":"Strength Potion"},{"floor":6,"key":"BloodPotion"},{"floor":12,"key":"Strength Potion"}],"is_trial":false,"path_per_floor":["M","?","M","$","M","M","R","E","T","?","T","M","E"],"character_chosen":"IRONCLAD","items_purchased":["Shrug It Off"],"campfire_rested":0,"item_purchase_floors":[4],"current_hp_per_floor":[72,72,72,72,72,72,72,51,51,33,33,17,0,0],"gold":86,"neow_bonus":"TRANSFORM_TWO_CARDS","is_daily":false,"chose_seed":false,"campfire_upgraded":1,"win_rate":0.0,"timestamp":1612105084,"path_taken":["M","?","M","$","M","?","R","E","T","?","?","M","E"],"items_purchased_type":["Card"],"build_version":"2020-12-22","purchased_purges":1,"victory":false,"max_hp_per_floor":[72,72,72,72,72,72,72,72,72,72,72,72,72,72],"card_choices":[{"not_picked":["Headbutt","Armaments"],"picked":"True Grit","floor":1},{"not_picked":["Carnage","Flex","Heavy Blade"],"picked":"SKIP","floor":3},{"not_picked":["Pummel","Clash"],"picked":"Uppercut","floor":5},{"not_picked":["Cleave","Thunderclap"],"picked":"Warcry","floor":6},{"not_picked":["Flex","Searing Blow"],"picked":"Bloodletting","floor":8},{"not_picked":["Heavy Blade","Twin Strike"],"picked":"Rage","floor":12}],"player_experience":839619,"relics_obtained":[{"floor":8,"key":"White Beast Statue"},{"floor":9,"key":"Paper Frog"},{"floor":11,"key":"Blue Candle"}],"event_choices":[{"damage_healed":0,"gold_gain":0,"player_choice":"Upgraded","damage_taken":0,"max_hp_gain":0,"max_hp_loss":0,"event_name":"Upgrade Shrine","floor":2,"gold_loss":0,"cards_upgraded":["Rampage"]},{"damage_healed":0,"gold_gain":0,"player_choice":"Take Damage","damage_taken":18,"relics_obtained":["Golden Idol"],"max_hp_gain":0,"max_hp_loss":0,"event_name":"Golden Idol","floor":10,"gold_loss":0}],"is_beta":false,"boss_relics":[],"items_purged_floors":[4],"is_endless":false,"potions_floor_spawned":[3,6,12],"killed_by":"Lagavulin","ascension_level":11}}