{"host":"vdpaduzlq0qlaikq","time":1612076253,"event":{"mods":["AchievementEnabler","BaseMod","Better Third Choice","BetterRewards","Colored Map","Downfall","Gold Saver","Hermit","Jorbs\u0027s Wanderer Trilogy","Minty Spire (QoL Compilation)","Relic Filter","Spicy Shops","StSLib","The Necromancer"],"gold_per_floor":[333,351,367,379,399,418,496,165,65,78,104,104,4,17,36,137,137,137,154,174,174,174,208,208,308,49,49,49,59,76,76,96,197,197,197,217,232,232,232,232],"floor_reached":38,"language":"ENG","playtime":2122,"items_purged":[],"score":420,"play_id":"35d63fc6-1ac2-442c-9d2d-9f90fdd425ce","local_time":"20210131045733","is_ascension_mode":false,"campfire_choices":[{"floor":1,"key":"RECALL"},{"data":"bronze:Repair","floor":9,"key":"SMITH"},{"floor":13,"key":"REST"},{"data":"bronze:Overheat","floor":18,"key":"SMITH"},{"data":"bronze:Verify","floor":27,"key":"SMITH"},{"data":"bronze:Turbo","floor":35,"key":"SMITH"}],"circlet_count":0,"master_deck":["bronze:Strike","bronze:Strike","bronze:Strike","bronze:Strike","bronze:Defend","bronze:Defend","bronze:Defend","bronze:Defend","bronze:Replicate","bronze:Goto","bronze:WildBeam","bronze:Frontload","bronze:Iterate+1","bronze:Optimize","bronze:Iterate","bronze:Repair+1","bronze:Overheat+1","bronze:Repair","bronze:Turbo+1","bronze:Format","bronze:Shield+1","bronze:Verify+1","bronze:Invalidate+1","bronze:Assembly","bronze:Turbo+1","bronze:FineTuning+1"],"relics":["bronze:PlatinumCore","Pantograph","Meat on the Bone","downfall:HeartBlessingRed","Mummified Hand","downfall:HeartBlessingGreen","Runic Pyramid","Calipers","bronze:CableSpool","Bottled Tornado"],"acts_visited":["Exordium","TheCity","TheBeyond"],"potions_floor_usage":[6,6,20,23,28,33,33,33],"damage_taken":[{"damage":15,"enemies":"Jaw Worm","floor":2,"turns":5},{"damage":10,"enemies":"Small Slimes","floor":3,"turns":4},{"damage":6,"enemies":"2 Louse","floor":4,"turns":2},{"damage":8,"enemies":"Large Slime","floor":5,"turns":5},{"damage":0,"enemies":"2 Fungi Beasts","floor":6,"turns":3},{"damage":0,"enemies":"downfall:FleeingMerchant","floor":8,"turns":4},{"damage":0,"enemies":"Red Slaver","floor":10,"turns":3},{"damage":29,"enemies":"Lagavulin","floor":11,"turns":7},{"damage":10,"enemies":"Large Slime","floor":14,"turns":4},{"damage":6,"enemies":"Gremlin Gang","floor":15,"turns":5},{"damage":46,"enemies":"IC_STATUS_ARCHETYPE","floor":16,"turns":10},{"damage":0,"enemies":"Spheric Guardian","floor":19,"turns":3},{"damage":17,"enemies":"Centurion and Healer","floor":20,"turns":4},{"damage":57,"enemies":"Gremlin Leader","floor":23,"turns":5},{"damage":0,"enemies":"downfall:FleeingMerchant","floor":26,"turns":4},{"damage":0,"enemies":"Slavers","floor":28,"turns":1},{"damage":69,"enemies":"Snecko","floor":29,"turns":8},{"damage":23,"enemies":"Cultist and Chosen","floor":30,"turns":8},{"damage":0,"enemies":"Sentry and Sphere","floor":32,"turns":5},{"damage":48,"enemies":"SI_MIRROR_ARCHETYPE","floor":33,"turns":10},{"damage":11,"enemies":"3 Shapes","floor":36,"turns":6},{"damage":12,"enemies":"3 Darklings","floor":37,"turns":5},{"damage":86,"enemies":"Maw","floor":38,"turns":10}],"seed_played":"8803430076589877757","potions_obtained":[{"floor":0,"key":"LiquidBronze"},{"floor":0,"key":"SmokeBomb"},{"floor":0,"key":"EssenceOfSteel"},{"floor":11,"key":"SteroidPotion"},{"floor":15,"key":"DuplicationPotion"},{"floor":23,"key":"bronze:BurnAndBuffPotion"},{"floor":29,"key":"Fire Potion"},{"floor":30,"key":"sneckomod:MuddlingPotion"},{"floor":32,"key":"bronze:FreeFunctionsPotion"}],"is_trial":false,"path_per_floor":["R","M","M","M","M","M","T","$","R","M","E","?","R","M","M","B",null,"R","M","M","?","?","E","T","?","$","R","E","M","M","?","M","B",null,"R","M","M","M"],"character_chosen":"THE_AUTOMATON","items_purchased":["Meat on the Bone","bronze:Repair","Bottled Tornado"],"campfire_rested":1,"item_purchase_floors":[8,8,26],"current_hp_per_floor":[70,55,45,39,31,31,31,31,31,41,34,34,55,55,69,41,70,70,70,65,65,65,37,37,37,57,57,57,17,26,26,46,40,70,70,69,70,0,0,0],"gold":232,"neow_bonus":"THREE_SMALL_POTIONS","is_daily":false,"chose_seed":false,"campfire_upgraded":4,"win_rate":0.0,"timestamp":1612076253,"path_taken":["R","M","M","M","M","M","T","$","R","M","E","?","R","M","M","BOSS","R","M","M","?","?","E","T","?","$","R","E","M","M","?","M","BOSS","R","M","M","M"],"items_purchased_type":["Relic","Card","Relic"],"build_version":"2020-12-22","purchased_purges":0,"victory":false,"max_hp_per_floor":[70,70,70,70,70,70,70,70,70,70,70,70,70,70,70,70,70,70,70,70,70,70,70,70,70,70,70,70,70,70,70,70,70,70,70,70,70,70,70,70],"card_choices":[{"not_picked":["bronze:Return","bronze:BuggyMess"],"picked":"bronze:WildBeam","floor":2},{"not_picked":["bronze:Return","bronze:BugBarrage"],"picked":"bronze:Frontload","floor":3},{"not_picked":["bronze:ChildClass","bronze:Turbo"],"picked":"bronze:Iterate","floor":4},{"not_picked":["bronze:ClassDefault","bronze:Allocate"],"picked":"bronze:Optimize","floor":5},{"not_picked":["bronze:ItsAFeature","bronze:DelayedGuard"],"picked":"bronze:Iterate","floor":6},{"not_picked":["bronze:ChildClass","bronze:Boost","bronze:BugBarrage"],"picked":"SKIP","floor":8},{"not_picked":["bronze:GetLatest","bronze:FollowUp"],"picked":"bronze:Overheat","floor":10},{"not_picked":["bronze:ItsAFeature","bronze:WildBeam","bronze:ThunderWave"],"picked":"SKIP","floor":11},{"not_picked":["bronze:MaxOutput","bronze:Iterate"],"picked":"bronze:Repair","floor":14},{"not_picked":["bronze:DigitalCarnage","bronze:ForceShield"],"picked":"bronze:Turbo","floor":15},{"not_picked":["bronze:ThunderWave","bronze:CleanCode"],"picked":"bronze:Format","floor":16},{"not_picked":["bronze:CutThrough","bronze:Turbo","bronze:Philosophize"],"picked":"SKIP","floor":19},{"not_picked":["bronze:Fortify","bronze:Frontload+1"],"picked":"bronze:Shield+1","floor":20},{"not_picked":["bronze:ChildClass","bronze:Repulsor"],"picked":"bronze:Verify","floor":23},{"not_picked":["bronze:Overheat+1","bronze:BugBarrage","bronze:HardenedForm"],"picked":"SKIP","floor":26},{"not_picked":["bronze:Overheat","bronze:Return+1","bronze:Shield"],"picked":"SKIP","floor":29},{"not_picked":["bronze:BugBarrage","bronze:ForLoop","bronze:ItsAFeature"],"picked":"SKIP","floor":30},{"not_picked":["bronze:Boost","bronze:CutThrough"],"picked":"bronze:Invalidate+1","floor":32},{"not_picked":["bronze:HardenedForm","bronze:SpaghettiCode"],"picked":"bronze:Assembly","floor":33},{"not_picked":["bronze:Repulsor","bronze:Invalidate+1"],"picked":"bronze:Turbo+1","floor":36},{"not_picked":["bronze:CutThrough","bronze:WildBeam"],"picked":"bronze:FineTuning+1","floor":37}],"player_experience":668574,"relics_obtained":[{"floor":7,"key":"Pantograph"},{"floor":11,"key":"Mummified Hand"},{"floor":23,"key":"Calipers"},{"floor":24,"key":"bronze:CableSpool"}],"event_choices":[{"damage_healed":0,"gold_gain":0,"player_choice":"Grow","damage_taken":0,"max_hp_gain":0,"max_hp_loss":0,"event_name":"Living Wall","floor":12,"gold_loss":0,"cards_upgraded":["bronze:Iterate"]},{"damage_healed":0,"gold_gain":0,"player_choice":"Ignored","damage_taken":0,"max_hp_gain":0,"max_hp_loss":0,"event_name":"Vampires","floor":31,"gold_loss":0}],"is_beta":false,"boss_relics":[{"not_picked":["Runic Dome","Snecko Eye"],"picked":"Runic Pyramid"},{"not_picked":["expansioncontent:StudyCardRelic","bronze:MakeshiftBattery"],"picked":"bronze:PlatinumCore"}],"items_purged_floors":[],"is_endless":false,"potions_floor_spawned":[2,4,11,15,16,23,29,30,32],"killed_by":"Maw","ascension_level":0}}