{"host":"tq7pufgtqftqw8yr","time":1612107806,"event":{"mods":["BaseMod","Downfall","Minty Spire (QoL Compilation)","StSLib"],"gold_per_floor":[99,112,126,154,72,92,92,126,26,51,120,151,151,169,187,296,296,296,314,334,348,348,364,389,400,400,400,400,418,418,438,457,557,557,557,568,568,568,568,568,568],"floor_reached":39,"language":"ZHS","playtime":8206,"items_purged":["hexamod:Strike"],"score":424,"play_id":"badb511a-0f58-4fa1-87ca-098e4ab83790","local_time":"20210131234326","is_ascension_mode":false,"campfire_choices":[{"floor":1.0,"key":"RECALL"},{"data":"hexamod:GhostflameInferno","floor":9.0,"key":"SMITH"},{"data":"hexamod:Float","floor":18.0,"key":"SMITH"},{"floor":26,"key":"REST"},{"floor":28,"key":"REST"},{"floor":30,"key":"REST"},{"data":"hexamod:FastForward","floor":35,"key":"SMITH"}],"circlet_count":0,"master_deck":["hexamod:Strike","hexamod:Strike","hexamod:Defend","hexamod:Defend","hexamod:Sear","hexamod:Float+1","hexamod:ExtraCrispy","hexamod:Hexaguard+1","hexamod:SpectralAdrenaline","hexamod:PowerFromBeyond","hexamod:InspiringFlames","hexamod:GhostflameInferno+1","hexamod:PhantomFireball","hexamod:RadiantFlame","hexamod:SpectersWail","hexamod:StepThrough","hexamod:GhostOfSpireFuture","hexamod:ChargedBarrage","hexamod:FastForward+1","hexamod:Rewind","hexamod:EmpoweredFlame+1","hexamod:WildfireWeapon","hexamod:FlamesFromBeyond+1","hexamod:GhostOfSpirePresent"],"relics":["hexamod:UnbrokenSoul","Lantern","Pantograph","downfall:HeartBlessingRed","Kunai","Toy Ornithopter","Empty Cage","hexamod:TheBrokenSeal","Happy Flower"],"acts_visited":["Exordium","TheCity","TheBeyond"],"potions_floor_usage":[20,32,37,39],"damage_taken":[{"damage":6.0,"enemies":"Jaw Worm","floor":2.0,"turns":4.0},{"damage":1.0,"enemies":"Cultist","floor":3.0,"turns":3.0},{"damage":2.0,"enemies":"2 Louse","floor":4.0,"turns":3.0},{"damage":3.0,"enemies":"downfall:FleeingMerchant","floor":5.0,"turns":4.0},{"damage":5.0,"enemies":"Gremlin Gang","floor":6.0,"turns":7.0},{"damage":10.0,"enemies":"Lagavulin","floor":8.0,"turns":7.0},{"damage":2.0,"enemies":"Blue Slaver","floor":10.0,"turns":3.0},{"damage":10.0,"enemies":"3 Sentries","floor":11.0,"turns":3.0},{"damage":13.0,"enemies":"Gremlin Nob","floor":12.0,"turns":4.0},{"damage":3.0,"enemies":"Exordium Thugs","floor":14.0,"turns":4.0},{"damage":3.0,"enemies":"Large Slime","floor":15.0,"turns":7.0},{"damage":57.0,"enemies":"DF_ARCHETYPE_STREAMLINE","floor":16.0,"turns":13.0},{"damage":31.0,"enemies":"3 Byrds","floor":19.0,"turns":7.0},{"damage":32,"enemies":"Shell Parasite","floor":20,"turns":7},{"damage":30,"enemies":"Cultist and Chosen","floor":21,"turns":8},{"damage":6,"enemies":"3 Cultists","floor":23,"turns":5},{"damage":13,"enemies":"Shelled Parasite and Fungi","floor":25,"turns":6},{"damage":17,"enemies":"Centurion and Healer","floor":29,"turns":6},{"damage":30,"enemies":"3 Cultists","floor":31,"turns":5},{"damage":8,"enemies":"Shelled Parasite and Fungi","floor":32,"turns":4},{"damage":19,"enemies":"WA_ARCHETYPE_CALM","floor":33,"turns":7},{"damage":31,"enemies":"3 Darklings","floor":36,"turns":5},{"damage":8,"enemies":"Orb Walker","floor":37,"turns":3},{"damage":51,"enemies":"Writhing Mass","floor":39,"turns":5}],"seed_played":"-4395905304507792495","potions_obtained":[{"floor":3.0,"key":"Slimebound:ThreeZeroPotion"},{"floor":4.0,"key":"SkillPotion"},{"floor":8.0,"key":"Slimebound:ThreeZeroPotion"},{"floor":11.0,"key":"Explosive Potion"},{"floor":12.0,"key":"SmokeBomb"},{"floor":14.0,"key":"AttackPotion"},{"floor":15.0,"key":"DuplicationPotion"},{"floor":16.0,"key":"Energy Potion"},{"floor":19.0,"key":"Guardian:BlockOnCardUsePotion"},{"floor":25,"key":"SpeedPotion"}],"is_trial":false,"path_per_floor":["R","M","M","M","$","M","T","E","R","M","?","E","?","M","M","B",null,"R","M","M","M","?","M","T","M","R","?","R","M","R","M","M","B",null,"R","M","M","?","M"],"character_chosen":"THE_SPIRIT","items_purchased":[],"campfire_rested":3,"item_purchase_floors":[],"current_hp_per_floor":[70,64,70,70,70,70,70,67,67,70,67,61,61,65,69,20,70,70,51,70,40,40,34,34,21,45,45,69,52,76,46,43,49,80,80,49,46,46,0,0,0],"gold":568,"neow_bonus":"TRANSFORM_CARD","is_daily":false,"chose_seed":false,"campfire_upgraded":3,"win_rate":0.0,"timestamp":1612107806,"path_taken":["R","M","M","M","$","M","T","E","R","M","?","E","?","M","M","BOSS","R","M","M","M","?","M","T","?","R","?","R","M","R","M","M","BOSS","R","M","?","?","M"],"items_purchased_type":[],"build_version":"2020-12-22","purchased_purges":1,"victory":false,"max_hp_per_floor":[70,70,70,70,70,70,70,70,70,70,70,70,70,70,70,70,70,70,70,80,80,80,80,80,80,80,80,80,80,80,80,80,80,80,80,80,80,80,80,80,80],"card_choices":[{"not_picked":["hexamod:SwordOfDarkness","hexamod:InspiringFlames"],"picked":"hexamod:FirstSeal","floor":2.0},{"not_picked":["hexamod:ChargedBarrage","hexamod:EtherealExpedition"],"picked":"hexamod:ExtraCrispy","floor":2.0},{"not_picked":["hexamod:HeatCrush","hexamod:EmpoweredFlame"],"picked":"hexamod:SecondSeal","floor":3.0},{"not_picked":["hexamod:HeatCrush","hexamod:SpectersWail"],"picked":"hexamod:Hexaguard","floor":3.0},{"not_picked":["hexamod:InspiringFlames","hexamod:FirstSeal"],"picked":"hexamod:SpectralAdrenaline","floor":4.0},{"not_picked":["hexamod:HeatShield","hexamod:SpectralAdrenaline","hexamod:SpectersWail"],"picked":"SKIP","floor":4.0},{"not_picked":["hexamod:NightmareStrike","hexamod:PhantomCloak"],"picked":"hexamod:PowerFromBeyond","floor":5.0},{"not_picked":["hexamod:HauntingEcho","hexamod:HeatShield"],"picked":"hexamod:InspiringFlames","floor":5.0},{"not_picked":["hexamod:SwordOfDarkness","hexamod:GhostLash"],"picked":"hexamod:GhostflameInferno","floor":6.0},{"not_picked":["hexamod:ThermalTransfer","hexamod:Firestarter"],"picked":"hexamod:PhantomFireball","floor":6.0},{"not_picked":["hexamod:ThirdSeal","hexamod:UnleashSpirits"],"picked":"hexamod:RadiantFlame","floor":8.0},{"not_picked":["hexamod:PhantomCloak","hexamod:RainOfEmbers","hexamod:AdvancingGuard"],"picked":"SKIP","floor":8.0},{"not_picked":["hexamod:RainOfEmbers","hexamod:GhostShield"],"picked":"hexamod:RecurringNightmare","floor":10.0},{"not_picked":["hexamod:BacktrackSmack","hexamod:CatchUp","hexamod:BurningTouch"],"picked":"SKIP","floor":10.0},{"not_picked":["hexamod:NightmareGuise","hexamod:Hexaguard"],"picked":"hexamod:SpectersWail","floor":11.0},{"not_picked":["hexamod:HexaLevel","hexamod:SuperheatedStrike"],"picked":"hexamod:FourthSeal","floor":12.0},{"not_picked":["hexamod:BacktrackSmack","hexamod:FirstSeal","hexamod:NightmareStrike"],"picked":"SKIP","floor":14.0},{"not_picked":["hexamod:PhantomFireball","hexamod:RetreatToShadows","hexamod:SwordOfDarkness"],"picked":"SKIP","floor":14.0},{"not_picked":["hexamod:NightmareGuise","hexamod:FlamesFromBeyond"],"picked":"hexamod:StepThrough","floor":15.0},{"not_picked":["hexamod:RecurringNightmare","hexamod:PhantomFireball","hexamod:ThermalTransfer"],"picked":"SKIP","floor":15.0},{"not_picked":["hexamod:TimeOfNeed","hexamod:GiftsFromTheDead"],"picked":"hexamod:FifthSeal","floor":16.0},{"not_picked":["hexamod:ThirdSeal","hexamod:FirstSeal"],"picked":"hexamod:SixthSeal","floor":19.0},{"not_picked":["hexamod:GhostLash","hexamod:Hexaguard"],"picked":"hexamod:GhostOfSpireFuture","floor":19.0},{"not_picked":["hexamod:HeatMetal","hexamod:ChargedBarrage","hexamod:NightmareStrike"],"picked":"SKIP","floor":19.0},{"not_picked":["hexamod:FourthSeal","hexamod:NightmareGuise"],"picked":"hexamod:ChargedBarrage","floor":20},{"not_picked":["hexamod:VolcanoVisage","hexamod:BurningTouch+1","hexamod:Haunt"],"picked":"SKIP","floor":21},{"not_picked":["hexamod:RetreatToShadows+1","hexamod:BacktrackSmack"],"picked":"hexamod:FastForward","floor":23},{"not_picked":["hexamod:ChargedBarrage","hexamod:ShieldOfDarkness"],"picked":"hexamod:Rewind","floor":25},{"not_picked":["hexamod:NightmareStrike+1","hexamod:FastForward","hexamod:ThirdSeal"],"picked":"SKIP","floor":29},{"not_picked":["hexamod:InspiringFlames+1","hexamod:HeatMetal"],"picked":"hexamod:EmpoweredFlame+1","floor":31},{"not_picked":["hexamod:FastForward","hexamod:ShieldOfDarkness","hexamod:Haunt"],"picked":"SKIP","floor":32},{"not_picked":["hexamod:TimeOfNeed","hexamod:SixthSeal"],"picked":"hexamod:WildfireWeapon","floor":33},{"not_picked":["hexamod:RetreatToShadows","hexamod:NightmareStrike+1"],"picked":"hexamod:FlamesFromBeyond+1","floor":36}],"player_experience":845577,"relics_obtained":[{"floor":7.0,"key":"Lantern"},{"floor":8.0,"key":"Pantograph"},{"floor":11.0,"key":"Kunai"},{"floor":12.0,"key":"Toy Ornithopter"},{"floor":24,"key":"Happy Flower"}],"event_choices":[{"damage_healed":0,"gold_gain":0,"player_choice":"Forge","damage_taken":0,"max_hp_gain":0,"max_hp_loss":0,"event_name":"Accursed Blacksmith","floor":22,"gold_loss":0,"cards_upgraded":["hexamod:Hexaguard"]},{"cards_removed":["Regret"],"damage_healed":0,"gold_gain":0,"player_choice":"Took Card","damage_taken":0,"max_hp_gain":0,"max_hp_loss":0,"event_name":"NoteForYourself","floor":27,"gold_loss":0,"cards_obtained":["Regret"]}],"is_beta":false,"boss_relics":[{"not_picked":["bronze:MakeshiftBattery","Runic Pyramid"],"picked":"Empty Cage"},{"not_picked":["hexamod:IceCube","SacredBark"],"picked":"hexamod:UnbrokenSoul"}],"items_purged_floors":[5],"is_endless":false,"potions_floor_spawned":[3,4,8,11,12,16,19,25,29,31,37],"killed_by":"Writhing Mass","ascension_level":0}}