{"host":"684z1xpuwaoqmmh1","time":1612106067,"event":{"mods":["A Magickal Journey","BaseMod","Dio Mod","Downfall","Hermit","Jorbs\u0027s Wanderer Trilogy","Marisa????????","Minty Spire (QoL Compilation)","Robot Space Explorer","Shade Mod","StSLib","The Elementalist","The Hayseed","The Hierophant","The Marked","The Mystic","The Runesmith","The Saiyan","The Vixen","TheFirefly"],"gold_per_floor":[113,127,127,142,131,131,158,168,168,168,193,193,208,218,218,319,319,329,345,355,355,405,405,437,437,437,437,454,482,532,457,457,557,557,572,625,672,686,686,40,52,82,82,82,55,0,32,46,46,46,46,46,23,53,53,53],"floor_reached":55,"language":"ENG","playtime":3047,"items_purged":["Shame"],"score":750,"play_id":"add9991c-624d-4552-899e-d51329849574","local_time":"20210131171427","is_ascension_mode":false,"campfire_choices":[{"data":"Bite","floor":6,"key":"SMITH"},{"data":"dioMod:LaserVision","floor":10,"key":"SMITH"},{"data":"dioMod:DaggerSpree","floor":15,"key":"SMITH"},{"data":"dioMod:BloodSplash","floor":23,"key":"SMITH"},{"data":"dioMod:Pluck","floor":27,"key":"SMITH"},{"data":"dioMod:Minions","floor":32,"key":"SMITH"},{"floor":44,"key":"RECALL"},{"floor":49,"key":"REST"},{"data":"dioMod:DarkRebirth","floor":52,"key":"SMITH"}],"circlet_count":0,"master_deck":["dioMod:Strike","dioMod:Strike","dioMod:Strike","dioMod:Strike","Bite+1","dioMod:Defend","dioMod:Defend","dioMod:Defend","dioMod:FlyAway","dioMod:BloodTransfusion","dioMod:LaserVision+1","dioMod:BloodSplash+1","dioMod:MudaMudaMuda","dioMod:DaggerSpree+1","dioMod:ComposedMuda","dioMod:Pluck+1","dioMod:TheWalk","dioMod:Roundabout+1","dioMod:ComboFever","dioMod:DominatingPresence+1","dioMod:VengefulMuda+1","dioMod:DarkRebirth+1","dioMod:Minions+1","dioMod:TheWalk+1","dioMod:BloodSuck","dioMod:SlashThroughTime","dioMod:Freeze+1","dioMod:RoadRoller","dioMod:HeavyLifting+1","dioMod:Hiss+1","dioMod:CutDeep+1","dioMod:CutDeep+1","dioMod:Roundabout+1","dioMod:DaggerSpree+1"],"relics":["dioMod:JoestarBlood","Incense Burner","Tiny Chest","MealTicket","Ginger","Sozu","Darkstone Periapt","Akabeko","Mummified Hand","Toxic Egg 2","Shuriken","Du-Vu Doll","Vajra","hexamod:BolsterEngine","StoneCalendar","Gambling Chip","Red Mask","Ancient Tea Set","bronze:DecasWashers"],"acts_visited":["Exordium","TheCity","TheBeyond","TheEnding"],"potions_floor_usage":[7,11,24,55],"damage_taken":[{"damage":5,"enemies":"Cultist","floor":1,"turns":4},{"damage":7,"enemies":"2 Louse","floor":2,"turns":2},{"damage":14,"enemies":"Small Slimes","floor":4,"turns":5},{"damage":27,"enemies":"Exordium Thugs","floor":5,"turns":4},{"damage":17,"enemies":"Gremlin Nob","floor":7,"turns":4},{"damage":18,"enemies":"3 Louse","floor":8,"turns":4},{"damage":29,"enemies":"Lagavulin","floor":11,"turns":8},{"damage":6,"enemies":"Large Slime","floor":13,"turns":7},{"damage":1,"enemies":"2 Fungi Beasts","floor":14,"turns":4},{"damage":44,"enemies":"The Guardian","floor":16,"turns":14},{"damage":20,"enemies":"Shell Parasite","floor":18,"turns":5},{"damage":48,"enemies":"3 Byrds","floor":19,"turns":5},{"damage":19,"enemies":"Snecko","floor":20,"turns":6},{"damage":39,"enemies":"Gremlin Leader","floor":24,"turns":9},{"damage":8,"enemies":"Centurion and Healer","floor":28,"turns":5},{"damage":34,"enemies":"Book of Stabbing","floor":29,"turns":7},{"damage":73,"enemies":"Champ","floor":33,"turns":10},{"damage":30,"enemies":"3 Darklings","floor":35,"turns":3},{"damage":69,"enemies":"2 Orb Walkers","floor":36,"turns":6},{"damage":5,"enemies":"Orb Walker","floor":38,"turns":2},{"damage":3,"enemies":"4 Shapes","floor":41,"turns":3},{"damage":63,"enemies":"Nemesis","floor":42,"turns":7},{"damage":62,"enemies":"Giant Head","floor":47,"turns":8},{"damage":18,"enemies":"Maw","floor":48,"turns":5},{"damage":100,"enemies":"Awakened One","floor":50,"turns":12},{"damage":0,"enemies":"Shield and Spear","floor":54,"turns":3},{"damage":197,"enemies":"The Heart","floor":55,"turns":9}],"seed_played":"5235370703570243715","potions_obtained":[{"floor":4,"key":"dioMod:HumanBlood"},{"floor":5,"key":"FearPotion"},{"floor":8,"key":"GamblersBrew"},{"floor":13,"key":"Dexterity Potion"},{"floor":14,"key":"SmokeBomb"}],"is_trial":false,"path_per_floor":["M","M","?","M","M","R","E","M","T","R","E","T","M","M","R","B",null,"M","M","M","?","?","R","E","T","T","R","M","E","?","?","R","B",null,"M","?","T","M","?","$","M","E","T","R","$","?","E","M","R","B",null,"R","$","E","B"],"character_chosen":"THE_DEFAULT","items_purchased":["hexamod:BolsterEngine","dioMod:SlashThroughTime","dioMod:Freeze+1","StoneCalendar","dioMod:Hiss+1","dioMod:Roundabout+1"],"campfire_rested":1,"item_purchase_floors":[40,40,40,40,45,53],"current_hp_per_floor":[81,82,82,82,70,70,72,79,79,79,72,72,82,82,82,67,82,81,55,52,58,58,58,71,71,71,71,85,72,72,72,72,24,88,71,15,15,20,20,35,45,26,26,26,41,41,18,41,67,35,88,88,88,88,0,0],"gold":53,"neow_bonus":"TEN_PERCENT_HP_BONUS","is_daily":false,"chose_seed":false,"campfire_upgraded":7,"win_rate":0.0,"timestamp":1612106067,"path_taken":["M","M","?","M","?","R","E","M","T","R","E","?","M","M","R","BOSS","M","M","M","?","?","R","E","?","T","R","M","E","?","?","R","BOSS","M","?","?","M","?","$","M","E","T","R","$","?","E","M","R","BOSS","R","$","E","BOSS"],"items_purchased_type":["Relic","Card","Card","Relic","Card","Card"],"build_version":"2020-12-22","purchased_purges":1,"victory":false,"max_hp_per_floor":[82,82,82,82,82,82,82,82,82,82,82,82,82,82,82,82,82,82,82,82,88,88,88,88,88,88,88,88,88,88,88,88,88,88,88,88,88,88,88,88,88,88,88,88,88,88,88,88,88,88,88,88,88,88,88,88],"card_choices":[{"not_picked":["dioMod:BlendIn","dioMod:HeavyLifting"],"picked":"dioMod:FlyAway","floor":1},{"not_picked":["dioMod:CautiousMuda","dioMod:Diversion"],"picked":"dioMod:BloodTransfusion","floor":2},{"not_picked":["dioMod:VengefulMuda","dioMod:SecretPlan"],"picked":"dioMod:LaserVision","floor":4},{"not_picked":["dioMod:BloodTransfusion","dioMod:WRYYY","dioMod:TripleThreat"],"picked":"SKIP","floor":5},{"not_picked":["dioMod:Donut","dioMod:HeavyLifting"],"picked":"dioMod:BloodSplash","floor":7},{"not_picked":["dioMod:DarkRebirth","dioMod:SadisticLaugh"],"picked":"dioMod:MudaMudaMuda","floor":8},{"not_picked":["dioMod:BlendIn","dioMod:VengefulMuda"],"picked":"dioMod:DaggerSpree","floor":11},{"not_picked":["dioMod:LaserVision","dioMod:GoodbyeJojo"],"picked":"dioMod:ComposedMuda","floor":13},{"not_picked":["dioMod:VengefulMuda","dioMod:FlyAway"],"picked":"dioMod:Pluck","floor":14},{"not_picked":["dioMod:UltimateSacrifice","dioMod:Despair"],"picked":"dioMod:TheWalk","floor":16},{"not_picked":["dioMod:TripleThreat+1","dioMod:DaggerToss+1"],"picked":"dioMod:Roundabout+1","floor":18},{"not_picked":["dioMod:VengefulMuda","dioMod:WRYYY"],"picked":"dioMod:ComboFever","floor":19},{"not_picked":["dioMod:VengefulMuda","dioMod:CutDeep+1"],"picked":"dioMod:DominatingPresence+1","floor":20},{"not_picked":["dioMod:LaserVision","dioMod:Donut+1"],"picked":"dioMod:VengefulMuda+1","floor":24},{"not_picked":["dioMod:BloodSuck","dioMod:BloodSplash+1"],"picked":"dioMod:DarkRebirth","floor":28},{"not_picked":["dioMod:Donut+1","dioMod:DaggerSpree+1"],"picked":"dioMod:Minions","floor":29},{"not_picked":["dioMod:RoadRoller","dioMod:SevenPageMuda"],"picked":"dioMod:TheWalk+1","floor":33},{"not_picked":["dioMod:SadisticLaugh+1","dioMod:DarkRebirth+1","dioMod:BlendIn+1"],"picked":"SKIP","floor":35},{"not_picked":["dioMod:BlendIn+1","dioMod:BloodShield+1"],"picked":"dioMod:BloodSuck","floor":38},{"not_picked":["dioMod:CautiousMuda+1","dioMod:BloodSplash+1"],"picked":"dioMod:RoadRoller","floor":41},{"not_picked":["dioMod:TripleThreat","dioMod:BloodSplash+1"],"picked":"dioMod:HeavyLifting+1","floor":42},{"not_picked":["dioMod:SecretPlan+1","dioMod:BloodTransfusion"],"picked":"dioMod:CutDeep+1","floor":47},{"not_picked":["dioMod:BloodTransfusion+1","dioMod:BloodSplash+1"],"picked":"dioMod:CutDeep+1","floor":48},{"not_picked":["dioMod:DarkRebirth","dioMod:Roundabout+1"],"picked":"dioMod:DaggerSpree+1","floor":54}],"player_experience":2907165,"relics_obtained":[{"floor":7,"key":"Incense Burner"},{"floor":9,"key":"Tiny Chest"},{"floor":11,"key":"MealTicket"},{"floor":12,"key":"Ginger"},{"floor":24,"key":"Akabeko"},{"floor":25,"key":"Mummified Hand"},{"floor":26,"key":"Toxic Egg 2"},{"floor":29,"key":"Shuriken"},{"floor":36,"key":"Du-Vu Doll"},{"floor":37,"key":"Vajra"},{"floor":42,"key":"Gambling Chip"},{"floor":47,"key":"Ancient Tea Set"},{"floor":54,"key":"bronze:DecasWashers"}],"event_choices":[{"damage_healed":0,"gold_gain":0,"player_choice":"Ignored","damage_taken":0,"max_hp_gain":0,"max_hp_loss":0,"event_name":"NoteForYourself","floor":3,"gold_loss":0},{"damage_healed":0,"gold_gain":0,"player_choice":"Stole Relic","damage_taken":0,"relics_obtained":["Darkstone Periapt"],"max_hp_gain":0,"max_hp_loss":0,"event_name":"Addict","floor":21,"gold_loss":0,"cards_obtained":["Shame"]},{"damage_healed":0,"gold_gain":100,"player_choice":"Bet on Murderer","damage_taken":0,"max_hp_gain":0,"max_hp_loss":0,"event_name":"The Joust","floor":22,"gold_loss":50},{"cards_removed":["dioMod:Defend"],"damage_healed":0,"gold_gain":0,"player_choice":"Gave Gold","damage_taken":0,"max_hp_gain":0,"max_hp_loss":0,"event_name":"Beggar","floor":31,"gold_loss":75},{"damage_healed":0,"gold_gain":0,"player_choice":"Fight","damage_taken":0,"max_hp_gain":0,"max_hp_loss":0,"event_name":"Mysterious Sphere","floor":36,"gold_loss":0},{"damage_healed":0,"gold_gain":0,"player_choice":"Paid","damage_taken":0,"relics_obtained":["Red Mask"],"max_hp_gain":0,"max_hp_loss":0,"event_name":"Tomb of Lord Red Mask","floor":46,"gold_loss":55}],"is_beta":false,"boss_relics":[{"not_picked":["Runic Dome","bronze:MakeshiftBattery"],"picked":"Sozu"},{"not_picked":["Black Star","Tiny House"],"picked":"dioMod:JoestarBlood"}],"items_purged_floors":[40],"is_endless":false,"potions_floor_spawned":[4,5,8,13,14,24,29,38,41,42,48,54],"killed_by":"The Heart","ascension_level":0}}