{"host":"9qk11wtevf51xvhl","time":1612134065,"event":{"mods":["BaseMod","Minty Spire (QoL Compilation)"],"gold_per_floor":[119,130,142,92,112,112,146,146,146,180,196,45,59,86,86,189,239,252,28,38,38,137,171,27,62,142,188,213,258,270,270],"floor_reached":30,"language":"ENG","playtime":3456,"items_purged":[],"score":431,"play_id":"44c80271-c3c2-4395-a8b2-a89a966ad9cd","local_time":"20210201000105","is_ascension_mode":true,"campfire_choices":[{"data":"Sunder","floor":6,"key":"SMITH"},{"data":"Creative AI","floor":8,"key":"SMITH"},{"floor":15,"key":"REST"}],"circlet_count":0,"master_deck":["Defend_B+1","Defend_B","Defend_B","Defend_B","Zap","Dualcast","Static Discharge","Self Repair","Auto Shields","Sunder+1","Creative AI+1","Buffer","Leap","Streamline","Amplify","Electrodynamics","Force Field","White Noise","Fusion","Bite","Bite","Bite","Bite","Bite","BootSequence","Turbo","Conserve Battery","Force Field+1","Coolheaded"],"relics":["Inserter","MealTicket","Lizard Tail","Toolbox","Bottled Tornado","Tiny House","PreservedInsect","Happy Flower","Blood Vial","MawBank","Pear","Regal Pillow","Torii"],"acts_visited":["Exordium","TheCity"],"potions_floor_usage":[14,23,29,29,30],"damage_taken":[{"damage":4,"enemies":"Cultist","floor":1,"turns":5},{"damage":4,"enemies":"Small Slimes","floor":2,"turns":4},{"damage":6,"enemies":"2 Louse","floor":3,"turns":5},{"damage":6,"enemies":"Blue Slaver","floor":5,"turns":5},{"damage":30,"enemies":"3 Sentries","floor":7,"turns":7},{"damage":19,"enemies":"Lagavulin","floor":10,"turns":7},{"damage":9,"enemies":"Red Slaver","floor":11,"turns":4},{"damage":13,"enemies":"Exordium Thugs","floor":13,"turns":7},{"damage":15,"enemies":"3 Sentries","floor":14,"turns":7},{"damage":19,"enemies":"Slime Boss","floor":16,"turns":10},{"damage":42,"enemies":"Shell Parasite","floor":18,"turns":9},{"damage":28,"enemies":"2 Thieves","floor":20,"turns":4},{"damage":0,"enemies":"Gremlin Leader","floor":23,"turns":6},{"damage":32,"enemies":"Book of Stabbing","floor":25,"turns":5},{"damage":66,"enemies":"Slavers","floor":27,"turns":6},{"damage":14,"enemies":"Centurion and Healer","floor":28,"turns":6},{"damage":38,"enemies":"Book of Stabbing","floor":29,"turns":6},{"damage":7,"enemies":"Shelled Parasite and Fungi","floor":30,"turns":1}],"seed_played":"-6875879988627617154","potions_obtained":[{"floor":3,"key":"Swift Potion"},{"floor":5,"key":"SmokeBomb"},{"floor":7,"key":"Swift Potion"},{"floor":13,"key":"DistilledChaos"},{"floor":16,"key":"Dexterity Potion"},{"floor":17,"key":"FearPotion"},{"floor":27,"key":"FearPotion"}],"is_trial":false,"path_per_floor":["M","M","M","?","M","R","E","R","T","E","M","$","M","E","R","B",null,"M","$","M","?","?","E","$","E","T","E","M","E","M"],"character_chosen":"DEFECT","items_purchased":["Toolbox","PreservedInsect","Fusion","Blood Vial"],"campfire_rested":1,"item_purchase_floors":[12,19,19,24],"current_hp_per_floor":[71,67,68,68,69,69,46,46,46,34,25,40,34,19,41,29,80,45,60,39,39,39,56,56,28,38,18,27,1,0,0],"gold":270,"neow_bonus":"BOSS_RELIC","is_daily":false,"chose_seed":false,"campfire_upgraded":2,"win_rate":0.0,"timestamp":1612134065,"path_taken":["M","M","M","?","M","R","E","R","T","E","M","$","M","E","R","BOSS","M","$","M","?","?","E","?","E","T","E","?","E","M"],"items_purchased_type":["Relic","Relic","Card","Relic"],"build_version":"2020-12-22","purchased_purges":0,"victory":false,"max_hp_per_floor":[75,75,75,75,75,75,75,75,75,75,75,75,75,75,75,75,80,80,80,80,56,56,56,56,56,66,66,66,66,66,66],"card_choices":[{"not_picked":["Beam Cell","Sweeping Beam"],"picked":"Static Discharge","floor":1},{"not_picked":["Darkness","Cold Snap"],"picked":"Self Repair","floor":2},{"not_picked":["Coolheaded","Aggregate"],"picked":"Auto Shields","floor":3},{"not_picked":["Beam Cell","Tempest"],"picked":"Sunder","floor":5},{"not_picked":["Genetic Algorithm","Hologram"],"picked":"Creative AI","floor":7},{"not_picked":["Rebound","Hologram"],"picked":"Buffer","floor":10},{"not_picked":["Stack","Ball Lightning"],"picked":"Leap","floor":11},{"not_picked":["Barrage","Redo"],"picked":"Streamline","floor":13},{"not_picked":["Rip and Tear","Go for the Eyes"],"picked":"Amplify","floor":14},{"not_picked":["Buffer","Echo Form"],"picked":"Electrodynamics","floor":16},{"not_picked":["Genetic Algorithm","Sweeping Beam"],"picked":"Force Field","floor":17},{"not_picked":["Capacitor","Gash"],"picked":"White Noise","floor":18},{"not_picked":["Barrage","Steam","Compile Driver"],"picked":"SKIP","floor":20},{"not_picked":["Ball Lightning","Doom and Gloom"],"picked":"BootSequence","floor":23},{"not_picked":["BootSequence","Conserve Battery"],"picked":"Turbo","floor":25},{"not_picked":["Turbo","Seek"],"picked":"Conserve Battery","floor":27},{"not_picked":["Barrage","Stack"],"picked":"Force Field+1","floor":28},{"not_picked":["Tempest+1","Redo"],"picked":"Coolheaded","floor":29}],"player_experience":580838,"relics_obtained":[{"floor":7,"key":"MealTicket"},{"floor":10,"key":"Lizard Tail"},{"floor":14,"key":"Bottled Tornado"},{"floor":23,"key":"Happy Flower"},{"floor":25,"key":"MawBank"},{"floor":26,"key":"Pear"},{"floor":27,"key":"Regal Pillow"},{"floor":29,"key":"Torii"}],"event_choices":[{"cards_removed":["Strike_B"],"damage_healed":0,"gold_gain":0,"player_choice":"Card Removal","damage_taken":0,"max_hp_gain":0,"max_hp_loss":0,"event_name":"The Cleric","floor":4,"gold_loss":50},{"damage_healed":0,"gold_gain":0,"player_choice":"Became a vampire","damage_taken":0,"max_hp_gain":0,"max_hp_loss":24,"event_name":"Vampires","floor":21,"gold_loss":0,"cards_obtained":["Bite","Bite","Bite","Bite","Bite"]},{"damage_healed":0,"gold_gain":99,"player_choice":"Stole From Cult","damage_taken":0,"max_hp_gain":0,"max_hp_loss":0,"event_name":"Nest","floor":22,"gold_loss":0}],"is_beta":false,"boss_relics":[{"not_picked":["Runic Pyramid","Velvet Choker"],"picked":"Tiny House"}],"items_purged_floors":[],"is_endless":false,"potions_floor_spawned":[3,5,7,13,16,18,27],"killed_by":"Shelled Parasite and Fungi","ascension_level":3}}