{"host":"utqe55yv0jihe4d6","time":1612066573,"event":{"mods":["2.2 Compatiblity","AchievementEnabler","BaseMod","Block Reminder","Colored Map","Colored Powertips","Minty Spire (QoL Compilation)","Quick Restart","Rare Cards Sparkle","Relic Stats","SuperFastMode"],"gold_per_floor":[360,13,27,44,9,37,57,57,107,133,133,151,166,166,166,240,240,253,31,81,99,111,145,145,172,172,6,37,37,56,72,72,72,72],"floor_reached":33,"language":"ENG","playtime":972,"items_purged":["Strike_G","Strike_G"],"score":684,"play_id":"3c2d1e0e-bccf-4f1f-970b-3215d2934a33","local_time":"20210130231613","is_ascension_mode":true,"campfire_choices":[{"data":"Poisoned Stab","floor":8,"key":"SMITH"},{"data":"Footwork","floor":11,"key":"SMITH"},{"data":"Deadly Poison","floor":15,"key":"SMITH"},{"floor":24,"key":"REST"},{"floor":32,"key":"REST"}],"circlet_count":0,"master_deck":["AscendersBane","Strike_G","Defend_G","Defend_G","Defend_G","Defend_G","Defend_G","Survivor","Neutralize","Footwork","Glass Knife","Footwork+1","Sucker Punch","Backflip","Poisoned Stab+1","Dagger Spray","Dash+1","Deadly Poison+1","Predator","Backstab+1","Quick Slash","Skewer","Backstab+1","Terror","Setup","Noxious Fumes","Noxious Fumes"],"relics":["Ring of the Snake","Membership Card","HornCleat","Centennial Puzzle","Blood Vial","Philosopher\u0027s Stone","ClockworkSouvenir","Akabeko","Bag of Marbles","Whetstone","Orichalcum","TwistedFunnel","Strawberry","Omamori"],"acts_visited":["Exordium","TheCity"],"potions_floor_usage":[10,18,22,23,28],"damage_taken":[{"damage":0.0,"enemies":"Cultist","floor":1.0,"turns":4.0},{"damage":9.0,"enemies":"2 Louse","floor":3.0,"turns":3.0},{"damage":3.0,"enemies":"Jaw Worm","floor":4.0,"turns":5.0},{"damage":30.0,"enemies":"3 Sentries","floor":6.0,"turns":14.0},{"damage":0,"enemies":"Looter","floor":7,"turns":3},{"damage":9,"enemies":"Lagavulin","floor":10,"turns":10},{"damage":3,"enemies":"3 Louse","floor":12,"turns":4},{"damage":0,"enemies":"Large Slime","floor":13,"turns":4},{"damage":16,"enemies":"The Guardian","floor":16,"turns":13},{"damage":12,"enemies":"3 Byrds","floor":18,"turns":3},{"damage":4,"enemies":"Spheric Guardian","floor":21,"turns":4},{"damage":0,"enemies":"3 Cultists","floor":22,"turns":3},{"damage":15,"enemies":"Slavers","floor":23,"turns":6},{"damage":40,"enemies":"Book of Stabbing","floor":25,"turns":6},{"damage":0,"enemies":"Slavers","floor":28,"turns":3},{"damage":0,"enemies":"Centurion and Healer","floor":30,"turns":2},{"damage":0,"enemies":"Shelled Parasite and Fungi","floor":31,"turns":2},{"damage":43,"enemies":"Automaton","floor":33,"turns":6}],"seed_played":"-7192302268500483485","potions_obtained":[{"floor":4.0,"key":"SpeedPotion"},{"floor":7,"key":"Regen Potion"},{"floor":10,"key":"Dexterity Potion"},{"floor":13,"key":"FearPotion"},{"floor":16,"key":"LiquidBronze"},{"floor":18,"key":"CunningPotion"},{"floor":22,"key":"Fire Potion"}],"is_trial":false,"path_per_floor":["M","$","M","M","?","E","M","R","T","E","R","M","M","?","R","B",null,"M","$","?","M","M","E","R","E","T","$","E","?","M","M","R","B"],"character_chosen":"THE_SILENT","items_purchased":["Membership Card","Glass Knife","Footwork","Sucker Punch","SteroidPotion","ClockworkSouvenir","Akabeko","TwistedFunnel","Strawberry"],"campfire_rested":2,"item_purchase_floors":[2,2,2,2,2,19,19,27,27],"current_hp_per_floor":[59,59,50,47,60,30,30,30,30,36,36,35,37,37,37,23,51,41,41,41,39,41,28,46,8,8,15,17,17,19,21,41,0,0],"gold":72,"neow_bonus":"TWO_FIFTY_GOLD","is_daily":false,"chose_seed":false,"campfire_upgraded":3,"win_rate":0.0,"timestamp":1612066573,"path_taken":["M","$","?","M","?","E","M","R","T","E","R","M","M","?","R","BOSS","M","$","?","M","M","E","R","E","T","$","E","?","M","M","R","BOSS"],"items_purchased_type":["Relic","Card","Card","Card","Potion","Relic","Relic","Relic","Relic"],"build_version":"2020-12-22","purchased_purges":2,"victory":false,"max_hp_per_floor":[60,60,60,60,60,60,60,60,60,60,60,60,60,60,60,60,60,60,60,60,60,60,60,60,60,60,67,67,67,67,67,67,67,67],"relic_stats":{"Blood Vial":24,"Centennial Puzzle":[24],"counters":[18,95],"Whetstone":["Dash","Backstab"],"Orichalcum":[0],"obtain_stats":[{"TwistedFunnel":27,"Omamori":28,"Whetstone":25,"Orichalcum":26,"Akabeko":19,"ClockworkSouvenir":19,"Blood Vial":10,"Centennial Puzzle":9,"HornCleat":6,"Strawberry":27,"Philosopher\u0027s Stone":17,"Bag of Marbles":23,"Membership Card":2,"Ring of the Snake":0},{"TwistedFunnel":14,"Omamori":15,"Whetstone":14,"Orichalcum":14,"Akabeko":10,"ClockworkSouvenir":10,"Blood Vial":6,"Centennial Puzzle":5,"HornCleat":4,"Strawberry":14,"Philosopher\u0027s Stone":9,"Bag of Marbles":13,"Membership Card":1,"Ring of the Snake":0},{"TwistedFunnel":82,"Omamori":85,"Whetstone":82,"Orichalcum":82,"Akabeko":63,"ClockworkSouvenir":63,"Blood Vial":39,"Centennial Puzzle":29,"HornCleat":26,"Strawberry":82,"Philosopher\u0027s Stone":60,"Bag of Marbles":76,"Membership Card":4,"Ring of the Snake":0}],"Ring of the Snake":[36]},"card_choices":[{"not_picked":["Flying Knee","Concentrate"],"picked":"Footwork","floor":1.0},{"not_picked":["Prepared","Setup"],"picked":"Backflip","floor":3.0},{"not_picked":["All Out Attack","Prepared"],"picked":"Poisoned Stab","floor":4.0},{"not_picked":["Eviscerate","Caltrops"],"picked":"Dagger Spray","floor":6.0},{"not_picked":["Dodge and Roll","Choke"],"picked":"Dash","floor":7},{"not_picked":["Endless Agony","Bane"],"picked":"Deadly Poison","floor":10},{"not_picked":["Blur","Deadly Poison","Poisoned Stab"],"picked":"SKIP","floor":12},{"not_picked":["All Out Attack","Dagger Spray"],"picked":"Predator","floor":13},{"not_picked":["Riddle With Holes","Underhanded Strike"],"picked":"Backstab+1","floor":18},{"not_picked":["Poisoned Stab","Tactician"],"picked":"Quick Slash","floor":21},{"not_picked":["Dagger Throw","Outmaneuver","Bane"],"picked":"SKIP","floor":22},{"not_picked":["Riddle With Holes","Dodge and Roll+1"],"picked":"Skewer","floor":23},{"not_picked":["Expertise","Acrobatics"],"picked":"Backstab","floor":25},{"not_picked":["Quick Slash","Outmaneuver","Sucker Punch"],"picked":"SKIP","floor":28},{"not_picked":["All Out Attack","Dagger Throw"],"picked":"Noxious Fumes","floor":30},{"not_picked":["Flechettes","Dagger Spray"],"picked":"Noxious Fumes","floor":31}],"player_experience":2966828,"relics_obtained":[{"floor":6.0,"key":"HornCleat"},{"floor":9,"key":"Centennial Puzzle"},{"floor":10,"key":"Blood Vial"},{"floor":23,"key":"Bag of Marbles"},{"floor":25,"key":"Whetstone"},{"floor":26,"key":"Orichalcum"},{"floor":28,"key":"Omamori"}],"event_choices":[{"damage_healed":15.0,"max_hp_gain":0.0,"max_hp_loss":0.0,"gold_gain":0.0,"event_name":"The Cleric","player_choice":"Healed","floor":5.0,"gold_loss":35.0,"damage_taken":0.0},{"damage_healed":0,"gold_gain":0,"player_choice":"Ignored","damage_taken":0,"max_hp_gain":0,"max_hp_loss":0,"event_name":"Liars Game","floor":14,"gold_loss":0},{"damage_healed":0,"gold_gain":50,"player_choice":"Stole From Cult","damage_taken":0,"max_hp_gain":0,"max_hp_loss":0,"event_name":"Nest","floor":20,"gold_loss":0},{"damage_healed":0,"gold_gain":0,"cards_transformed":["Strike_G","Strike_G"],"player_choice":"Became Test Subject","damage_taken":0,"max_hp_gain":0,"max_hp_loss":0,"event_name":"Drug Dealer","floor":29,"gold_loss":0,"cards_obtained":["Terror","Setup"]}],"is_beta":false,"boss_relics":[{"not_picked":["Black Star","Ectoplasm"],"picked":"Philosopher\u0027s Stone"}],"items_purged_floors":[2,19],"is_endless":false,"potions_floor_spawned":[4,7,10,13,16,18,21,22],"killed_by":"Automaton","ascension_level":20}}