{"host":"k7udt7atmcuzf6l0","time":1612118203,"event":{"mods":["AchievementEnabler","BaseMod","BetterRewards","Colored Map","Colored Powertips","Highlight Path","Minty Spire (QoL Compilation)","Quick Restart","Rare Cards Sparkle","Relic Stats","StSLib","UnlockEverythingMod"],"gold_per_floor":[114,134,134,153,35,64,64,17,71,71,71,88,104,137,137,235,235,235,235,85,85,85,85,85,85,85,85,85,85,32,32,32,32,32,32,32,32,32,32,32,32,32,32,32,32,32,32,32,32,32],"floor_reached":51,"language":"ZHS","playtime":2171,"items_purged":[],"score":759,"play_id":"aa4e3160-4f2a-4aec-ac8a-12a317a4a117","local_time":"20210201023643","is_ascension_mode":false,"campfire_choices":[{"data":"Corruption","floor":7.0,"key":"SMITH"},{"data":"Armaments","floor":11.0,"key":"SMITH"},{"data":"True Grit","floor":15.0,"key":"SMITH"},{"data":"Dark Embrace","floor":23.0,"key":"SMITH"},{"data":"Shockwave","floor":25.0,"key":"SMITH"},{"data":"Feel No Pain","floor":27.0,"key":"SMITH"},{"data":"Anger","floor":29.0,"key":"SMITH"},{"data":"Fiend Fire","floor":32,"key":"SMITH"},{"data":"Apotheosis","floor":41,"key":"SMITH"},{"data":"Brutality","floor":44,"key":"SMITH"},{"floor":46,"key":"REST"},{"data":"Combust","floor":49,"key":"SMITH"}],"circlet_count":0,"master_deck":["Strike_R","Strike_R","Strike_R","Strike_R","Strike_R","Defend_R","Defend_R","Defend_R","Bash","Immolate","Warcry","Dark Embrace+1","Corruption+1","Feel No Pain+1","Armaments+1","Intimidate","True Grit+1","Sentinel","Shockwave+1","Combust+1","Limit Break","Anger+1","Fiend Fire+1","Dark Embrace+1","Inflame+1","Sentinel","Dropkick+1","Brutality+1","Disarm+1","Apotheosis+1","Armaments+1","Inflame","Flex+1","Seeing Red+1","Warcry+1"],"relics":["Burning Blood","Oddly Smooth Stone","Red Skull","Bird Faced Urn","Ectoplasm","Medical Kit","Shuriken","Dream Catcher","Mango","Runic Cube","Darkstone Periapt","Blue Candle","Akabeko"],"acts_visited":["Exordium","TheCity","TheBeyond"],"potions_floor_usage":[31,33,35,39,50,50],"damage_taken":[{"damage":0.0,"enemies":"Cultist","floor":1.0,"turns":2.0},{"damage":6.0,"enemies":"Jaw Worm","floor":2.0,"turns":3.0},{"damage":0.0,"enemies":"2 Louse","floor":4.0,"turns":1.0},{"damage":12.0,"enemies":"Lagavulin","floor":6.0,"turns":7.0},{"damage":0.0,"enemies":"Exordium Thugs","floor":12.0,"turns":3.0},{"damage":10.0,"enemies":"Exordium Wildlife","floor":13.0,"turns":5.0},{"damage":7.0,"enemies":"Gremlin Nob","floor":14.0,"turns":5.0},{"damage":48.0,"enemies":"Slime Boss","floor":16.0,"turns":9.0},{"damage":10.0,"enemies":"Spheric Guardian","floor":18.0,"turns":4.0},{"damage":20.0,"enemies":"3 Byrds","floor":21.0,"turns":4.0},{"damage":4.0,"enemies":"Cultist and Chosen","floor":22.0,"turns":6.0},{"damage":14.0,"enemies":"Gremlin Leader","floor":24.0,"turns":5.0},{"damage":23.0,"enemies":"Snake Plant","floor":28.0,"turns":4.0},{"damage":17,"enemies":"Sentry and Sphere","floor":31,"turns":4},{"damage":21,"enemies":"Champ","floor":33,"turns":7},{"damage":4,"enemies":"3 Darklings","floor":35,"turns":3},{"damage":15,"enemies":"Orb Walker","floor":37,"turns":5},{"damage":50,"enemies":"Jaw Worm Horde","floor":38,"turns":3},{"damage":24,"enemies":"Writhing Mass","floor":39,"turns":4},{"damage":31,"enemies":"Reptomancer","floor":40,"turns":4},{"damage":22,"enemies":"4 Shapes","floor":45,"turns":4},{"damage":2,"enemies":"Spire Growth","floor":47,"turns":3},{"damage":10,"enemies":"Transient","floor":48,"turns":5},{"damage":23,"enemies":"Donu and Deca","floor":50,"turns":6}],"seed_played":"-427383022923156853","potions_obtained":[{"floor":2.0,"key":"ColorlessPotion"},{"floor":16.0,"key":"Swift Potion"},{"floor":18.0,"key":"Swift Potion"},{"floor":24.0,"key":"SteroidPotion"},{"floor":28.0,"key":"Explosive Potion"},{"floor":31,"key":"ElixirPotion"},{"floor":33,"key":"EssenceOfSteel"},{"floor":38,"key":"SteroidPotion"},{"floor":40,"key":"LiquidMemories"},{"floor":47,"key":"PowerPotion"}],"is_trial":false,"path_per_floor":["M","M","?","M","$","E","R","$","T","?","R","M","M","E","R","B",null,"M","?","$","M","M","R","E","R","T","R","M","R","?","M","R","B",null,"M","?","M","M","M","E","R","T","T","R","M","R","M","M","R","B",null],"character_chosen":"IRONCLAD","items_purchased":["Feel No Pain","Armaments","True Grit","Medical Kit"],"campfire_rested":1,"item_purchase_floors":[5,5,8,20],"current_hp_per_floor":[72,72,72,72,72,66,66,66,66,66,66,72,68,67,67,32,72,68,68,68,58,68,68,72,72,72,72,61,61,75,72,72,69,86,86,86,85,54,48,37,37,37,37,37,37,62,70,82,82,81],"gold":32,"neow_bonus":"THREE_RARE_CARDS","is_daily":false,"chose_seed":false,"campfire_upgraded":11,"win_rate":0.0,"timestamp":1612118203,"path_taken":["M","?","?","M","$","E","R","$","T","?","R","?","M","E","R","BOSS","M","?","$","M","?","R","E","R","T","R","M","R","?","M","R","BOSS","M","?","M","M","M","E","R","?","T","R","M","R","M","M","R","BOSS"],"items_purchased_type":["Card","Card","Card","Relic"],"build_version":"2020-12-22","purchased_purges":0,"victory":true,"max_hp_per_floor":[72,72,72,72,72,72,72,72,72,72,72,72,72,72,72,72,72,72,72,72,72,72,72,72,72,72,72,72,72,86,86,86,86,86,86,86,86,86,86,86,86,86,86,86,86,86,86,86,86,86],"relic_stats":{"Darkstone Periapt":0,"Dream Catcher":1,"counters":[24,106],"Shuriken":[18],"Bird Faced Urn":[160],"Blue Candle":[0],"Ectoplasm":381,"Medical Kit":[45],"obtain_stats":[{"Darkstone Periapt":40,"Blue Candle":42,"Oddly Smooth Stone":6,"Mango":30,"Medical Kit":20,"Burning Blood":0,"Akabeko":43,"Dream Catcher":26,"Shuriken":24,"Bird Faced Urn":14,"Ectoplasm":17,"Red Skull":9,"Runic Cube":34},{"Darkstone Periapt":20,"Blue Candle":20,"Oddly Smooth Stone":4,"Mango":13,"Medical Kit":9,"Burning Blood":0,"Akabeko":20,"Dream Catcher":12,"Shuriken":12,"Bird Faced Urn":7,"Ectoplasm":8,"Red Skull":4,"Runic Cube":15},{"Darkstone Periapt":88,"Blue Candle":88,"Oddly Smooth Stone":13,"Mango":58,"Medical Kit":39,"Burning Blood":0,"Akabeko":88,"Dream Catcher":54,"Shuriken":54,"Bird Faced Urn":26,"Ectoplasm":35,"Red Skull":13,"Runic Cube":69}],"Burning Blood":126,"Runic Cube":[60]},"card_choices":[{"not_picked":["Fiend Fire","Juggernaut"],"picked":"Immolate","floor":0.0},{"not_picked":["Sever Soul","Iron Wave"],"picked":"Warcry","floor":1.0},{"not_picked":["Body Slam","Flex"],"picked":"Dark Embrace","floor":2.0},{"not_picked":["Clash","Seeing Red"],"picked":"Corruption","floor":4.0},{"not_picked":["Inflame","Havoc"],"picked":"Intimidate","floor":6.0},{"not_picked":["Ghostly Armor","Reckless Charge"],"picked":"Sentinel","floor":12.0},{"not_picked":["Shrug It Off","Body Slam"],"picked":"Shockwave","floor":13.0},{"not_picked":["Clothesline","Juggernaut"],"picked":"Combust","floor":14.0},{"not_picked":["Demon Form","Corruption"],"picked":"Limit Break","floor":16.0},{"not_picked":["Armaments","Cleave"],"picked":"Anger","floor":18.0},{"not_picked":["Feel No Pain","Uppercut"],"picked":"Dark Embrace","floor":21.0},{"not_picked":["Warcry","Combust"],"picked":"Inflame+1","floor":22.0},{"not_picked":["Evolve","Perfected Strike","True Grit"],"picked":"SKIP","floor":24.0},{"not_picked":["Headbutt","Battle Trance"],"picked":"Sentinel","floor":28.0},{"not_picked":["Thunderclap+1","Bludgeon"],"picked":"Dropkick+1","floor":31},{"not_picked":["Fiend Fire","Offering"],"picked":"Brutality","floor":33},{"not_picked":["Pummel","Fire Breathing"],"picked":"Disarm+1","floor":35},{"not_picked":["Good Instincts","Impatience"],"picked":"Apotheosis","floor":36},{"not_picked":["Heavy Blade+1","Sword Boomerang","True Grit"],"picked":"SKIP","floor":37},{"not_picked":["Sword Boomerang","Anger+1"],"picked":"Armaments+1","floor":38},{"not_picked":["Cleave","Immolate","Armaments"],"picked":"SKIP","floor":39},{"not_picked":["Body Slam","Whirlwind"],"picked":"Inflame","floor":40},{"not_picked":["Anger","Perfected Strike+1"],"picked":"Flex+1","floor":45},{"not_picked":["Perfected Strike+1","Body Slam"],"picked":"Seeing Red+1","floor":47},{"not_picked":["Sword Boomerang","Dropkick"],"picked":"Warcry+1","floor":48}],"player_experience":21383,"relics_obtained":[{"floor":6.0,"key":"Oddly Smooth Stone"},{"floor":9.0,"key":"Red Skull"},{"floor":14.0,"key":"Bird Faced Urn"},{"floor":24.0,"key":"Shuriken"},{"floor":26.0,"key":"Dream Catcher"},{"floor":40,"key":"Darkstone Periapt"},{"floor":42,"key":"Blue Candle"},{"floor":43,"key":"Akabeko"}],"event_choices":[{"damage_healed":0.0,"max_hp_gain":0.0,"max_hp_loss":0.0,"gold_gain":0.0,"event_name":"Living Wall","player_choice":"Grow","floor":3.0,"gold_loss":0.0,"damage_taken":0.0,"cards_upgraded":["Dark Embrace"]},{"cards_removed":["Defend_R"],"damage_healed":0.0,"max_hp_gain":0.0,"max_hp_loss":0.0,"gold_gain":0.0,"event_name":"Wheel of Change","player_choice":"Card Removal","floor":10.0,"gold_loss":0.0,"damage_taken":0.0},{"damage_healed":0.0,"max_hp_gain":0.0,"max_hp_loss":0.0,"gold_gain":0.0,"event_name":"Match and Keep!","player_choice":"1 cards matched","floor":19.0,"gold_loss":0.0,"damage_taken":0.0,"cards_obtained":["Fiend Fire"]},{"damage_healed":0.0,"max_hp_gain":0.0,"max_hp_loss":0.0,"gold_gain":0.0,"event_name":"WeMeetAgain","player_choice":"Paid Gold","floor":30.0,"gold_loss":53.0,"damage_taken":0.0,"relics_obtained":["Mango"]},{"damage_healed":0,"gold_gain":0,"player_choice":"Memory 1","damage_taken":0,"max_hp_gain":0,"max_hp_loss":0,"event_name":"SensoryStone","floor":36,"gold_loss":0}],"is_beta":false,"boss_relics":[{"not_picked":["Snecko Eye","Empty Cage"],"picked":"Ectoplasm"},{"not_picked":["Runic Dome","Cursed Key"],"picked":"Runic Cube"}],"items_purged_floors":[],"is_endless":false,"potions_floor_spawned":[2,16,18,24,28,31,33,38,40,47],"ascension_level":0}}