{"host":"ilhhjx796p2x2wmd","time":1612074073,"event":{"mods":["AchievementEnabler","BaseMod","BetterRewards","Colored Map","Colored Powertips","DeckTracker","Highlight Path","Minty Spire (QoL Compilation)","Permanent Neow","Rare Cards Sparkle","Shop Mod"],"gold_per_floor":[129,159,109,142,18,18,75,75,75,142,220,220,263,329,329,456,456,525,525,178,244,244,281,281,281,281,281,316,316,381,10,10,112,112,153,229,229,2,44,44,44,44,44,19,83,83,83],"floor_reached":46,"language":"KOR","playtime":1679,"items_purged":["Normality","Defend_R","Defend_R"],"score":652,"play_id":"a0181458-730b-4712-9c52-bc5829e0a1fc","local_time":"20210131152113","is_ascension_mode":true,"campfire_choices":[{"data":"HandOfGreed","floor":6.0,"key":"SMITH"},{"data":"Perfected Strike","floor":8.0,"key":"SMITH"},{"data":"Armaments","floor":15.0,"key":"SMITH"},{"data":"Bash","floor":27.0,"key":"SMITH"},{"floor":29.0,"key":"REST"},{"data":"True Grit","floor":32.0,"key":"SMITH"},{"data":"Demon Form","floor":40,"key":"SMITH"}],"circlet_count":0,"master_deck":["Strike_R","Strike_R","Strike_R","Strike_R","Strike_R","Defend_R","Bash+1","HandOfGreed+1","Cleave","Perfected Strike+1","Armaments+1","True Grit+1","Offering","True Grit+1","HandOfGreed+1","Shrug It Off","Demon Form+1","CurseOfTheBell","Double Tap","Shrug It Off","Parasite"],"relics":["Burning Blood","Bird Faced Urn","Gambling Chip","Gremlin Horn","Runic Pyramid","Juzu Bracelet","Nilry\u0027s Codex","Pen Nib","Shuriken","Lee\u0027s Waffle","Calling Bell","Tiny Chest","Eternal Feather","Torii","CaptainsWheel","Membership Card","Vajra","Singing Bowl","Oddly Smooth Stone"],"acts_visited":["Exordium","TheCity","TheBeyond"],"potions_floor_usage":[36,36,36,39],"damage_taken":[{"damage":0.0,"enemies":"Small Slimes","floor":1.0,"turns":3.0},{"damage":14.0,"enemies":"Jaw Worm","floor":2.0,"turns":3.0},{"damage":6.0,"enemies":"Cultist","floor":4.0,"turns":4.0},{"damage":8.0,"enemies":"Gremlin Nob","floor":7.0,"turns":3.0},{"damage":18.0,"enemies":"2 Fungi Beasts","floor":10.0,"turns":4.0},{"damage":18.0,"enemies":"3 Sentries","floor":11.0,"turns":12.0},{"damage":0.0,"enemies":"Lots of Slimes","floor":13.0,"turns":1.0},{"damage":18.0,"enemies":"Large Slime","floor":14.0,"turns":8.0},{"damage":18.0,"enemies":"Slime Boss","floor":16.0,"turns":6.0},{"damage":12.0,"enemies":"3 Byrds","floor":18.0,"turns":5.0},{"damage":12.0,"enemies":"2 Thieves","floor":21.0,"turns":3.0},{"damage":7.0,"enemies":"Snecko","floor":23.0,"turns":3.0},{"damage":60.0,"enemies":"Book of Stabbing","floor":28.0,"turns":4.0},{"damage":37.0,"enemies":"Chosen and Byrds","floor":30.0,"turns":5.0},{"damage":67.0,"enemies":"Champ","floor":33.0,"turns":9.0},{"damage":44.0,"enemies":"3 Darklings","floor":35.0,"turns":5.0},{"damage":27,"enemies":"2 Orb Walkers","floor":36,"turns":5},{"damage":17,"enemies":"Orb Walker","floor":39,"turns":2},{"damage":18,"enemies":"Sphere and 2 Shapes","floor":45,"turns":5},{"damage":22,"enemies":"Writhing Mass","floor":46,"turns":3}],"seed_played":"1186444674723793707","potions_obtained":[{"floor":1.0,"key":"BlessingOfTheForge"},{"floor":7.0,"key":"ColorlessPotion"},{"floor":11.0,"key":"ColorlessPotion"},{"floor":13.0,"key":"Explosive Potion"},{"floor":21.0,"key":"BlessingOfTheForge"},{"floor":30.0,"key":"DuplicationPotion"},{"floor":33.0,"key":"SkillPotion"},{"floor":36,"key":"Regen Potion"},{"floor":45,"key":"SkillPotion"}],"is_trial":false,"path_per_floor":["M","M","?","M","$","R","E","R","T","M","E","?","M","M","R","B",null,"M","?","$","M","?","M","?","?","T","R","E","R","M","$","R","B",null,"M","?","?","$","M","R","?","T","T","$","M","M"],"character_chosen":"IRONCLAD","items_purchased":["Armaments","Juzu Bracelet","Fruit Juice","Lee\u0027s Waffle","EntropicBrew","Membership Card","Vajra","Shrug It Off"],"campfire_rested":1,"item_purchase_floors":[5,20,20,31,31,38,38,44],"current_hp_per_floor":[78,70,70,70,70,70,68,68,68,56,44,49,55,43,43,31,72,66,95,100,94,94,93,93,77,77,77,23,53,22,107,107,50,93,57,38,38,38,32,41,31,31,31,31,23,1,1],"gold":83,"neow_bonus":"RANDOM_COLORLESS_2","is_daily":false,"chose_seed":false,"campfire_upgraded":6,"win_rate":0.0,"timestamp":1612074073,"path_taken":["M","M","?","M","$","R","E","R","T","M","E","?","M","M","R","BOSS","M","?","$","M","?","M","?","?","T","R","E","R","M","$","R","BOSS","M","?","?","$","M","R","?","?","T","$","M","M"],"items_purchased_type":["Card","Relic","Potion","Relic","Potion","Relic","Relic","Card"],"build_version":"2020-12-22","purchased_purges":3,"victory":false,"max_hp_per_floor":[80,80,80,80,80,80,80,80,80,80,80,85,85,85,85,85,85,85,95,100,100,100,100,100,100,100,100,100,100,100,107,107,107,107,107,107,107,107,107,107,107,107,107,107,109,109,109],"card_choices":[{"not_picked":["Secret Weapon","Apotheosis"],"picked":"HandOfGreed","floor":0.0},{"not_picked":["Wild Strike","True Grit"],"picked":"Cleave","floor":1.0},{"not_picked":["Flex","Body Slam","Wild Strike"],"picked":"SKIP","floor":2.0},{"not_picked":["Sentinel","Dark Embrace"],"picked":"Perfected Strike","floor":4.0},{"not_picked":["Second Wind","Thunderclap","Sword Boomerang"],"picked":"SKIP","floor":7.0},{"not_picked":["Rampage","Brutality"],"picked":"True Grit","floor":10.0},{"not_picked":["Anger","Flame Barrier"],"picked":"Fiend Fire","floor":11.0},{"not_picked":["Sentinel","Bloodletting","Body Slam"],"picked":"SKIP","floor":13.0},{"not_picked":["Uppercut","Flex","Rampage"],"picked":"SKIP","floor":14.0},{"not_picked":["Fiend Fire","Barricade"],"picked":"Offering","floor":16.0},{"not_picked":["Combust","Iron Wave"],"picked":"True Grit+1","floor":18.0},{"not_picked":["Warcry","Pummel","Thunderclap"],"picked":"SKIP","floor":21.0},{"not_picked":["Thunderclap","Cleave+1","True Grit"],"picked":"SKIP","floor":23.0},{"not_picked":["Fiend Fire","Headbutt"],"picked":"Shrug It Off","floor":28.0},{"not_picked":["Iron Wave","Thunderclap+1","Headbutt"],"picked":"SKIP","floor":30.0},{"not_picked":["Bludgeon","Berserk"],"picked":"Demon Form","floor":33.0},{"not_picked":["Cleave+1","Flame Barrier+1","Heavy Blade"],"picked":"SKIP","floor":35.0},{"not_picked":["Anger","Sword Boomerang+1"],"picked":"Double Tap","floor":36},{"not_picked":["Warcry+1","Sentinel","Anger"],"picked":"SKIP","floor":39},{"not_picked":["Carnage+1","Heavy Blade+1","True Grit+1"],"picked":"Singing Bowl","floor":45}],"player_experience":318382,"relics_obtained":[{"floor":7.0,"key":"Bird Faced Urn"},{"floor":9.0,"key":"Gambling Chip"},{"floor":11.0,"key":"Gremlin Horn"},{"floor":25.0,"key":"Nilry\u0027s Codex"},{"floor":26.0,"key":"Pen Nib"},{"floor":28.0,"key":"Shuriken"},{"floor":34.0,"key":"Tiny Chest"},{"floor":34.0,"key":"Eternal Feather"},{"floor":34.0,"key":"Torii"},{"floor":36,"key":"CaptainsWheel"},{"floor":42,"key":"Singing Bowl"},{"floor":43,"key":"Oddly Smooth Stone"}],"event_choices":[{"cards_removed":["Defend_R"],"damage_healed":0.0,"max_hp_gain":0.0,"max_hp_loss":0.0,"gold_gain":0.0,"event_name":"The Cleric","player_choice":"Card Removal","floor":3.0,"gold_loss":50.0,"damage_taken":0.0},{"damage_healed":0.0,"max_hp_gain":5.0,"max_hp_loss":0.0,"gold_gain":0.0,"event_name":"Big Fish","player_choice":"Donut","floor":12.0,"gold_loss":0.0,"damage_taken":0.0},{"cards_removed":["Fiend Fire"],"damage_healed":19.0,"max_hp_gain":10.0,"max_hp_loss":0.0,"gold_gain":0.0,"event_name":"Bonfire Elementals","player_choice":"Offered Rare","floor":19.0,"gold_loss":0.0,"damage_taken":0.0},{"damage_healed":0.0,"max_hp_gain":0.0,"max_hp_loss":0.0,"gold_gain":0.0,"event_name":"Vampires","player_choice":"Ignored","floor":22.0,"gold_loss":0.0,"damage_taken":0.0},{"damage_healed":0.0,"max_hp_gain":0.0,"max_hp_loss":0.0,"gold_gain":0.0,"event_name":"Duplicator","player_choice":"Copied","floor":24.0,"gold_loss":0.0,"damage_taken":0.0,"cards_obtained":["HandOfGreed"]},{"damage_healed":0.0,"max_hp_gain":0.0,"max_hp_loss":0.0,"gold_gain":0.0,"event_name":"Cursed Tome","player_choice":"Obtained Book","floor":25.0,"gold_loss":0.0,"damage_taken":16.0},{"damage_healed":0,"gold_gain":0,"player_choice":"Fight","damage_taken":0,"max_hp_gain":0,"max_hp_loss":0,"event_name":"Mysterious Sphere","floor":36,"gold_loss":0},{"damage_healed":0,"gold_gain":0,"player_choice":"Ignored","damage_taken":0,"max_hp_gain":0,"max_hp_loss":0,"event_name":"Tomb of Lord Red Mask","floor":37,"gold_loss":0},{"damage_healed":0,"gold_gain":0,"player_choice":"Damaged","damage_taken":10,"max_hp_gain":0,"max_hp_loss":0,"event_name":"Wheel of Change","floor":41,"gold_loss":0}],"is_beta":false,"boss_relics":[{"not_picked":["Coffee Dripper","Empty Cage"],"picked":"Runic Pyramid"},{"not_picked":["SlaversCollar","Astrolabe"],"picked":"Calling Bell"}],"items_purged_floors":[5,20,31],"is_endless":false,"potions_floor_spawned":[1,7,11,13,21,30,33,36,45],"killed_by":"Writhing Mass","ascension_level":7}}