{"host":"cq8xacpj8p19paz6","time":1612123198,"event":{"mods":["Aspiration","BaseMod","Better Altar","Better Match","Better Sensory Stone","Better Skull","Better Third Choice","BetterRewards","Conspire","Downfall","Hermit","Infinite Spire","Marisa????????","Minty Spire (QoL Compilation)","Replay The Spire","Shop Mod","StSLib","The Bladedancer","The Cursed","The Disciple","The Hierophant","The Jungle","The Necromancer","The Poker Player","The Runesmith","The Servant 0.9.4"],"gold_per_floor":[117,117,135,150,6,6,17,17,42,62,62,105,119,196,196,299,299,314,314,314,15,15,15,30,49,49,49,49,49,49,65,65,169,169,182,201,201,161,179,179,192,0,0,0,0,0,18,18,18,18],"floor_reached":51,"language":"ENG","playtime":2672,"items_purged":["Pain","downfall:Icky"],"score":760,"play_id":"12ea24d5-b685-4248-952a-202f4bf35a58","local_time":"20210131195958","is_ascension_mode":false,"campfire_choices":[{"data":"Rage","floor":6.0,"key":"SMITH"},{"data":"Anger","floor":8.0,"key":"SMITH"},{"data":"Run Through","floor":15.0,"key":"SMITH"},{"data":"Demon Form","floor":23.0,"key":"SMITH"},{"data":"infinitespire:OneForAll","floor":27.0,"key":"SMITH"},{"data":"Pommel Strike","floor":29,"key":"SMITH"},{"data":"Demon Form","floor":40,"key":"SMITH"},{"data":"sneckomod:UnknownRareAttack","floor":46,"key":"SMITH"}],"circlet_count":0,"master_deck":["Strike_R","Strike_R+1","Strike_R","Strike_R","Strike_R","Defend_R","Defend_R","Defend_R","Defend_R","Bash","Rage+1","infinitespire:OneForAll+1","Twin Strike","Anger+1","Cleave","Pommel Strike+1","Run Through+1","Demon Form+1","Pot Of Greed","Pot Of Greed","Rage+1","Heavy Blade","Inflame+1","sneckomod:UnknownClassRED+1","Demon Form+1","sneckomod:UnknownRareAttack+1","Pot Of Greed","ReplayTheSpireMod:IOU","TheCursedMod:Dregs","Sickly"],"relics":["Burning Blood","Blood Vial","Ring of Hypnosis","ReplayTheSpireMod:Ring of Exchange","MealTicket","Juzu Bracelet","WarpedTongs","Singing Bowl","Replay:Grab Bag","aspiration:FutureDiary","Mark of Pain","aspiration:ServantSkillbook","infinitespire:WardingShard","Grinning Jar","Blue Doll","Pet Ghost","Torii","conspire:BottledYoYo","downfall:ExtraCursedKey","PrismaticShard","Toolbox","Red Mask","Replay:Bottled Steam","Darkstone Periapt","Replay:WaspNest"],"acts_visited":["Exordium","TheCity","TheBeyond"],"potions_floor_usage":[33,33,50,50,50],"damage_taken":[{"damage":0.0,"enemies":"2 Louse","floor":1.0,"turns":2.0},{"damage":0.0,"enemies":"Small Slimes","floor":3.0,"turns":3.0},{"damage":4.0,"enemies":"Cultist","floor":4.0,"turns":3.0},{"damage":7.0,"enemies":"2 Fungi Beasts","floor":7.0,"turns":4.0},{"damage":9.0,"enemies":"Exordium Wildlife","floor":10.0,"turns":3.0},{"damage":14.0,"enemies":"conspire:2 RoseBushes","floor":13.0,"turns":4.0},{"damage":25.0,"enemies":"The Guardian","floor":16.0,"turns":7.0},{"damage":22.0,"enemies":"Shell Parasite","floor":18.0,"turns":3.0},{"damage":0.0,"enemies":"2 Thieves","floor":24.0,"turns":4.0},{"damage":0.0,"enemies":"Sentry and Sphere","floor":25.0,"turns":4.0},{"damage":0,"enemies":"Snake Plant","floor":31,"turns":3},{"damage":0,"enemies":"Collector","floor":33,"turns":4},{"damage":28,"enemies":"3 Darklings","floor":35,"turns":6},{"damage":12,"enemies":"3 Shapes","floor":36,"turns":4},{"damage":46,"enemies":"Writhing Mass","floor":39,"turns":4},{"damage":0,"enemies":"Jaw Worm Horde","floor":41,"turns":3},{"damage":34,"enemies":"4 Shapes","floor":47,"turns":3},{"damage":8,"enemies":"4 Shapes","floor":49,"turns":4},{"damage":77,"enemies":"Replay:Hell Engine","floor":50,"turns":8}],"seed_played":"-7857479610458308709","potions_obtained":[{"floor":1.0,"key":"CultistPotion"},{"floor":3.0,"key":"Fire Potion"},{"floor":7.0,"key":"DuplicationPotion"},{"floor":10.0,"key":"Regen Potion"},{"floor":24.0,"key":"sneckomod:MuddlingPotion"},{"floor":36,"key":"Death Potion"},{"floor":47,"key":"PowerPotion"},{"floor":49,"key":"BloodPotion"}],"is_trial":false,"path_per_floor":["M","?","M","M","$","R","M","R","T","M","?","?","M","T","R","B",null,"M","AVR","?","$","?","R","M","M","T","R","?","R","?","M","R","B",null,"M","M","?","?","M","R","M","?","T","AVR","?","R","M","T","R","B",null],"character_chosen":"IRONCLAD","items_purchased":["Blood Vial","SkillPotion","MealTicket","Torii"],"campfire_rested":0,"item_purchase_floors":[0,0,5,21],"current_hp_per_floor":[80,80,80,80,80,80,79,79,79,77,77,77,71,71,71,61,80,66,66,1,16,16,16,82,84,84,84,84,84,84,86,78,88,88,68,64,46,46,50,50,60,60,60,60,60,60,36,48,50,58],"gold":18,"neow_bonus":"","is_daily":false,"chose_seed":false,"campfire_upgraded":8,"win_rate":0.0,"timestamp":1612123198,"path_taken":["M","?","M","M","$","R","M","R","T","M","?","?","M","?","R","BOSS","M","AVR","?","$","?","R","M","M","T","R","?","R","?","M","R","BOSS","M","M","?","?","M","R","M","?","T","AVR","?","R","M","?","R","BOSS"],"items_purchased_type":["Relic","Potion","Relic","Relic"],"build_version":"2020-12-22","purchased_purges":2,"victory":true,"max_hp_per_floor":[80,80,80,80,80,80,80,80,80,80,80,80,80,80,80,80,80,82,82,82,82,82,82,82,84,84,84,84,84,84,86,86,88,88,90,90,90,90,90,90,92,92,92,92,92,92,94,106,108,108],"card_choices":[{"not_picked":["Havoc","Seeing Red"],"picked":"Rage","floor":1.0},{"not_picked":["Body Slam","Spot Weakness"],"picked":"infinitespire:OneForAll","floor":3.0},{"not_picked":["Searing Blow","Shockwave"],"picked":"Twin Strike","floor":4.0},{"not_picked":["Armaments","Cleave"],"picked":"Anger","floor":7.0},{"not_picked":["conspire:Purge","Warcry"],"picked":"Cleave","floor":10.0},{"not_picked":["True Grit","Cleave"],"picked":"Pommel Strike","floor":12.0},{"not_picked":["Headbutt","True Grit"],"picked":"Run Through","floor":13.0},{"not_picked":["Juggernaut","Hemogenesis"],"picked":"Demon Form","floor":16.0},{"not_picked":["Replay:Undeath\u0027s Touch","Defy+1","GearUp+1","Twin Strike+1"],"picked":"Singing Bowl","floor":18.0},{"not_picked":["Cleave","Run Through","Spin"],"picked":"Heavy Blade","floor":24.0},{"not_picked":["Perfected Strike","Deadline+1","FastForward","Feel No Pain+1"],"picked":"Singing Bowl","floor":25.0},{"not_picked":["Rearm","Exhume","Defy Death","Orbit"],"picked":"Singing Bowl","floor":31},{"not_picked":["MoonPhase","ShatteredReality","Perfected Strike"],"picked":"Inflame","floor":32},{"not_picked":["RageCommand","Machine Learning","FlawlessForm","blademaster:ColdBlood"],"picked":"Singing Bowl","floor":33},{"not_picked":["sneckomod:IronFang+1","TheCursedMod:SpitefulPlan","Perfected Strike+1","hierophant:ThreeLashes"],"picked":"Singing Bowl","floor":35},{"not_picked":["sneckomod:UnknownClassSLIMEBOUND+1","champ:FocusedBerserking","Blood_Shield+1"],"picked":"sneckomod:UnknownClassRED+1","floor":36},{"not_picked":["Starlight+1","Toxin Wave+1","PokerPlayerMod:CloakAndDiamond+1"],"picked":"sneckomod:UnknownRareAttack","floor":39},{"not_picked":["sneckomod:UnknownClassMARISA_DERIVATIONS","Stack","hierophant:Repentance+1","Run Through+1"],"picked":"Singing Bowl","floor":41},{"not_picked":["RealityMarble+1","TheCursedMod:ForbiddenAlchemy","PathToVictory+1","UnstableBomb"],"picked":"Singing Bowl","floor":47},{"not_picked":["hermit:Virtue+1","blademaster:Momentum+1","champ:EnGarde","hermit:Grudge+1"],"picked":"Singing Bowl","floor":49}],"player_experience":91906,"relics_obtained":[{"floor":2.0,"key":"Ring of Hypnosis"},{"floor":2.0,"key":"ReplayTheSpireMod:Ring of Exchange"},{"floor":9.0,"key":"Juzu Bracelet"},{"floor":14.0,"key":"Singing Bowl"},{"floor":26.0,"key":"conspire:BottledYoYo"},{"floor":32,"key":"PrismaticShard"},{"floor":43,"key":"Replay:Bottled Steam"},{"floor":48,"key":"Replay:WaspNest"}],"event_choices":[{"damage_healed":0.0,"max_hp_gain":0.0,"max_hp_loss":0.0,"gold_gain":0.0,"event_name":"Accursed Blacksmith","player_choice":"Rummage","floor":11.0,"gold_loss":0.0,"damage_taken":0.0,"relics_obtained":["WarpedTongs"],"cards_obtained":["Pain"]},{"damage_healed":0.0,"max_hp_gain":0.0,"max_hp_loss":0.0,"gold_gain":0.0,"event_name":"betterSkull:BetterSkull","player_choice":"RE RE RE UP ","floor":20.0,"gold_loss":0.0,"damage_taken":73.0,"cards_upgraded":["Strike_R"],"relics_obtained":["Grinning Jar","Blue Doll","Pet Ghost"]},{"damage_healed":0.0,"max_hp_gain":0.0,"max_hp_loss":0.0,"gold_gain":0.0,"event_name":"Duplicator","player_choice":"Copied","floor":22.0,"gold_loss":0.0,"damage_taken":0.0,"cards_obtained":["Rage"]},{"damage_healed":0,"gold_gain":0,"player_choice":"Full Heal","damage_taken":0,"max_hp_gain":0,"max_hp_loss":0,"event_name":"Wheel of Change","floor":28,"gold_loss":0},{"damage_healed":0,"gold_gain":3,"player_choice":"2","damage_taken":0,"max_hp_gain":0,"max_hp_loss":18,"event_name":"betterStone:BetterStone","floor":37,"gold_loss":0},{"damage_healed":0,"gold_gain":0,"player_choice":"Upgrade","damage_taken":0,"max_hp_gain":0,"max_hp_loss":0,"event_name":"Designer","floor":38,"gold_loss":40,"cards_upgraded":["Inflame"]},{"damage_healed":0,"gold_gain":0,"player_choice":"Paid","damage_taken":0,"relics_obtained":["Red Mask"],"max_hp_gain":0,"max_hp_loss":0,"event_name":"Tomb of Lord Red Mask","floor":42,"gold_loss":192},{"damage_healed":0,"gold_gain":0,"player_choice":"Leave","damage_taken":0,"max_hp_gain":0,"max_hp_loss":0,"event_name":"conspire:Investor","floor":45,"gold_loss":0}],"is_beta":false,"boss_relics":[{"not_picked":["Guide Book","Velvet Choker"],"picked":"Replay:Grab Bag"},{"not_picked":["Runic Dome","Runesmith:UraniumAnvil"],"picked":"aspiration:FutureDiary"},{"not_picked":["Replay:Wanted Poster","ReplayTheSpireMod:Onyx Gauntlets"],"picked":"Mark of Pain"},{"not_picked":["Replay:Drink Me","aspiration:SecretTechniqueScroll"],"picked":"aspiration:ServantSkillbook"},{"not_picked":["Cauldron","Frozen Eye"],"picked":"Toolbox"}],"items_purged_floors":[19,44],"is_endless":false,"potions_floor_spawned":[1,3,7,10,24,36,41,47,49],"ascension_level":0}}