{"host":"0kk91h4bq4kgfj0u","time":1612051757,"event":{"mods":["BaseMod","Minty Spire (QoL Compilation)","StSLib"],"gold_per_floor":[16,27,27,27,51,94,94,138,138,138,138,154,173,16,16,139,202,226,226,226],"floor_reached":19,"language":"ENG","playtime":597,"items_purged":[],"score":221,"play_id":"65172a60-5ba2-4f50-a62e-9d026a40a02c","local_time":"20210130190917","is_ascension_mode":true,"campfire_choices":[{"floor":7,"key":"REST"},{"data":"Adrenaline","floor":11,"key":"SMITH"},{"data":"Survivor","floor":15,"key":"SMITH"}],"circlet_count":0,"master_deck":["Strike_G","Strike_G","Strike_G","Strike_G","Strike_G","Defend_G","Defend_G","Defend_G","Defend_G","Defend_G","Survivor+1","Neutralize","Adrenaline+1","Dagger Spray","Sucker Punch","Injury","Backflip","Backstab","Dodge and Roll+1","Dash","Corpse Explosion","Tools of the Trade","Backflip","Riddle With Holes+1"],"relics":["Ring of the Snake","Golden Idol","Toy Ornithopter","StoneCalendar","Ancient Tea Set","Pantograph","Regal Pillow","Tiny House"],"acts_visited":["Exordium","TheCity"],"potions_floor_usage":[6,16,16,16,19],"damage_taken":[{"damage":1,"enemies":"Cultist","floor":1,"turns":3},{"damage":0,"enemies":"2 Louse","floor":2,"turns":2},{"damage":0,"enemies":"Small Slimes","floor":5,"turns":2},{"damage":24,"enemies":"Gremlin Nob","floor":6,"turns":4},{"damage":22,"enemies":"3 Sentries","floor":8,"turns":7},{"damage":0,"enemies":"Looter","floor":12,"turns":3},{"damage":0,"enemies":"2 Fungi Beasts","floor":13,"turns":2},{"damage":66,"enemies":"Hexaghost","floor":16,"turns":15},{"damage":18,"enemies":"Spheric Guardian","floor":18,"turns":7},{"damage":52,"enemies":"Masked Bandits","floor":19,"turns":4}],"seed_played":"-7404370410321469154","potions_obtained":[{"floor":5,"key":"Energy Potion"},{"floor":8,"key":"Swift Potion"},{"floor":12,"key":"AttackPotion"},{"floor":13,"key":"CunningPotion"},{"floor":17,"key":"LiquidBronze"}],"is_trial":false,"path_per_floor":["M","M","?","?","M","E","R","E","T","?","R","M","M","$","R","B",null,"M","?"],"character_chosen":"THE_SILENT","items_purchased":["Regal Pillow"],"campfire_rested":1,"item_purchase_floors":[14],"current_hp_per_floor":[69,69,69,57,57,38,59,37,37,42,42,42,42,42,42,16,65,47,0,0],"gold":226,"neow_bonus":"THREE_RARE_CARDS","is_daily":false,"chose_seed":false,"campfire_upgraded":2,"win_rate":0.0,"timestamp":1612051757,"path_taken":["M","M","?","?","M","E","R","E","T","?","R","M","M","?","R","BOSS","M","?"],"items_purchased_type":["Relic"],"build_version":"2020-12-22","purchased_purges":0,"victory":false,"max_hp_per_floor":[70,70,70,70,70,70,70,70,70,75,75,75,75,75,75,75,80,80,80,80],"card_choices":[{"not_picked":["Doppelganger","Malaise"],"picked":"Adrenaline","floor":0},{"not_picked":["Underhanded Strike","Endless Agony"],"picked":"Dagger Spray","floor":1},{"not_picked":["Catalyst","Eviscerate"],"picked":"Sucker Punch","floor":2},{"not_picked":["PiercingWail","Crippling Poison"],"picked":"Backflip","floor":5},{"not_picked":["Leg Sweep","Concentrate"],"picked":"Backstab","floor":6},{"not_picked":["Concentrate","Dagger Spray"],"picked":"Dodge and Roll","floor":8},{"not_picked":["Underhanded Strike","Acrobatics"],"picked":"Dash","floor":12},{"not_picked":["Riddle With Holes","All Out Attack"],"picked":"Corpse Explosion","floor":13},{"not_picked":["Corpse Explosion","Wraith Form v2"],"picked":"Tools of the Trade","floor":16},{"not_picked":["Acrobatics","Prepared"],"picked":"Backflip","floor":17},{"not_picked":["Bouncing Flask","Backstab"],"picked":"Riddle With Holes+1","floor":18}],"player_experience":828954,"relics_obtained":[{"floor":6,"key":"StoneCalendar"},{"floor":8,"key":"Ancient Tea Set"},{"floor":9,"key":"Pantograph"}],"event_choices":[{"damage_healed":0,"gold_gain":0,"player_choice":"Take Wound","damage_taken":0,"relics_obtained":["Golden Idol"],"max_hp_gain":0,"max_hp_loss":0,"event_name":"Golden Idol","floor":3,"gold_loss":0,"cards_obtained":["Injury"]},{"damage_healed":0,"gold_gain":0,"player_choice":"Success","damage_taken":12,"relics_obtained":["Toy Ornithopter"],"max_hp_gain":0,"max_hp_loss":0,"event_name":"Scrap Ooze","floor":4,"gold_loss":0},{"damage_healed":0,"gold_gain":0,"player_choice":"Donut","damage_taken":0,"max_hp_gain":5,"max_hp_loss":0,"event_name":"Big Fish","floor":10,"gold_loss":0},{"damage_healed":0,"gold_gain":0,"player_choice":"Fought Bandits","damage_taken":0,"max_hp_gain":0,"max_hp_loss":0,"event_name":"Masked Bandits","floor":19,"gold_loss":0}],"is_beta":false,"boss_relics":[{"not_picked":["Snecko Eye","SacredBark"],"picked":"Tiny House"}],"items_purged_floors":[],"is_endless":false,"potions_floor_spawned":[5,8,12,13],"killed_by":"Masked Bandits","ascension_level":5}}