{"host":"d5i1qeb9dejicw1z","time":1612069627,"event":{"mods":["AchievementEnabler","BaseMod","Better Note","BetterRewards","Gold Saver","Minty Spire (QoL Compilation)","Permanent Neow","Relic Filter Mod","Reliquary","Replay The Spire","StSLib"],"gold_per_floor":[248,0,0,12,12,12,12,43,125,125,138,54,54,54,54,131,131,144,156,156,171,14,14,14,48,73,85,102,17,17,36,36,36,36],"floor_reached":33,"language":"ENG","playtime":1202,"items_purged":[],"score":513,"play_id":"0e39a720-a935-47e9-9e4e-78d8988a8dac","local_time":"20210130210707","is_ascension_mode":true,"campfire_choices":[{"data":"Draining Mist","floor":6,"key":"SMITH"},{"data":"Bouncing Flask","floor":10,"key":"SMITH"},{"data":"Blur","floor":13,"key":"SMITH"},{"floor":15,"key":"DIG"},{"floor":24,"key":"REST"},{"floor":30,"key":"REST"},{"floor":32,"key":"REST"}],"circlet_count":0,"master_deck":["AscendersBane","Strike_G","Strike_G","Strike_G","Defend_G","Defend_G","Defend_G","Defend_G","Defend_G+1","Survivor+1","Neutralize","Draining Mist+1","Dodge and Roll","Bouncing Flask+1","Blur+1","After Image","Backflip+1","Poisoned Stab","Decay","Replay:Poison Smokescreen+1","ReplayTheSpireMod:Tripwire+1","Noxious Fumes","Draining Mist+1"],"relics":["Ring of the Snake","reliquary:RadioactivePellet","FossilizedHelix","Turnip","Ninja Scroll","reliquary:TuningFork","Empty Cage","Gremlin Food","Pen Nib","ReplayTheSpireMod:TigerMarble"],"acts_visited":["Exordium","TheCity"],"potions_floor_usage":[8,33],"damage_taken":[{"damage":1,"enemies":"Cultist","floor":1,"turns":4},{"damage":0,"enemies":"Jaw Worm","floor":4,"turns":5},{"damage":19,"enemies":"Lagavulin","floor":8,"turns":8},{"damage":0,"enemies":"Small Slimes","floor":11,"turns":2},{"damage":6,"enemies":"The Guardian","floor":16,"turns":9},{"damage":10,"enemies":"3 Byrds","floor":18,"turns":4},{"damage":37,"enemies":"Chosen","floor":19,"turns":6},{"damage":4,"enemies":"Snake Plant","floor":21,"turns":4},{"damage":12,"enemies":"Replay:Snechameleon","floor":25,"turns":6},{"damage":0,"enemies":"Snecko","floor":27,"turns":5},{"damage":57,"enemies":"Cultist and Chosen","floor":28,"turns":8},{"damage":15,"enemies":"Chosen and Byrds","floor":31,"turns":6},{"damage":58,"enemies":"Pondfish","floor":33,"turns":12}],"seed_played":"8074037682027941212","potions_obtained":[{"floor":1,"key":"AttackPotion"},{"floor":4,"key":"FairyPotion"},{"floor":7,"key":"Regen Potion"},{"floor":19,"key":"Weak Potion"},{"floor":21,"key":"Dexterity Potion"}],"is_trial":false,"path_per_floor":["M","$","T","M","?","R","?","E","T","R","M","$","R","$","R","B",null,"M","M","?","M","$","?","R","E","T","M","M","$","R","M","R","B"],"character_chosen":"THE_SILENT","items_purchased":["reliquary:RadioactivePellet","Draining Mist","Blur","Gremlin Food","Noxious Fumes"],"campfire_rested":3,"item_purchase_floors":[2,2,12,22,29],"current_hp_per_floor":[58,58,58,58,58,58,58,50,50,50,50,50,50,50,50,44,61,51,14,76,72,72,72,76,64,64,64,7,7,29,14,36,0,0],"gold":36,"neow_bonus":"ONE_RANDOM_RARE_CARD","is_daily":false,"chose_seed":false,"campfire_upgraded":3,"win_rate":0.0,"timestamp":1612069627,"path_taken":["M","?","?","?","?","R","?","E","T","R","?","?","R","$","R","BOSS","M","M","?","M","?","?","R","E","T","?","M","$","R","M","R","BOSS"],"items_purchased_type":["Relic","Card","Card","Relic","Card"],"build_version":"2020-12-22","purchased_purges":0,"victory":false,"max_hp_per_floor":[66,66,66,66,66,66,66,66,66,66,66,66,66,66,66,66,66,66,66,76,76,76,76,76,76,76,76,76,76,76,76,76,76,76],"card_choices":[{"not_picked":["Distraction","Cloak And Dagger","Dagger Throw"],"picked":"SKIP","floor":1},{"not_picked":["Underhanded Strike","Cloak And Dagger"],"picked":"Dodge and Roll","floor":4},{"not_picked":["Bane","Slice"],"picked":"Bouncing Flask","floor":8},{"not_picked":["All Out Attack","Dagger Throw","Dagger Spray"],"picked":"SKIP","floor":11},{"not_picked":["Night Terror","Unload"],"picked":"After Image","floor":16},{"not_picked":["Cloak And Dagger","ReplayTheSpireMod:Scrap Shanks","Dodge and Roll"],"picked":"SKIP","floor":18},{"not_picked":["Dagger Throw","ReplayTheSpireMod:Scrap Shanks"],"picked":"Backflip","floor":19},{"not_picked":["Underhanded Strike","Dagger Throw"],"picked":"Poisoned Stab","floor":21},{"not_picked":["Blade Dance","Bane"],"picked":"Replay:Poison Smokescreen+1","floor":25},{"not_picked":["Dash","Bane","Choke"],"picked":"SKIP","floor":27},{"not_picked":["Poisoned Stab","Dodge and Roll"],"picked":"ReplayTheSpireMod:Tripwire+1","floor":28},{"not_picked":["Phantasmal Killer","Dagger Spray"],"picked":"Draining Mist+1","floor":31}],"player_experience":1186193,"relics_obtained":[{"floor":3,"key":"FossilizedHelix"},{"floor":8,"key":"Turnip"},{"floor":9,"key":"Ninja Scroll"},{"floor":15,"key":"reliquary:TuningFork"},{"floor":25,"key":"Pen Nib"},{"floor":26,"key":"ReplayTheSpireMod:TigerMarble"}],"event_choices":[{"damage_healed":0,"gold_gain":0,"player_choice":"Got Potions","damage_taken":0,"max_hp_gain":0,"max_hp_loss":0,"event_name":"Lab","floor":7,"gold_loss":0},{"cards_removed":["Corpse Explosion"],"damage_healed":52,"gold_gain":0,"player_choice":"Offered Rare","damage_taken":0,"max_hp_gain":10,"max_hp_loss":0,"event_name":"Bonfire Elementals","floor":20,"gold_loss":0},{"damage_healed":0,"gold_gain":0,"player_choice":"Cursed","damage_taken":0,"max_hp_gain":0,"max_hp_loss":0,"event_name":"Wheel of Change","floor":23,"gold_loss":0,"cards_obtained":["Decay"]}],"is_beta":false,"boss_relics":[{"not_picked":["SacredBark","WristBlade"],"picked":"Empty Cage"}],"items_purged_floors":[],"is_endless":false,"potions_floor_spawned":[1,4,19,21,31],"killed_by":"Pondfish","ascension_level":19}}