{"host":"o3b7ow6d1xe49css","time":1612070266,"event":{"mods":["Act Like it!","Aspiration","BaseMod","Bestiary","Better Altar","Better Match","Better Note","Better Sensory Stone","Better Skull","Better Third Choice","Colored Powertips","Conspire","Energized Spire","Force Act Four","GifTheSpireLib","Halation","Hermit","Hubris","Infinite Spire","Lobotomy","Minty Spire (QoL Compilation)","Quick Restart","Rare Cards Sparkle","Relic Filter Mod","Reliquary","Replay The Spire","Spicy Shops","Spikes Relics","Spire Arcade","StSLib","Stuff the Spire","The Blue Laboratory","Wandering Minibosses"],"gold_per_floor":[118,136,156,173,173,173,208,243,243,518,296,322,353,367,367,462,462,480,480,480,480,480,480,480],"floor_reached":23,"language":"ENG","playtime":2034,"items_purged":["Regret","Strike_P"],"score":303,"play_id":"2ab05a97-bf26-46a8-8f8a-e79002220f73","local_time":"20210130201746","daily_mods":["Heirloom","Flight"],"is_ascension_mode":true,"campfire_choices":[{"data":"Eruption","floor":6,"key":"SMITH"},{"data":"FlurryOfBlows","floor":15,"key":"SMITH"}],"circlet_count":0,"master_deck":["Strike_P+1","Strike_P+1","Strike_P+1","Defend_P+1","Defend_P+1","Defend_P+1","Defend_P+1","Eruption+1","Vigilance","BowlingBash","FlurryOfBlows+1","Wireheading+1","Omniscience+1","GreedKing","ClearTheMind","OldLady","Scorched","Consecrate","StuffTheSpire:Harmony","Pain","Pain"],"relics":["PureWater","Ring of Chaos","Lizard Tail","halation:PinkSoulGem","Blood Vial","reliquary:HotPoker","Yang","CogitoBucket","Guide Book","ReplayTheSpireMod:TigerMarble","hubris:DeckOfHolding","reliquary:RedCape","Onion Ring","Pondfish Scales"],"acts_visited":["Exordium","TheCity"],"potions_floor_usage":[4,16,18],"damage_taken":[{"damage":2,"enemies":"Jaw Worm","floor":1,"turns":4},{"damage":1,"enemies":"Cultist","floor":2,"turns":4},{"damage":0,"enemies":"Small Slimes","floor":3,"turns":2},{"damage":7,"enemies":"Looter","floor":4,"turns":3},{"damage":3,"enemies":"Replay:BlueRogue","floor":7,"turns":3},{"damage":17,"enemies":"3 Sentries","floor":8,"turns":4},{"damage":16,"enemies":"Gremlin Nob","floor":12,"turns":3},{"damage":0,"enemies":"3 Sentries","floor":13,"turns":4},{"damage":0,"enemies":"Large Slime","floor":14,"turns":4},{"damage":22,"enemies":"Hexaghost","floor":16,"turns":7},{"damage":15,"enemies":"Shell Parasite","floor":18,"turns":3},{"damage":3,"enemies":"Nightmare","floor":23,"turns":2}],"seed_played":"-4656458631364605047","potions_obtained":[{"floor":2,"key":"FearPotion"},{"floor":12,"key":"BlessingOfTheForge"},{"floor":13,"key":"BlessingOfTheForge"},{"floor":14,"key":"ColorlessPotion"},{"floor":16,"key":"blueLaboratory:AbyssPotion"}],"is_trial":true,"path_per_floor":["M","M","M","M","?","R","E","E","T","?","$","E","E","M","R","B",null,"M","AVR","?","?","?","NM"],"character_chosen":"WATCHER","items_purchased":["Guide Book"],"campfire_rested":0,"item_purchase_floors":[11],"current_hp_per_floor":[70,69,69,62,62,62,59,44,44,44,44,30,32,34,34,14,58,45,45,45,45,45,46,46],"gold":480,"neow_bonus":"","is_daily":false,"chose_seed":false,"campfire_upgraded":2,"win_rate":0.0,"timestamp":1612070266,"path_taken":["M","M","M","M","?","R","E","E","T","?","$","E","E","?","R","BOSS","M","AVR","?","?","?","NM"],"items_purchased_type":["Relic"],"build_version":"2020-12-22","purchased_purges":2,"victory":false,"max_hp_per_floor":[72,72,72,72,72,72,72,72,72,72,72,72,72,72,72,72,72,72,72,72,72,72,72,72],"card_choices":[{"not_picked":["Protect","SashWhip"],"picked":"BowlingBash","floor":1},{"not_picked":["JustLucky","WheelKick"],"picked":"FlurryOfBlows","floor":2},{"not_picked":["Replay:BluntJabs","EmptyFist"],"picked":"Wireheading","floor":3},{"not_picked":["EmptyFist","Sanctity","ThirdEye"],"picked":"SKIP","floor":4},{"not_picked":["Halt","EmptyMind"],"picked":"Omniscience","floor":7},{"not_picked":["Weave","PathToVictory","Replay:BluntJabs"],"picked":"SKIP","floor":8},{"not_picked":["Wellcheers","Variant"],"picked":"GreedKing","floor":12},{"not_picked":["FollowUp","Adaptation","PathToVictory"],"picked":"SKIP","floor":12},{"not_picked":["CherryBlossoms","CrumblingArmor","BeautyBeast"],"picked":"Singing Bowl","floor":13},{"not_picked":["FlurryOfBlows","TalkToTheHand"],"picked":"ClearTheMind","floor":13},{"not_picked":["Rudolta","Woodsman","PunishingBird"],"picked":"Singing Bowl","floor":14},{"not_picked":["Perseverance","CutThroughFate","SashWhip"],"picked":"SKIP","floor":14},{"not_picked":["WallGazer","DreamingCurrent"],"picked":"OldLady","floor":16},{"not_picked":["Wellcheers","CrumblingArmor"],"picked":"Scorched","floor":18},{"not_picked":["PathToVictory","FlyingSleeves"],"picked":"Consecrate","floor":18}],"player_experience":1204046,"relics_obtained":[{"floor":7,"key":"Blood Vial"},{"floor":8,"key":"reliquary:HotPoker"},{"floor":9,"key":"Yang"},{"floor":12,"key":"ReplayTheSpireMod:TigerMarble"},{"floor":13,"key":"hubris:DeckOfHolding"}],"event_choices":[{"damage_healed":0,"gold_gain":275,"player_choice":"Desecrate","damage_taken":0,"max_hp_gain":0,"max_hp_loss":0,"event_name":"Golden Shrine","floor":10,"gold_loss":0,"cards_obtained":["Regret"]},{"damage_healed":0,"gold_gain":0,"player_choice":"Simplicity","damage_taken":0,"max_hp_gain":0,"max_hp_loss":7,"event_name":"betterThird:BetterWriting","floor":20,"gold_loss":0}],"is_beta":false,"boss_relics":[{"not_picked":["energizedSpire:BlackCloud","halation:SmartPhone"],"picked":"reliquary:RedCape"}],"items_purged_floors":[11,19],"is_endless":false,"potions_floor_spawned":[2,12,13,14,16],"killed_by":"Nightmare","ascension_level":5}}