{"host":"i4d8tgqbnmcnjm0a","time":1612118188,"event":{"mods":["BaseMod","Keyboard Shortcuts","Minty Spire (QoL Compilation)"],"gold_per_floor":[119,119,47,62,77,77,77,104,131,148,161,49,65,94,94,198,198,211,211,228,327,327,327,327,366,420,420,441,455,484,524,524,630,630,657,671,308,327,327,327],"floor_reached":39,"language":"ENG","playtime":3884,"items_purged":["Defend_R"],"score":498,"play_id":"dcc8d3ab-56ce-441f-8943-5a4d6cde9125","local_time":"20210131133628","is_ascension_mode":true,"campfire_choices":[{"data":"Metallicize","floor":6,"key":"SMITH"},{"data":"Pommel Strike","floor":15,"key":"SMITH"},{"floor":23,"key":"REST"},{"floor":27,"key":"REST"},{"floor":32,"key":"REST"}],"circlet_count":0,"master_deck":["Strike_R","Strike_R","Strike_R","Defend_R","Defend_R","Defend_R","Bash","Juggernaut+1","Thunderclap","Metallicize+1","Ghostly Armor","Inflame","Pommel Strike+1","Battle Trance","Shockwave","Iron Wave","Ghostly Armor","Double Tap","Body Slam","Shrug It Off+1","Thunderclap+1","Spot Weakness+1","Armaments","Berserk","Juggernaut","Seeing Red","Armaments+1"],"relics":["Burning Blood","Akabeko","Bag of Marbles","Ancient Tea Set","Runic Cube","Shovel","CeramicFish","Darkstone Periapt","SacredBark","Nunchaku","HandDrill"],"acts_visited":["Exordium","TheCity","TheBeyond"],"potions_floor_usage":[11,11,14,16,33,33,38,39],"damage_taken":[{"damage":6,"enemies":"Cultist","floor":1,"turns":4},{"damage":8,"enemies":"2 Louse","floor":4,"turns":3},{"damage":13,"enemies":"Jaw Worm","floor":5,"turns":5},{"damage":12,"enemies":"Lagavulin","floor":8,"turns":6},{"damage":6,"enemies":"Exordium Wildlife","floor":10,"turns":2},{"damage":6,"enemies":"Looter","floor":11,"turns":2},{"damage":0,"enemies":"2 Fungi Beasts","floor":13,"turns":2},{"damage":11,"enemies":"Gremlin Nob","floor":14,"turns":3},{"damage":7,"enemies":"The Guardian","floor":16,"turns":8},{"damage":23,"enemies":"2 Thieves","floor":18,"turns":4},{"damage":10,"enemies":"3 Byrds","floor":20,"turns":6},{"damage":25,"enemies":"Gremlin Leader","floor":25,"turns":10},{"damage":6,"enemies":"Snake Plant","floor":28,"turns":3},{"damage":25,"enemies":"Centurion and Healer","floor":29,"turns":9},{"damage":12,"enemies":"Shelled Parasite and Fungi","floor":30,"turns":8},{"damage":45,"enemies":"Book of Stabbing","floor":31,"turns":7},{"damage":51,"enemies":"Automaton","floor":33,"turns":11},{"damage":19,"enemies":"3 Shapes","floor":35,"turns":7},{"damage":47,"enemies":"Orb Walker","floor":36,"turns":5},{"damage":0,"enemies":"Jaw Worm Horde","floor":38,"turns":3},{"damage":47,"enemies":"4 Shapes","floor":39,"turns":3}],"seed_played":"-5099427711749374609","potions_obtained":[{"floor":1,"key":"DuplicationPotion"},{"floor":8,"key":"Strength Potion"},{"floor":10,"key":"PowerPotion"},{"floor":11,"key":"PowerPotion"},{"floor":25,"key":"SpeedPotion"},{"floor":29,"key":"FairyPotion"},{"floor":31,"key":"EssenceOfSteel"},{"floor":35,"key":"SpeedPotion"},{"floor":36,"key":"AttackPotion"}],"is_trial":false,"path_per_floor":["M","?","$","M","M","R","?","E","T","M","M","$","M","E","R","B",null,"M","?","M","?","?","R","?","E","T","R","M","M","M","E","R","B",null,"M","M","$","M","M"],"character_chosen":"IRONCLAD","items_purchased":["Metallicize","Battle Trance","Shockwave","Nunchaku","HandDrill"],"campfire_rested":3,"item_purchase_floors":[3,12,12,37,37],"current_hp_per_floor":[72,72,72,70,63,63,63,57,57,57,57,57,63,58,58,57,72,55,42,38,38,38,61,61,42,42,65,65,46,40,29,52,7,77,64,23,23,29,0,0],"gold":327,"neow_bonus":"THREE_RARE_CARDS","is_daily":false,"chose_seed":false,"campfire_upgraded":2,"win_rate":0.0,"timestamp":1612118188,"path_taken":["M","?","?","M","M","R","?","E","T","?","M","$","M","E","R","BOSS","M","?","M","?","?","R","?","E","T","R","M","M","M","E","R","BOSS","M","M","$","M","M"],"items_purchased_type":["Card","Card","Card","Relic","Relic"],"build_version":"2020-12-22","purchased_purges":1,"victory":false,"max_hp_per_floor":[72,72,72,72,72,72,72,72,72,72,72,72,72,72,72,72,72,72,77,77,77,77,77,77,77,77,77,77,77,77,77,77,77,77,77,77,77,77,77,77],"card_choices":[{"not_picked":["Immolate","Corruption"],"picked":"Juggernaut","floor":0},{"not_picked":["Havoc","Rage"],"picked":"Thunderclap","floor":1},{"not_picked":["Rage","Combust","Pummel"],"picked":"SKIP","floor":4},{"not_picked":["Entrench","Anger"],"picked":"Ghostly Armor","floor":5},{"not_picked":["True Grit","Sentinel","Perfected Strike"],"picked":"SKIP","floor":8},{"not_picked":["Rupture","Sentinel"],"picked":"Inflame","floor":10},{"not_picked":["Headbutt","Clothesline"],"picked":"Pommel Strike","floor":11},{"not_picked":["Inflame","Rampage"],"picked":"Iron Wave","floor":13},{"not_picked":["Dual Wield","Infernal Blade"],"picked":"Ghostly Armor","floor":14},{"not_picked":["Fiend Fire","Exhume"],"picked":"Double Tap","floor":16},{"not_picked":["Iron Wave","Thunderclap"],"picked":"Body Slam","floor":18},{"not_picked":["Pommel Strike","Uppercut"],"picked":"Shrug It Off+1","floor":20},{"not_picked":["Blood for Blood","Combust"],"picked":"Thunderclap+1","floor":25},{"not_picked":["Twin Strike","Pommel Strike"],"picked":"Spot Weakness+1","floor":28},{"not_picked":["Carnage","Perfected Strike","Heavy Blade+1"],"picked":"SKIP","floor":29},{"not_picked":["Fiend Fire","Body Slam"],"picked":"Armaments","floor":30},{"not_picked":["Fire Breathing","Whirlwind"],"picked":"Berserk","floor":31},{"not_picked":["Impervious","Limit Break"],"picked":"Juggernaut","floor":33},{"not_picked":["Disarm","Power Through"],"picked":"Seeing Red","floor":35},{"not_picked":["Shockwave+1","Heavy Blade+1","Searing Blow"],"picked":"SKIP","floor":36},{"not_picked":["Uppercut+1","Sword Boomerang"],"picked":"Armaments+1","floor":38}],"player_experience":273743,"relics_obtained":[{"floor":8,"key":"Akabeko"},{"floor":9,"key":"Bag of Marbles"},{"floor":14,"key":"Ancient Tea Set"},{"floor":25,"key":"CeramicFish"},{"floor":31,"key":"Darkstone Periapt"}],"event_choices":[{"damage_healed":0,"gold_gain":0,"player_choice":"Upgraded","damage_taken":0,"max_hp_gain":0,"max_hp_loss":0,"event_name":"Upgrade Shrine","floor":2,"gold_loss":0,"cards_upgraded":["Juggernaut"]},{"cards_removed":["Strike_R"],"damage_healed":0,"gold_gain":0,"player_choice":"Forget","damage_taken":0,"max_hp_gain":0,"max_hp_loss":0,"event_name":"Living Wall","floor":7,"gold_loss":0},{"damage_healed":0,"gold_gain":0,"player_choice":"Shed Blood","damage_taken":18,"max_hp_gain":5,"max_hp_loss":0,"event_name":"Forgotten Altar","floor":19,"gold_loss":0},{"damage_healed":0,"gold_gain":99,"player_choice":"Stole From Cult","damage_taken":0,"max_hp_gain":0,"max_hp_loss":0,"event_name":"Nest","floor":21,"gold_loss":0},{"damage_healed":0,"gold_gain":0,"player_choice":"Opened","damage_taken":0,"relics_obtained":["Shovel"],"max_hp_gain":0,"max_hp_loss":0,"event_name":"The Mausoleum","floor":22,"gold_loss":0},{"cards_removed":["Strike_R"],"damage_healed":0,"gold_gain":0,"player_choice":"Purged","damage_taken":0,"max_hp_gain":0,"max_hp_loss":0,"event_name":"Purifier","floor":24,"gold_loss":0}],"is_beta":false,"boss_relics":[{"not_picked":["Runic Dome","Empty Cage"],"picked":"Runic Cube"},{"not_picked":["Runic Pyramid","Sozu"],"picked":"SacredBark"}],"items_purged_floors":[37],"is_endless":false,"potions_floor_spawned":[1,8,10,11,25,29,31,35,36],"killed_by":"4 Shapes","ascension_level":3}}