{"host":"qm4rv4rkpk76sbxu","time":1612128110,"event":{"mods":["BaseMod","Bestiary","Block Reminder","DeckTracker","Filter the Spire","Keyboard Shortcuts","Minty Spire (QoL Compilation)","MonsterHotkey","Quick Restart","Random Character Button","Relic Stats","Slay-I","StSLib","Unceasing Turn Reminder","ojb\u0027s Better Paths Mod","ojb\u0027s Info Mod"],"gold_per_floor":[113,263,15,73,17,17,51,51,76,111,128,149,173,204,204,292,292,306,324,324,333,342,342,373,389,389,416,443,443,443,20,20,20,20],"floor_reached":33,"language":"ENG","playtime":1959,"items_purged":["Doubt","Strike_G"],"score":712,"play_id":"410a8412-5863-4b42-b3ea-29f086309b46","local_time":"20210131222150","is_ascension_mode":true,"campfire_choices":[{"data":"Terror","floor":6.0,"key":"SMITH"},{"data":"Underhanded Strike","floor":15.0,"key":"SMITH"},{"data":"RitualDagger","floor":23.0,"key":"SMITH"},{"data":"Ghostly","floor":30.0,"key":"SMITH"},{"data":"Ghostly","floor":32.0,"key":"SMITH"}],"circlet_count":0,"master_deck":["AscendersBane","Strike_G","Strike_G","Strike_G","Strike_G","Defend_G","Defend_G","Defend_G","Defend_G","Defend_G","Survivor","Neutralize","Dash","Dagger Throw","Terror+1","Slice","Dagger Throw","Dagger Throw","Backstab","Dagger Spray","Underhanded Strike+1","Leg Sweep","Tools of the Trade","RitualDagger","RitualDagger+1","Blur","Ghostly+1","Ghostly+1","Ghostly"],"relics":["Ring of the Snake","NeowsBlessing","Orrery","CeramicFish","Bag of Preparation","Bag of Marbles","Ancient Tea Set","Black Star","MutagenicStrength","Meat on the Bone","Centennial Puzzle","Tiny Chest","Membership Card","Happy Flower","HornCleat"],"acts_visited":["Exordium","TheCity"],"potions_floor_usage":[],"damage_taken":[{"damage":0.0,"enemies":"Small Slimes","floor":1.0,"turns":1.0},{"damage":0.0,"enemies":"Gremlin Nob","floor":7.0,"turns":1.0},{"damage":0.0,"enemies":"3 Sentries","floor":10.0,"turns":1.0},{"damage":0.0,"enemies":"Jaw Worm","floor":11.0,"turns":1.0},{"damage":0.0,"enemies":"2 Louse","floor":12.0,"turns":1.0},{"damage":0.0,"enemies":"Lots of Slimes","floor":13.0,"turns":2.0},{"damage":0.0,"enemies":"Gremlin Nob","floor":14.0,"turns":2.0},{"damage":38.0,"enemies":"Hexaghost","floor":16.0,"turns":8.0},{"damage":6.0,"enemies":"3 Byrds","floor":18.0,"turns":4.0},{"damage":0.0,"enemies":"Spheric Guardian","floor":19.0,"turns":3.0},{"damage":3.0,"enemies":"Slavers","floor":24.0,"turns":4.0},{"damage":34.0,"enemies":"Shelled Parasite and Fungi","floor":25.0,"turns":3.0},{"damage":0.0,"enemies":"Cultist and Chosen","floor":27.0,"turns":2.0},{"damage":28,"enemies":"Champ","floor":33,"turns":7}],"seed_played":"2893126898118913863","potions_obtained":[{"floor":1.0,"key":"CunningPotion"},{"floor":7.0,"key":"PowerPotion"},{"floor":16.0,"key":"SneckoOil"},{"floor":18.0,"key":"CunningPotion"},{"floor":24.0,"key":"BlessingOfTheForge"},{"floor":25.0,"key":"SteroidPotion"}],"is_trial":false,"path_per_floor":["M","?","$","?","$","R","E","$","T","E","M","M","M","E","R","B",null,"M","M","?","?","?","R","E","M","T","M","?","?","R","$","R","B"],"character_chosen":"THE_SILENT","items_purchased":["Orrery","BlessingOfTheForge","Membership Card","Happy Flower","HornCleat"],"campfire_rested":0,"item_purchase_floors":[3,5,31,31,31],"current_hp_per_floor":[59,59,59,59,59,59,59,59,59,59,59,59,59,59,59,21,55,49,49,49,43,43,43,40,18,18,30,30,23,23,23,23,0,0],"gold":20,"neow_bonus":"THREE_ENEMY_KILL","is_daily":false,"chose_seed":false,"campfire_upgraded":5,"win_rate":0.0,"timestamp":1612128110,"path_taken":["M","?","$","?","?","R","E","$","T","E","M","M","M","E","R","BOSS","M","M","?","?","?","R","E","M","T","?","?","?","R","$","R","BOSS"],"items_purchased_type":["Relic","Potion","Relic","Relic","Relic"],"build_version":"2020-12-22","purchased_purges":2,"victory":false,"max_hp_per_floor":[66,66,66,66,66,66,66,66,66,66,66,66,66,66,66,66,66,66,66,66,66,66,66,66,66,66,66,33,38,38,38,38,38,38],"relic_stats":{"Centennial Puzzle":[6],"Happy Flower":[2],"counters":[14,40],"CeramicFish":99,"Tiny Chest":0,"Bag of Preparation":[24],"Black Star":1,"obtain_stats":[{"NeowsBlessing":0,"Happy Flower":31,"CeramicFish":7,"Bag of Preparation":9,"Ancient Tea Set":14,"Centennial Puzzle":24,"HornCleat":31,"MutagenicStrength":20,"Orrery":3,"Tiny Chest":26,"Bag of Marbles":10,"Black Star":17,"Membership Card":31,"Ring of the Snake":0,"Meat on the Bone":24},{"NeowsBlessing":0,"Happy Flower":13,"CeramicFish":2,"Bag of Preparation":2,"Ancient Tea Set":7,"Centennial Puzzle":11,"HornCleat":13,"MutagenicStrength":10,"Orrery":1,"Tiny Chest":12,"Bag of Marbles":3,"Black Star":8,"Membership Card":13,"Ring of the Snake":0,"Meat on the Bone":11},{"NeowsBlessing":0,"Happy Flower":33,"CeramicFish":2,"Bag of Preparation":2,"Ancient Tea Set":9,"Centennial Puzzle":28,"HornCleat":33,"MutagenicStrength":24,"Orrery":1,"Tiny Chest":31,"Bag of Marbles":3,"Black Star":17,"Membership Card":33,"Ring of the Snake":0,"Meat on the Bone":28}],"Ring of the Snake":[28],"Meat on the Bone":24},"card_choices":[{"not_picked":["Escape Plan","Leg Sweep"],"picked":"Dash","floor":1.0},{"not_picked":["Acrobatics","Finisher"],"picked":"Dagger Throw","floor":3.0},{"not_picked":["Finisher","Leg Sweep"],"picked":"Terror","floor":3.0},{"not_picked":["Blade Dance","Noxious Fumes"],"picked":"Slice","floor":3.0},{"not_picked":["Finisher","Bane"],"picked":"Dagger Throw","floor":3.0},{"not_picked":["Masterful Stab","Concentrate"],"picked":"Dagger Throw","floor":3.0},{"not_picked":["Outmaneuver","Deflect"],"picked":"Backstab","floor":7.0},{"not_picked":["PiercingWail","Slice"],"picked":"Dagger Spray","floor":10.0},{"not_picked":["Well Laid Plans","Glass Knife","Expertise"],"picked":"SKIP","floor":11.0},{"not_picked":["Predator","Backflip"],"picked":"Underhanded Strike","floor":12.0},{"not_picked":["PiercingWail","Prepared"],"picked":"Leg Sweep","floor":13.0},{"not_picked":["Leg Sweep","Escape Plan","Caltrops"],"picked":"SKIP","floor":14.0},{"not_picked":["A Thousand Cuts","Burst"],"picked":"Tools of the Trade","floor":16.0},{"not_picked":["Quick Slash","Blade Dance","Acrobatics"],"picked":"SKIP","floor":18.0},{"not_picked":["Leg Sweep","Acrobatics","Cloak And Dagger"],"picked":"SKIP","floor":19.0},{"not_picked":["Flying Knee","Expertise","Concentrate"],"picked":"SKIP","floor":24.0},{"not_picked":["Poisoned Stab","Endless Agony","Cloak And Dagger"],"picked":"SKIP","floor":25.0},{"not_picked":["Catalyst","Deadly Poison"],"picked":"Blur","floor":27.0}],"player_experience":1460872,"relics_obtained":[{"floor":7.0,"key":"CeramicFish"},{"floor":9.0,"key":"Bag of Preparation"},{"floor":10.0,"key":"Bag of Marbles"},{"floor":14.0,"key":"Ancient Tea Set"},{"floor":24.0,"key":"Meat on the Bone"},{"floor":24.0,"key":"Centennial Puzzle"},{"floor":26.0,"key":"Tiny Chest"}],"event_choices":[{"damage_healed":0.0,"max_hp_gain":0.0,"max_hp_loss":0.0,"gold_gain":150.0,"event_name":"Liars Game","player_choice":"AGREE","floor":2.0,"gold_loss":0.0,"damage_taken":0.0,"cards_obtained":["Doubt"]},{"damage_healed":0.0,"max_hp_gain":0.0,"max_hp_loss":0.0,"gold_gain":58.0,"event_name":"Golden Wing","player_choice":"Gained Gold","floor":4.0,"gold_loss":0.0,"damage_taken":0.0},{"damage_healed":0.0,"max_hp_gain":0.0,"max_hp_loss":0.0,"gold_gain":0.0,"event_name":"Drug Dealer","player_choice":"Inject Mutagens","floor":20.0,"gold_loss":0.0,"damage_taken":0.0,"relics_obtained":["MutagenicStrength"]},{"damage_healed":0.0,"max_hp_gain":0.0,"max_hp_loss":0.0,"gold_gain":0.0,"event_name":"Nest","player_choice":"Joined the Cult","floor":21.0,"gold_loss":0.0,"damage_taken":6.0,"cards_obtained":["RitualDagger"]},{"damage_healed":0.0,"max_hp_gain":0.0,"max_hp_loss":0.0,"gold_gain":0.0,"event_name":"Duplicator","player_choice":"Copied","floor":22.0,"gold_loss":0.0,"damage_taken":0.0,"cards_obtained":["RitualDagger"]},{"damage_healed":0.0,"max_hp_gain":0.0,"max_hp_loss":33.0,"gold_gain":0.0,"event_name":"Ghosts","player_choice":"Became a Ghost","floor":28.0,"gold_loss":0.0,"damage_taken":0.0,"cards_obtained":["Ghostly","Ghostly","Ghostly"]},{"damage_healed":0.0,"max_hp_gain":5.0,"max_hp_loss":0.0,"gold_gain":0.0,"event_name":"Forgotten Altar","player_choice":"Shed Blood","floor":29.0,"gold_loss":0.0,"damage_taken":12.0}],"is_beta":false,"boss_relics":[{"not_picked":["Sozu","SacredBark"],"picked":"Black Star"}],"items_purged_floors":[3,31],"is_endless":false,"potions_floor_spawned":[1,7,11,13,16,18,24,25],"killed_by":"Champ","ascension_level":20}}