{"host":"wwmqne3dwir10erh","time":1612133575,"event":{"mods":["BaseMod","Better Note","Hubris","Mimic Mod","Minty Spire (QoL Compilation)","Replay The Spire","StSLib"],"gold_per_floor":[115,133,133,153,168,168,194,194,219,219,235,270,94,94,94,196,196,211,226,246,246,171,171,196,27,50,76,76,86,118,65,65,170,170,181,91,91,109,109,40,40,54,54,54,73,85,102,113,113,113],"floor_reached":51,"language":"ENG","playtime":2872,"items_purged":["Strike_G","Defend_G"],"score":835,"play_id":"96ceaed9-c5ec-49f5-8d8d-f263f87c9a0a","local_time":"20210131175255","is_ascension_mode":true,"campfire_choices":[{"data":"Blade Dance","floor":6.0,"key":"SMITH"},{"data":"Neutralize","floor":8.0,"key":"SMITH"},{"data":"Deflect","floor":10.0,"key":"SMITH"},{"data":"Noxious Fumes","floor":15.0,"key":"SMITH"},{"data":"Bane","floor":23.0,"key":"SMITH"},{"floor":28.0,"key":"REST"},{"floor":32,"key":"REST"},{"floor":41,"key":"REST"},{"floor":44,"key":"REST"},{"floor":49,"key":"REST"}],"circlet_count":0,"master_deck":["Defend_G","Defend_G","Defend_G","Defend_G","Survivor","Neutralize+1","Hidden Blade","Blade Dance+1","Deflect+1","Heel Hook","Dagger Spray","Deadly Poison","Noxious Fumes+1","Deadly Poison","After Image","Adrenaline","Bane+1","Distraction+1","Apotheosis+1","Terror+1","ReplayTheSpireMod:From All Sides","Cloak And Dagger","Envenom","Terror","Adrenaline","Draining Mist","ReplayTheSpireMod:Scrap Shanks+1","ReplayTheSpireMod:Speed Training","Unload"],"relics":["Empty Cage","Dream Catcher","Lantern","Replay:Mystery Machine","ReplayTheSpireMod:Lightbulb","Boot","Shuriken","Replay:Wax Seal","Replay:Ringing Soul","SlaversCollar","Singing Bowl","Pondfish Scales"],"acts_visited":["Exordium","TheCity","TheBeyond"],"potions_floor_usage":[33,33,36,36,38,42,47,50],"damage_taken":[{"damage":4.0,"enemies":"Cultist","floor":1.0,"turns":5.0},{"damage":6.0,"enemies":"Jaw Worm","floor":2.0,"turns":6.0},{"damage":0.0,"enemies":"Small Slimes","floor":4.0,"turns":3.0},{"damage":1.0,"enemies":"Gremlin Gang","floor":5.0,"turns":7.0},{"damage":0.0,"enemies":"Lagavulin","floor":7.0,"turns":5.0},{"damage":0.0,"enemies":"Looter","floor":11.0,"turns":2.0},{"damage":15.0,"enemies":"3 Sentries","floor":12.0,"turns":7.0},{"damage":12.0,"enemies":"Hexaghost","floor":16.0,"turns":9.0},{"damage":0.0,"enemies":"Shell Parasite","floor":18.0,"turns":5.0},{"damage":11.0,"enemies":"Spheric Guardian","floor":19.0,"turns":6.0},{"damage":10.0,"enemies":"Snecko","floor":20.0,"turns":6.0},{"damage":38.0,"enemies":"Gremlin Leader","floor":24.0,"turns":6.0},{"damage":2.0,"enemies":"Replay:Snechameleon","floor":27.0,"turns":4.0},{"damage":0.0,"enemies":"Sentry and Sphere","floor":29.0,"turns":3.0},{"damage":12,"enemies":"Gremlin Leader","floor":30,"turns":4},{"damage":48,"enemies":"Automaton","floor":33,"turns":7},{"damage":10,"enemies":"Orb Walker","floor":35,"turns":4},{"damage":4,"enemies":"3 Darklings","floor":36,"turns":4},{"damage":12,"enemies":"Transient","floor":38,"turns":5},{"damage":13,"enemies":"Reptomancer","floor":40,"turns":6},{"damage":22,"enemies":"4 Shapes","floor":42,"turns":5},{"damage":13,"enemies":"Sphere and 2 Shapes","floor":45,"turns":5},{"damage":0,"enemies":"3 Darklings","floor":46,"turns":4},{"damage":28,"enemies":"4 Shapes","floor":47,"turns":7},{"damage":27,"enemies":"Jaw Worm Horde","floor":48,"turns":5},{"damage":13,"enemies":"Donu and Deca","floor":50,"turns":7}],"seed_played":"-706294091088662920","potions_obtained":[{"floor":4.0,"key":"PowerPotion"},{"floor":7.0,"key":"Fruit Juice"},{"floor":11.0,"key":"Fire Potion"},{"floor":18.0,"key":"Fire Potion"},{"floor":27.0,"key":"Milkshake"},{"floor":29.0,"key":"LiquidBronze"},{"floor":30,"key":"Fire Potion"},{"floor":33,"key":"AttackPotion"},{"floor":35,"key":"Poison Potion"},{"floor":38,"key":"DuplicationPotion"},{"floor":42,"key":"ColorlessPotion"},{"floor":46,"key":"Poison Potion"}],"is_trial":false,"path_per_floor":["M","M","?","M","M","R","E","R","T","R","M","E","$","?","R","B",null,"M","M","M","?","?","R","E","$","T","E","R","M","E","$","R","B",null,"M","M","?","M","?","E","R","M","T","R","M","M","M","M","R","B",null],"character_chosen":"THE_SILENT","items_purchased":["Noxious Fumes","Deadly Poison","ReplayTheSpireMod:From All Sides","Replay:Ringing Soul"],"campfire_rested":5,"item_purchase_floors":[13,13,25,31],"current_hp_per_floor":[66,60,70,70,69,69,74,74,74,74,74,59,59,59,59,47,75,75,64,54,54,54,54,16,16,16,14,36,36,24,24,49,4,81,74,70,70,58,58,47,75,56,56,86,75,77,51,26,58,45],"gold":113,"neow_bonus":"BOSS_RELIC","is_daily":false,"chose_seed":false,"campfire_upgraded":5,"win_rate":0.0,"timestamp":1612133575,"path_taken":["M","M","?","?","M","R","E","R","T","R","M","E","$","?","R","BOSS","M","?","?","?","?","R","E","?","T","E","R","?","E","$","R","BOSS","M","M","?","M","?","E","R","M","T","R","M","M","M","M","R","BOSS"],"items_purchased_type":["Card","Card","Card","Relic"],"build_version":"2020-12-22","purchased_purges":2,"victory":true,"max_hp_per_floor":[70,70,70,70,70,70,75,75,75,75,75,75,75,75,75,75,75,75,75,75,75,75,75,75,75,75,75,75,75,75,75,78,81,81,84,84,84,84,84,86,89,92,92,95,97,99,101,103,105,105],"card_choices":[{"not_picked":["Dagger Throw","Backflip"],"picked":"Hidden Blade","floor":1.0},{"not_picked":["Backflip","hubris:SlightOfHand"],"picked":"Blade Dance","floor":2.0},{"not_picked":["Heel Hook","Acrobatics"],"picked":"Deflect","floor":4.0},{"not_picked":["Draining Mist","Concentrate","hubris:Sniper"],"picked":"SKIP","floor":5.0},{"not_picked":["Deflect","Quick Slash"],"picked":"Heel Hook","floor":7.0},{"not_picked":["Slice","Well Laid Plans"],"picked":"Dagger Spray","floor":11.0},{"not_picked":["hubris:TrickCloak","Grand Finale"],"picked":"Deadly Poison","floor":12.0},{"not_picked":["Glass Knife","Malaise"],"picked":"Adrenaline","floor":16.0},{"not_picked":["ReplayTheSpireMod:The Works","Calculated Gamble"],"picked":"Bane","floor":18.0},{"not_picked":["Quick Slash","Riddle With Holes"],"picked":"Distraction+1","floor":19.0},{"not_picked":["ReplayTheSpireMod:Tripwire","Draining Mist","Slice"],"picked":"SKIP","floor":20.0},{"not_picked":["Skewer","Concentrate"],"picked":"Terror+1","floor":24.0},{"not_picked":["Acrobatics+1","ReplayTheSpireMod:The Works"],"picked":"Cloak And Dagger","floor":27.0},{"not_picked":["Deflect+1","Quick Slash","Prepared"],"picked":"SKIP","floor":29.0},{"not_picked":["Flying Knee+1","Distraction"],"picked":"Envenom","floor":30},{"not_picked":["Outmaneuver","Sucker Punch"],"picked":"Terror","floor":32},{"not_picked":["Atom Bomb","Poison Darts"],"picked":"Adrenaline","floor":33},{"not_picked":["Acrobatics+1","Quick Slash+1"],"picked":"Draining Mist","floor":35},{"not_picked":["Toxin Wave","Deflect","Dagger Spray"],"picked":"SKIP","floor":36},{"not_picked":["Setup","Deflect+1","Backstab"],"picked":"SKIP","floor":38},{"not_picked":["Distraction","Finisher+1","Well Laid Plans"],"picked":"Singing Bowl","floor":40},{"not_picked":["Hidden Blade","Infinite Blades+1"],"picked":"ReplayTheSpireMod:Scrap Shanks+1","floor":41},{"not_picked":["Dagger Throw+1","Dagger Spray"],"picked":"ReplayTheSpireMod:Speed Training","floor":42},{"not_picked":["Poisoned Stab","ReplayTheSpireMod:Tripwire+1"],"picked":"Unload","floor":44},{"not_picked":["Acrobatics+1","hubris:SlightOfHand","All Out Attack"],"picked":"Singing Bowl","floor":45},{"not_picked":["Concentrate+1","Endless Agony","hubris:Sniper+1"],"picked":"Singing Bowl","floor":46},{"not_picked":["Bane","Sneak Up","Endless Agony+1"],"picked":"Singing Bowl","floor":47},{"not_picked":["Acrobatics","Concentrate+1","Sucker Punch+1"],"picked":"Singing Bowl","floor":48},{"not_picked":["Bouncing Flask+1","Cloak And Dagger+1","Deadly Poison"],"picked":"Singing Bowl","floor":49}],"player_experience":2123344,"relics_obtained":[{"floor":7.0,"key":"Dream Catcher"},{"floor":9.0,"key":"Lantern"},{"floor":12.0,"key":"Replay:Mystery Machine"},{"floor":24.0,"key":"ReplayTheSpireMod:Lightbulb"},{"floor":26.0,"key":"Boot"},{"floor":27.0,"key":"Shuriken"},{"floor":30,"key":"Replay:Wax Seal"},{"floor":40,"key":"Singing Bowl"},{"floor":43,"key":"Pondfish Scales"}],"event_choices":[{"damage_healed":10.0,"max_hp_gain":0.0,"max_hp_loss":0.0,"gold_gain":0.0,"event_name":"Wheel of Change","player_choice":"Full Heal","floor":3.0,"gold_loss":0.0,"damage_taken":0.0},{"damage_healed":0.0,"max_hp_gain":0.0,"max_hp_loss":0.0,"gold_gain":0.0,"cards_transformed":["Deadly Poison"],"event_name":"Transmorgrifier","player_choice":"Transformed","floor":14.0,"gold_loss":0.0,"damage_taken":0.0,"cards_obtained":["After Image"]},{"cards_removed":["Apotheosis"],"damage_healed":0.0,"max_hp_gain":0.0,"max_hp_loss":0.0,"gold_gain":0.0,"event_name":"betterNote:BetterNote","player_choice":"Take \u0026 Give","floor":21.0,"gold_loss":0.0,"damage_taken":0.0,"cards_obtained":["Apotheosis"]},{"cards_removed":["Strike_G"],"damage_healed":0.0,"max_hp_gain":0.0,"max_hp_loss":0.0,"gold_gain":0.0,"event_name":"Beggar","player_choice":"Gave Gold","floor":22.0,"gold_loss":75.0,"damage_taken":0.0},{"cards_removed":["Strike_G"],"damage_healed":0,"gold_gain":0,"player_choice":"Removed Attack","damage_taken":0,"max_hp_gain":0,"max_hp_loss":0,"event_name":"Falling","floor":37,"gold_loss":0},{"damage_healed":0,"gold_gain":0,"player_choice":"Ignored","damage_taken":0,"max_hp_gain":0,"max_hp_loss":0,"event_name":"Tomb of Lord Red Mask","floor":39,"gold_loss":0}],"is_beta":false,"boss_relics":[{"not_picked":["Runic Dome","Coffee Dripper","Replay:Wanted Poster"]},{"not_picked":["Painkiller Herb","hubris:RunicObelisk"],"picked":"SlaversCollar"}],"items_purged_floors":[13,25],"is_endless":false,"potions_floor_spawned":[4,7,11,18,27,29,30,33,35,38,42,46],"ascension_level":1}}