{"host":"8zzc9mdnfkdiyxma","time":1608625360,"event":{"mods":["2.2 Compatiblity","BaseMod","Better Altar","Better Match","Better Note","Better Sensory Stone","Better Skull","Better Third Choice","Better Vampires","Colored Map","Colored Powertips","Downfall","Emptier Cage","Energized Spire","Minty Spire (QoL Compilation)","Permanent Neow","Rare Cards Sparkle","Relic Filter","SacredBarkPlus","StSLib","Waifu the Spire"],"gold_per_floor":[118,134,84,84,9,38,38,58,58,58,89,101,101,101,101,199,199,209,220,220,233,260,287,287,303,378,378,389,418,418,432,432,529,529,545,545,557,572,97,97,125,148,160,172,184,209,221,248,260,272,284,296,32,62,62],"floor_reached":56,"playtime":6671,"items_purged":["Guardian:Defend_Guardian","Guardian:Strike_Guardian","Guardian:CurlUp"],"score":1350,"play_id":"45b96527-c7d0-4c6c-a7db-d01b6ebf3b32","local_time":"20201222032240","is_ascension_mode":true,"campfire_choices":[{"data":"Guardian:Planning","floor":10,"key":"SMITH"},{"data":"Guardian:StasisField","floor":15,"key":"SMITH"},{"floor":24,"key":"RECALL"},{"floor":27,"key":"REST"},{"data":"Guardian:TimeCapacitor","floor":30,"key":"SMITH"},{"floor":32,"key":"REST"},{"data":"Guardian:TimeCapacitor","floor":45,"key":"SMITH"},{"data":"Guardian:CompilePackage","floor":47,"key":"SMITH"},{"floor":49,"key":"REST"},{"data":"Guardian:TimeSifter","floor":52,"key":"SMITH"}],"circlet_count":0,"master_deck":["Guardian:Strike_Guardian+1","Guardian:Defend_Guardian","Guardian:Defend_Guardian","Guardian:Defend_Guardian","Guardian:TwinSlam","Guardian:RollAttack+1","Guardian:ChargeCore","Guardian:StasisField+1","Guardian:Planning+1","Guardian:TimeSifter+1","Guardian:ShieldCharger","Guardian:Incinerate","Guardian:SentryBeam+1","Guardian:TimeCapacitor+1","Guardian:ShieldCharger+1","Guardian:CompilePackage+1","Guardian:Suspension","Guardian:Suspension","Guardian:Suspension","Guardian:Planning","Guardian:Incinerate","Guardian:TimeCapacitor+1","Guardian:Suspension","Guardian:Repulse+1","Guardian:Clone+1","Guardian:Incinerate"],"relics":["Guardian:ModeShifter","Vajra","Guardian:PickAxe","Prayer Wheel","PreservedInsect","HornCleat","Black Star","Red Mask","Incense Burner","Unceasing Top","Potion Belt","Strawberry","energizedSpire:NeverEndingSparkler","Anchor","Toolbox","MawBank","Whetstone","Lantern","Pen Nib","Art of War","Mercury Hourglass"],"acts_visited":["Exordium","TheCity","TheBeyond","TheEnding"],"potions_floor_usage":[21,22,23,55,55,55],"damage_taken":[{"damage":1,"enemies":"Jaw Worm","floor":1,"turns":3},{"damage":0,"enemies":"Small Slimes","floor":2,"turns":3},{"damage":17,"enemies":"3 Sentries","floor":6,"turns":9},{"damage":0,"enemies":"Cultist","floor":8,"turns":2},{"damage":14,"enemies":"Gremlin Nob","floor":11,"turns":4},{"damage":0,"enemies":"Red Slaver","floor":12,"turns":3},{"damage":18,"enemies":"Hexaghost","floor":16,"turns":10},{"damage":2,"enemies":"Chosen","floor":18,"turns":6},{"damage":14,"enemies":"Shell Parasite","floor":19,"turns":6},{"damage":26,"enemies":"Snecko","floor":21,"turns":9},{"damage":6,"enemies":"Masked Bandits","floor":22,"turns":3},{"damage":8,"enemies":"Book of Stabbing","floor":23,"turns":5},{"damage":0,"enemies":"Snake Plant","floor":25,"turns":4},{"damage":0,"enemies":"Sentry and Sphere","floor":28,"turns":6},{"damage":14,"enemies":"Slavers","floor":29,"turns":4},{"damage":9,"enemies":"Cultist and Chosen","floor":31,"turns":6},{"damage":12,"enemies":"Champ","floor":33,"turns":9},{"damage":0,"enemies":"3 Shapes","floor":35,"turns":4},{"damage":0,"enemies":"Orb Walker","floor":37,"turns":3},{"damage":15,"enemies":"Sphere and 2 Shapes","floor":38,"turns":4},{"damage":15,"enemies":"Reptomancer","floor":41,"turns":9},{"damage":0,"enemies":"Spire Growth","floor":42,"turns":5},{"damage":0,"enemies":"Transient","floor":46,"turns":5},{"damage":1,"enemies":"Writhing Mass","floor":48,"turns":6},{"damage":0,"enemies":"Donu and Deca","floor":50,"turns":7},{"damage":33,"enemies":"Shield and Spear","floor":54,"turns":5},{"damage":8,"enemies":"The Heart","floor":55,"turns":6}],"seed_played":"5983288816243193182","potions_obtained":[{"floor":11,"key":"Guardian:DefensiveModePotion"},{"floor":12,"key":"Fire Potion"},{"floor":16,"key":"FairyPotion"},{"floor":18,"key":"PowerPotion"},{"floor":31,"key":"SteroidPotion"},{"floor":37,"key":"GamblersBrew"},{"floor":42,"key":"PowerPotion"},{"floor":46,"key":"SmokeBomb"},{"floor":48,"key":"Fire Potion"}],"is_trial":false,"path_per_floor":["M","M","?","?","$","E","R","M","T","R","E","M","R","?","R","B",null,"M","M","?","M","?","E","R","M","T","R","M","E","R","M","R","B",null,"M","?","M","M","$","R","E","M","T","?","R","M","R","M","R","B",null,"R","$","E","B",null],"character_chosen":"GUARDIAN","items_purchased":["Guardian:TimeCapacitor","Anchor","Toolbox","Pen Nib"],"campfire_rested":3,"item_purchase_floors":[39,39,39,53],"current_hp_per_floor":[79,79,79,79,79,62,62,62,62,62,48,48,48,48,48,30,80,78,64,64,38,32,24,24,24,24,48,48,41,41,32,58,46,87,87,87,87,72,72,72,57,57,57,57,57,57,57,56,82,82,87,87,87,54,46],"gold":62,"neow_bonus":"RANDOM_COMMON_RELIC","is_daily":false,"chose_seed":false,"campfire_upgraded":6,"win_rate":0.0,"timestamp":1608625360,"path_taken":["M","M","?","?","$","E","R","M","T","R","E","M","R","?","R","BOSS","M","M","?","?","?","E","R","M","T","R","M","E","R","M","R","BOSS","M","?","M","M","$","R","E","M","T","?","R","M","R","?","R","BOSS","R","$","E","BOSS"],"items_purchased_type":["Card","Relic","Relic","Relic"],"build_version":"2020-12-13","purchased_purges":3,"victory":true,"max_hp_per_floor":[80,80,80,80,80,80,80,80,80,80,80,80,80,80,80,80,80,80,80,80,80,80,80,80,80,80,80,80,87,87,87,87,87,87,87,87,87,87,87,87,87,87,87,87,87,87,87,87,87,87,87,87,87,87,87],"card_choices":[{"not_picked":["Guardian:Repulse","Guardian:ShieldSpikes"],"picked":"Guardian:RollAttack","floor":1},{"not_picked":["Guardian:TemporalShield","Guardian:RollAttack"],"picked":"Guardian:ChargeCore","floor":2},{"not_picked":["Guardian:Gem_Lightblue","Guardian:Emergency"],"picked":"Guardian:StasisField","floor":6},{"not_picked":["Guardian:Suspension","Guardian:ChargeCore"],"picked":"Guardian:Planning","floor":8},{"not_picked":["Guardian:SpikerProtocol","Guardian:RollAttack"],"picked":"Guardian:Gem_Green","floor":8},{"not_picked":["Guardian:Gem_Cyan","Guardian:ConstructionForm","Guardian:Gem_Lightblue"],"picked":"SKIP","floor":11},{"not_picked":["Guardian:SentryBeam","Guardian:TemporalShield"],"picked":"Guardian:Gem_Purple","floor":12},{"not_picked":["Guardian:Recover","Guardian:Gem_Cyan","Guardian:Harden"],"picked":"SKIP","floor":12},{"not_picked":["Guardian:StasisField","Guardian:StasisEngine"],"picked":"Guardian:TimeSifter","floor":16},{"not_picked":["Guardian:BronzeOrb+1","Guardian:Gem_Cyan"],"picked":"Guardian:ShieldCharger","floor":18},{"not_picked":["Guardian:PrismaticBarrier","Guardian:TemporalStrike","Guardian:Reroute"],"picked":"SKIP","floor":18},{"not_picked":["Guardian:Gem_Cyan","Guardian:Recover"],"picked":"Guardian:Gem_Red","floor":19},{"not_picked":["Guardian:ArmoredProtocol","Guardian:PolyBeam+1"],"picked":"Guardian:Gem_Yellow","floor":19},{"not_picked":["Guardian:Gem_Cyan","Guardian:CrystalBeam"],"picked":"Guardian:Incinerate","floor":21},{"not_picked":["Guardian:Gem_Purple","Guardian:Recover"],"picked":"Guardian:SentryBeam+1","floor":21},{"not_picked":["Guardian:FuturePlans+1","Guardian:PrimingBeam"],"picked":"Guardian:TimeCapacitor","floor":22},{"not_picked":["Guardian:CrystalBeam+1","Guardian:Orbwalk"],"picked":"Guardian:Gem_White","floor":23},{"not_picked":["Guardian:VentSteam","Guardian:Gem_Cyan"],"picked":"Guardian:ShieldCharger+1","floor":25},{"not_picked":["Guardian:SpikerProtocol+1","Guardian:Harden","Guardian:ShieldSpikes+1"],"picked":"SKIP","floor":25},{"not_picked":["Guardian:WalkerClaw+1","Guardian:Gem_Purple"],"picked":"Guardian:Gem_Yellow","floor":28},{"not_picked":["Guardian:RefractedBeam+1","Guardian:CrystalBeam","Guardian:TimeBomb+1"],"picked":"SKIP","floor":28},{"not_picked":["Guardian:CrystalBeam","Guardian:Harden"],"picked":"Guardian:CompilePackage","floor":29},{"not_picked":["Guardian:WalkerClaw","Guardian:PiercingHide+1"],"picked":"Guardian:Suspension","floor":31},{"not_picked":["Guardian:Reroute","Guardian:DecasProtection"],"picked":"Guardian:Suspension","floor":31},{"not_picked":["Guardian:Gem_Synthetic","Guardian:HyperBeam_Guardian"],"picked":"Guardian:Gem_Orange","floor":33},{"not_picked":["Guardian:VentSteam","Guardian:Preprogram+1"],"picked":"Guardian:Suspension","floor":35},{"not_picked":["Guardian:RollAttack+1","Guardian:Reroute","Guardian:CrystalBeam"],"picked":"SKIP","floor":35},{"not_picked":["Guardian:ShieldCharger","Guardian:ArmoredProtocol+1"],"picked":"Guardian:Planning","floor":37},{"not_picked":["Guardian:PiercingHide","Guardian:Recover+1","Guardian:Reroute+1"],"picked":"SKIP","floor":37},{"not_picked":["Guardian:TemporalShield+1","Guardian:Gem_White"],"picked":"Guardian:Gem_Orange","floor":38},{"not_picked":["Guardian:SpikerProtocol+1","Guardian:Gem_Lightblue"],"picked":"Guardian:Incinerate","floor":38},{"not_picked":["Guardian:VentSteam+1","Guardian:Recover+1"],"picked":"Guardian:Suspension","floor":41},{"not_picked":["Guardian:Clone","Guardian:Gem_Red"],"picked":"Guardian:Repulse+1","floor":42},{"not_picked":["Guardian:SentryBeam","Guardian:TemporalStrike+1","Guardian:SpikerProtocol"],"picked":"SKIP","floor":42},{"not_picked":["Guardian:VentSteam+1","Guardian:Gem_Lightblue"],"picked":"Guardian:Clone+1","floor":46},{"not_picked":["Guardian:TimeBomb+1","Guardian:PolyBeam"],"picked":"Guardian:Incinerate","floor":46},{"not_picked":["Guardian:DonusPower+1","Guardian:EvasiveProtocol","Guardian:Reroute+1"],"picked":"SKIP","floor":48},{"not_picked":["Guardian:RollAttack+1","Guardian:TemporalStrike+1","Guardian:TimeBomb"],"picked":"SKIP","floor":48},{"not_picked":["Guardian:Gem_Fragmented","Guardian:VentSteam+1","Guardian:Gem_Green"],"picked":"SKIP","floor":54}],"player_experience":1034213,"relics_obtained":[{"floor":6,"key":"Prayer Wheel"},{"floor":9,"key":"PreservedInsect"},{"floor":11,"key":"HornCleat"},{"floor":22,"key":"Red Mask"},{"floor":23,"key":"Incense Burner"},{"floor":23,"key":"Unceasing Top"},{"floor":29,"key":"Potion Belt"},{"floor":29,"key":"Strawberry"},{"floor":41,"key":"MawBank"},{"floor":41,"key":"Whetstone"},{"floor":43,"key":"Lantern"},{"floor":54,"key":"Art of War"},{"floor":54,"key":"Mercury Hourglass"}],"event_choices":[{"cards_removed":["Guardian:Strike_Guardian"],"damage_healed":0,"gold_gain":0,"player_choice":"Card Removal","damage_taken":0,"max_hp_gain":0,"max_hp_loss":0,"event_name":"The Cleric","floor":3,"gold_loss":50},{"damage_healed":0,"gold_gain":0,"player_choice":"Ignored","damage_taken":101,"max_hp_gain":0,"max_hp_loss":0,"event_name":"betterThird:BetterSerpent","floor":14,"gold_loss":0},{"damage_healed":0,"gold_gain":0,"player_choice":"Ignored","damage_taken":0,"max_hp_gain":0,"max_hp_loss":0,"event_name":"betterNote:BetterNote","floor":20,"gold_loss":0,"cards_obtained":["After Image"]},{"damage_healed":0,"gold_gain":0,"player_choice":"Fought Bandits","damage_taken":0,"max_hp_gain":0,"max_hp_loss":0,"event_name":"Masked Bandits","floor":22,"gold_loss":0},{"cards_removed":["Guardian:Gem_White"],"damage_healed":0,"gold_gain":0,"player_choice":"Removed Skill","damage_taken":0,"max_hp_gain":0,"max_hp_loss":0,"event_name":"Falling","floor":36,"gold_loss":0},{"cards_removed":["Guardian:Strike_Guardian"],"damage_healed":0,"gold_gain":0,"player_choice":"Offered Basic","damage_taken":0,"max_hp_gain":0,"max_hp_loss":0,"event_name":"Bonfire Elementals","floor":44,"gold_loss":0}],"is_beta":false,"boss_relics":[{"not_picked":["Astrolabe","Tiny House"],"picked":"Black Star"},{"not_picked":["Runic Pyramid","Guardian:ModeShifterPlus"],"picked":"energizedSpire:NeverEndingSparkler"}],"items_purged_floors":[5,39,53],"is_endless":false,"potions_floor_spawned":[11,12,16,18,19,31,37,42,46,48],"ascension_level":2}}