{"host":"5dk97cf2ubw2v967","time":1608652225,"event":{"mods":["AlwaysNeverKeys","BaseMod","Better Altar","Better Vampires","Block Reminder","Colored Powertips","Downfall","Googly Eyes","Highlight Path","Minty Spire (QoL Compilation)","Permanent Neow","Potion Indicator Mod","Quick Restart","Relic Filter","Relic Stats","Say the Spire","Spicy Shops","StSLib","Waifu the Spire","everything is the same but u backflip on backflip"],"gold_per_floor":[112,112,24,24,38,38,50,78,78,107,32,32,50,67,67,140,140,169,181,210,222,222],"floor_reached":21,"playtime":1187,"items_purged":["Regret"],"score":378,"play_id":"b23d9b9a-f0c0-4917-b40c-319d50ba1ffe","local_time":"20201222155025","is_ascension_mode":true,"campfire_choices":[{"data":"Blade Dance","floor":6,"key":"SMITH"},{"floor":12,"key":"REST"},{"floor":15,"key":"REST"}],"circlet_count":0,"master_deck":["AscendersBane","Strike_G","Strike_G","Strike_G","Strike_G","Strike_G","Defend_G","Defend_G","Defend_G","Defend_G","Defend_G","Survivor","Neutralize","Calculated Gamble","Venomology","Blade Dance+1","Terror","Leg Sweep","Calculated Gamble","Guardian:Reroute","champ:Devastate","CurseOfTheBell","Guardian:ChargeCore","Cold Snap"],"relics":["Runic Pyramid","Kunai","Ancient Tea Set","PrismaticShard","Ninja Scroll","Calling Bell","MawBank","InkBottle","Shovel"],"acts_visited":["Exordium","TheCity"],"potions_floor_usage":[8,8,8,10,16,20,20],"damage_taken":[{"damage":4,"enemies":"Jaw Worm","floor":1,"turns":5},{"damage":3,"enemies":"Small Slimes","floor":5,"turns":6},{"damage":0,"enemies":"Cultist","floor":7,"turns":3},{"damage":10,"enemies":"Gremlin Nob","floor":8,"turns":3},{"damage":24,"enemies":"Lagavulin","floor":10,"turns":7},{"damage":1,"enemies":"Exordium Thugs","floor":13,"turns":7},{"damage":2,"enemies":"Red Slaver","floor":14,"turns":4},{"damage":18,"enemies":"The Guardian","floor":16,"turns":13},{"damage":5,"enemies":"Chosen","floor":18,"turns":4},{"damage":5,"enemies":"Shell Parasite","floor":20,"turns":3},{"damage":49,"enemies":"Shelled Parasite and Fungi","floor":21,"turns":5}],"seed_played":"3025250123989428097","potions_obtained":[{"floor":7,"key":"CunningPotion"},{"floor":14,"key":"ColorlessPotion"},{"floor":18,"key":"AttackPotion"}],"is_trial":false,"path_per_floor":["M","?","$","?","M","R","M","E","T","E","$","R","M","M","R","B",null,"M","$","M","M"],"character_chosen":"THE_SILENT","items_purchased":["Venomology"],"campfire_rested":2,"item_purchase_floors":[3],"current_hp_per_floor":[55,55,55,55,52,52,52,42,42,18,18,37,36,34,53,35,58,53,53,48,0,0],"gold":222,"neow_bonus":"BOSS_RELIC","is_daily":false,"chose_seed":false,"campfire_upgraded":1,"win_rate":0.0,"timestamp":1608652225,"path_taken":["M","?","$","?","M","R","M","E","T","E","$","R","M","M","R","BOSS","M","$","M","M"],"items_purchased_type":["Card"],"build_version":"2020-12-13","purchased_purges":1,"victory":false,"max_hp_per_floor":[66,66,66,66,66,66,66,66,66,66,66,66,66,66,66,66,66,66,66,66,66,66],"relic_stats":{"Shovel":0,"counters":[11,60],"Kunai":[34],"MawBank":48,"obtain_stats":[{"Calling Bell":17,"Shovel":17,"Ninja Scroll":10,"Kunai":2,"Ancient Tea Set":8,"PrismaticShard":9,"MawBank":17,"InkBottle":17,"Ring of the Snake":0,"Runic Pyramid":0},{"Calling Bell":8,"Shovel":8,"Ninja Scroll":5,"Kunai":1,"Ancient Tea Set":4,"PrismaticShard":4,"MawBank":8,"InkBottle":8,"Ring of the Snake":0,"Runic Pyramid":0},{"Calling Bell":48,"Shovel":48,"Ninja Scroll":24,"Kunai":5,"Ancient Tea Set":17,"PrismaticShard":17,"MawBank":48,"InkBottle":48,"Ring of the Snake":0,"Runic Pyramid":0}],"InkBottle":[5]},"card_choices":[{"not_picked":["Backflip","Dagger Spray"],"picked":"Calculated Gamble","floor":1},{"not_picked":["Riddle With Holes","Quick Slash"],"picked":"Blade Dance","floor":5},{"not_picked":["Deadly Poison","Outmaneuver"],"picked":"Terror","floor":7},{"not_picked":["Caltrops","Backflip"],"picked":"Leg Sweep","floor":8},{"not_picked":["Acrobatics","Secret Weapon"],"picked":"Calculated Gamble","floor":10},{"not_picked":["Slimebound:LevelUp","Nirvana","sneckomod:SoulRoll"],"picked":"SKIP","floor":13},{"not_picked":["Underhanded Strike","Guardian:Orbwalk"],"picked":"Guardian:Reroute","floor":14},{"not_picked":["Guardian:HyperBeam_Guardian","Guardian:TimeSifter"],"picked":"champ:Devastate","floor":16},{"not_picked":["champ:Backstep","Slimebound:Schlurp"],"picked":"Guardian:ChargeCore","floor":18},{"not_picked":["sneckomod:SnekBeam","sneckomod:ImprovisedGuard"],"picked":"Cold Snap","floor":20}],"player_experience":1247932,"relics_obtained":[{"floor":8,"key":"Ancient Tea Set"},{"floor":9,"key":"PrismaticShard"},{"floor":10,"key":"Ninja Scroll"},{"floor":17,"key":"MawBank"},{"floor":17,"key":"InkBottle"},{"floor":17,"key":"Shovel"}],"event_choices":[{"damage_healed":0,"gold_gain":0,"player_choice":"Box","damage_taken":0,"relics_obtained":["Kunai"],"max_hp_gain":0,"max_hp_loss":0,"event_name":"Big Fish","floor":2,"gold_loss":0,"cards_obtained":["Regret"]},{"damage_healed":0,"gold_gain":0,"player_choice":"Ignored","damage_taken":0,"max_hp_gain":0,"max_hp_loss":0,"event_name":"Liars Game","floor":4,"gold_loss":0}],"is_beta":false,"boss_relics":[{"not_picked":["Snecko Eye","Coffee Dripper"],"picked":"Calling Bell"}],"items_purged_floors":[11],"is_endless":false,"potions_floor_spawned":[7,14,16,18],"killed_by":"Shelled Parasite and Fungi","ascension_level":20}}