{"host":"m43qbt7ev7xwh87f","time":1608662635,"event":{"mods":["Act Like it!","BaseMod","Better Third Choice","BetterRewards","Colored Powertips","Conspire","Downfall","Googly Eyes","Hermit","Hubris","Minty Spire (QoL Compilation)","Replay The Spire","StSLib","The Jungle"],"gold_per_floor":[99,113,128,128,144,163,163,208,241,241,266,291,291,291,307,415,415,415,441,86,86,119,119,197,123,123,123,1,27,70,100,100,210,226,340,340,340,362,393,29,29,29,82,98,124,162,189,212,212,220,220,220],"floor_reached":50,"playtime":3042,"items_purged":["Pain"],"score":700,"play_id":"2bacf180-e5c6-4a0d-a224-e502b89e15c2","local_time":"20201222134355","is_ascension_mode":false,"campfire_choices":[{"data":"hexamod:WildfireWeapon","floor":1,"key":"SMITH"},{"data":"hexamod:ThermalTransfer","floor":10,"key":"SMITH"},{"data":"hexamod:SkipABeat","floor":18,"key":"SMITH"},{"floor":32,"key":"REST"},{"floor":37,"key":"DIG"},{"data":"Adrenaline","floor":49,"key":"SMITH"}],"circlet_count":0,"master_deck":["hexamod:Defend","hexamod:Defend","hexamod:Defend","hexamod:Defend","hexamod:Float+1","hexamod:WildfireWeapon+1","hexamod:FirstSeal","hexamod:SpectersWail","hexamod:ChargedBarrage+1","hexamod:BurningTouch","hexamod:VolcanoVisage+1","hexamod:FastForward","hexamod:SkipABeat+1","hexamod:TimeOfNeed","hexamod:PowerFromBeyond+1","hexamod:RadiantFlame+1","hubris:DuctTapeCard","Discovery+1","hexamod:SwordOfDarkness+1","Bite","Bite","Bite","Bite","Bite","hubris:Wrath","hexamod:SearingWound","hexamod:EmpoweredFlame","hexamod:RainOfEmbers+1","Pot Of Greed","Pot Of Greed","Pot Of Greed","hexamod:SoulSteal+1","hexamod:Again+1","hexamod:Rewind","Adrenaline+1","CurseOfTheBell","hexamod:AdvancingGuard+1","hexamod:Hexaguard+1","hexamod:FifthSeal","Pot Of Greed","hexamod:DynamicBlow","hexamod:SearingWound+1","Normality","hexamod:SixthSeal","hexamod:EtherealExpedition+1","hexamod:FourthSeal","hexamod:GhostShield+1","hexamod:ThirdSeal","Storm of Steel","hexamod:GhostOfSpireFuture+1"],"relics":["hexamod:SpiritBrand","Replay:Bandana","Bag of Marbles","Shuriken","Cursed Key","hubris:DuctTape","ReplayTheSpireMod:CursedCoin","WarpedTongs","Bottled Flame","Grinning Jar","hubris:GlazedTorus","hubris:DisguiseKit","Replay:Grab Bag","Philosopher\u0027s Stone","Replay:Bronze Core","hubris:Backtick","Magic Flower","Calling Bell","Replay:Wax Seal","Ornamental Fan","CaptainsWheel","War Paint","hubris:CuriousFeather","Potion Belt","conspire:DecoderRing"],"acts_visited":["Exordium","TheCity","TheBeyond"],"potions_floor_usage":[31,35,46,46],"damage_taken":[{"damage":0,"enemies":"conspire:RoseBush","floor":2,"turns":3},{"damage":0,"enemies":"Cultist","floor":3,"turns":4},{"damage":5,"enemies":"Jaw Worm","floor":5,"turns":3},{"damage":7,"enemies":"Blue Slaver","floor":6,"turns":5},{"damage":14,"enemies":"Gremlin Nob","floor":8,"turns":4},{"damage":0,"enemies":"Gremlin Gang","floor":9,"turns":4},{"damage":2,"enemies":"2 Fungi Beasts","floor":11,"turns":3},{"damage":4,"enemies":"Blue Slaver","floor":12,"turns":3},{"damage":7,"enemies":"Red Slaver","floor":15,"turns":3},{"damage":16,"enemies":"downfall:Watcher","floor":16,"turns":6},{"damage":6,"enemies":"Shell Parasite","floor":19,"turns":3},{"damage":0,"enemies":"downfall:FleeingMerchant","floor":20,"turns":4},{"damage":31,"enemies":"3 Byrds","floor":22,"turns":4},{"damage":17,"enemies":"Centurion and Healer","floor":25,"turns":6},{"damage":12,"enemies":"downfall:FleeingMerchant","floor":28,"turns":4},{"damage":11,"enemies":"Cultist and Chosen","floor":29,"turns":6},{"damage":47,"enemies":"Gremlin Leader","floor":30,"turns":6},{"damage":9,"enemies":"Snake Plant","floor":31,"turns":3},{"damage":24,"enemies":"downfall:Ironclad","floor":33,"turns":4},{"damage":0,"enemies":"conspire:HollyBat","floor":34,"turns":7},{"damage":34,"enemies":"downfall:Silent","floor":35,"turns":6},{"damage":14,"enemies":"3 Darklings","floor":38,"turns":4},{"damage":33,"enemies":"3 Shapes","floor":39,"turns":6},{"damage":1,"enemies":"downfall:FleeingMerchant","floor":40,"turns":5},{"damage":45,"enemies":"Maw","floor":44,"turns":8},{"damage":39,"enemies":"Writhing Mass","floor":45,"turns":6},{"damage":9,"enemies":"R_Hoarder","floor":46,"turns":8},{"damage":18,"enemies":"3 Darklings","floor":47,"turns":5},{"damage":1,"enemies":"Spire Growth","floor":48,"turns":5},{"damage":54,"enemies":"Giant Head","floor":50,"turns":6}],"seed_played":"417791541080154134","potions_obtained":[{"floor":2,"key":"LifebloodPotion"},{"floor":5,"key":"Strength Potion"},{"floor":8,"key":"conspire:TimeTravelPotion"},{"floor":33,"key":"SpeedPotion"},{"floor":38,"key":"Strength Potion"},{"floor":44,"key":"LiquidMemories"},{"floor":45,"key":"LiquidMemories"},{"floor":46,"key":"LifebloodPotion"},{"floor":48,"key":"Fire Potion"},{"floor":48,"key":"hexamod:DoubleChargePotion"}],"is_trial":false,"path_per_floor":["R","M","M","?","M","M","T","E","M","R","M","M","T","?","M","B",null,"R","M","$","?","M","?","T","M","PTL","PTL","$","M","E","M","R","?","M","B",null,"R","M","M","$","?","?","T","M","M","E","M","M","R","E"],"character_chosen":"THE_SPIRIT","items_purchased":["hubris:DuctTape","Whetstone","ReplayTheSpireMod:CursedCoin","Discovery","hexamod:EmpoweredFlame","hubris:CuriousFeather","hexamod:DynamicBlow"],"campfire_rested":1,"item_purchase_floors":[20,20,20,20,28,40,40],"current_hp_per_floor":[49,49,56,56,58,58,58,51,58,58,63,59,59,59,59,43,70,70,70,70,70,39,39,39,41,41,41,41,48,13,13,27,10,30,25,49,49,49,35,49,49,49,49,35,21,42,38,49,49,0,0,0],"gold":220,"neow_bonus":"THREE_RARE_CARDS","is_daily":false,"chose_seed":false,"campfire_upgraded":4,"win_rate":0.0,"timestamp":1608662635,"path_taken":["R","M","M","?","M","?","T","E","M","R","M","?","?","?","M","BOSS","R","M","$","?","?","?","T","M","PTL","PTL","$","M","E","M","R","?","M","BOSS","R","M","M","$","?","?","T","?","M","E","?","M","R","E"],"items_purchased_type":["Relic","Relic","Relic","Card","Card","Relic","Card"],"build_version":"2020-12-13","purchased_purges":1,"victory":false,"max_hp_per_floor":[70,70,70,70,70,70,70,70,70,70,70,70,70,70,70,70,70,70,70,70,70,70,49,49,49,49,49,49,49,49,49,49,49,49,49,49,49,49,49,49,49,49,49,49,49,49,49,49,49,49,49,49],"card_choices":[{"not_picked":["hexamod:SixthSeal","hexamod:FifthSeal"],"picked":"hexamod:WildfireWeapon","floor":0},{"not_picked":["hexamod:ShieldOfDarkness","hexamod:GhostOfSpirePresent"],"picked":"hexamod:FirstSeal","floor":2},{"not_picked":["hexamod:NightmareStrike","hexamod:CatchUp"],"picked":"hexamod:SpectersWail","floor":3},{"not_picked":["hexamod:StepThrough","hexamod:RainOfEmbers"],"picked":"hexamod:ChargedBarrage","floor":5},{"not_picked":["hexamod:Hexaguard","hexamod:HauntingEcho"],"picked":"hexamod:ThermalTransfer","floor":6},{"not_picked":["hexamod:PowerFromBeyond","hexamod:Hexaguard"],"picked":"hexamod:BurningTouch","floor":8},{"not_picked":["hexamod:BurningTouch","hexamod:RainOfEmbers","hexamod:SecondSeal"],"picked":"SKIP","floor":9},{"not_picked":["hexamod:BurningTouch","hexamod:RainOfEmbers","hexamod:SecondSeal"],"picked":"SKIP","floor":9},{"not_picked":["hexamod:NecessarySacrifice","hexamod:HauntingEcho"],"picked":"hexamod:VolcanoVisage","floor":11},{"not_picked":["hexamod:ThermalTransfer","hexamod:BacktrackSmack"],"picked":"hexamod:FastForward","floor":12},{"not_picked":["hexamod:FourthSeal","hexamod:RetreatToShadows"],"picked":"hexamod:SkipABeat","floor":15},{"not_picked":["hexamod:GiftsFromTheDead","hexamod:UnleashSpirits"],"picked":"hexamod:TimeOfNeed","floor":16},{"not_picked":["hexamod:InspiringFlames","hexamod:Hexaguard"],"picked":"hexamod:PowerFromBeyond+1","floor":19},{"not_picked":["hexamod:NightmareGuise","hexamod:RainOfEmbers"],"picked":"hexamod:RadiantFlame+1","floor":20},{"not_picked":["hexamod:FastForward","hexamod:GhostOfSpireFuture"],"picked":"hexamod:SwordOfDarkness+1","floor":22},{"not_picked":["hexamod:SwordOfDarkness","hexamod:BacktrackSmack","hexamod:AdvancingGuard"],"picked":"SKIP","floor":25},{"not_picked":["hexamod:ThermalTransfer","hexamod:RainOfEmbers"],"picked":"hexamod:SearingWound","floor":28},{"not_picked":["hexamod:GhostOfSpirePast","hexamod:InspiringFlames"],"picked":"hexamod:RainOfEmbers+1","floor":29},{"not_picked":["hexamod:BurningTouch+1","hexamod:NightmareStrike","hexamod:PhantomCloak"],"picked":"SKIP","floor":30},{"not_picked":["hexamod:SwordOfDarkness","hexamod:NightmareGuise+1"],"picked":"hexamod:SoulSteal+1","floor":31},{"not_picked":["hexamod:SpectersWail","hexamod:SwordOfDarkness+1"],"picked":"hexamod:Again+1","floor":33},{"not_picked":["hexamod:ShieldOfDarkness","hexamod:SwordOfDarkness","Deadly Poison"],"picked":"hexamod:Rewind","floor":34},{"not_picked":["hexamod:ParanormalForm","hexamod:GhostflameInferno","hexamod:TimeWarp"],"picked":"Adrenaline","floor":35},{"not_picked":["hexamod:GhostLash+1","hexamod:BurningTouch","Dagger Throw"],"picked":"hexamod:AdvancingGuard","floor":38},{"not_picked":["hexamod:FirstSeal","hexamod:DynamicBlow+1","Cloak And Dagger"],"picked":"hexamod:Hexaguard+1","floor":39},{"not_picked":["hexamod:SwordOfDarkness+1","hexamod:AdvancingGuard+1","Choke"],"picked":"hexamod:FifthSeal","floor":40},{"not_picked":["hexamod:ThirdSeal","hexamod:FirstSeal","hexamod:FourthSeal"],"picked":"hexamod:SixthSeal","floor":44},{"not_picked":["hexamod:StepThrough","hexamod:PhantomFireball","Dagger Throw"],"picked":"hexamod:EtherealExpedition+1","floor":44},{"not_picked":["hexamod:SixthSeal","hexamod:FirstSeal","hexamod:ThirdSeal"],"picked":"hexamod:FourthSeal","floor":45},{"not_picked":["hexamod:Firestarter+1","hexamod:RetreatToShadows+1","Wraith Form v2"],"picked":"hexamod:GhostShield+1","floor":45},{"not_picked":["hexamod:SixthSeal","hexamod:FourthSeal","hexamod:FirstSeal"],"picked":"hexamod:ThirdSeal","floor":46},{"not_picked":["hexamod:CatchUp","hexamod:SpectralAdrenaline","hexamod:EtherealExpedition+1"],"picked":"Storm of Steel","floor":46},{"not_picked":["hexamod:ThirdSeal","hexamod:PhantomFireball","hexamod:GhostShield+1","Backflip"],"picked":"SKIP","floor":47},{"not_picked":["hexamod:ThermalTransfer+1","hexamod:ThirdSeal","hexamod:SearingWound","ReplayTheSpireMod:The Works"],"picked":"SKIP","floor":47},{"not_picked":["hexamod:BacktrackSmack+1","hexamod:RetreatToShadows","Cloak And Dagger"],"picked":"hexamod:GhostOfSpireFuture+1","floor":48},{"not_picked":["hexamod:SwordOfDarkness+1","hexamod:AdvancingGuard+1","hexamod:BurningTouch","ReplayTheSpireMod:Scrap Shanks"],"picked":"SKIP","floor":48}],"player_experience":138860,"relics_obtained":[{"floor":7,"key":"Replay:Bandana"},{"floor":8,"key":"Bag of Marbles"},{"floor":13,"key":"Shuriken"},{"floor":24,"key":"Bottled Flame"},{"floor":30,"key":"Grinning Jar"},{"floor":33,"key":"hubris:GlazedTorus"},{"floor":33,"key":"hubris:DisguiseKit"},{"floor":36,"key":"Replay:Wax Seal"},{"floor":36,"key":"Ornamental Fan"},{"floor":36,"key":"CaptainsWheel"},{"floor":37,"key":"War Paint"},{"floor":43,"key":"Potion Belt"},{"floor":46,"key":"conspire:DecoderRing"}],"event_choices":[{"damage_healed":0,"gold_gain":0,"player_choice":"Upgraded","damage_taken":0,"max_hp_gain":0,"max_hp_loss":0,"event_name":"Upgrade Shrine","floor":4,"gold_loss":0,"cards_upgraded":["hexamod:Sear"]},{"damage_healed":0,"gold_gain":0,"player_choice":"Rummage","damage_taken":0,"relics_obtained":["WarpedTongs"],"max_hp_gain":0,"max_hp_loss":0,"event_name":"Accursed Blacksmith","floor":21,"gold_loss":0,"cards_obtained":["Pain"]},{"damage_healed":0,"gold_gain":0,"player_choice":"Became a vampire","damage_taken":0,"max_hp_gain":0,"max_hp_loss":21,"event_name":"Vampires","floor":23,"gold_loss":0,"cards_obtained":["Bite","Bite","Bite","Bite","Bite"]}],"is_beta":false,"boss_relics":[{"not_picked":["hubris:BlackHole","Black Star"],"picked":"Cursed Key"},{"not_picked":["hubris:GrandSneckoEye","ReplayTheSpireMod:DimensionalGlitch"],"picked":"Replay:Grab Bag"},{"not_picked":["hubris:TerracottaHorce","Sozu"],"picked":"Philosopher\u0027s Stone"},{"not_picked":["hexamod:IceCube","Busted Crown"],"picked":"Replay:Bronze Core"},{"not_picked":["Ring of Chaos","Runic Pyramid"],"picked":"hubris:Backtick"},{"not_picked":["conspire:SpecialSausage","conspire:RunicOctahedron"],"picked":"Calling Bell"}],"items_purged_floors":[28],"is_endless":false,"potions_floor_spawned":[2,5,8,9,15,22,25,30,33,34,35,38,44,45,48],"killed_by":"Giant Head","ascension_level":0}}