{"host":"5jn3rki867005t18","time":1608643859,"event":{"mods":["2.2 Compatiblity","AchievementEnabler","BaseMod","Colored Map","DeckTracker","Minty Spire (QoL Compilation)","Permanent Neow","Rare Cards Sparkle","StSLib","SuperFastMode"],"gold_per_floor":[113,127,127,137,157,157,169,179,206,224,241,254,254,254,254,349,349,359,372,387,407,332,364,12,12,12,25,41,41,60,80,80,179,179,190,190,69,69,86,86,86,99,175,195,4,4,4,4],"floor_reached":47,"playtime":2996,"items_purged":["Strike_G"],"score":497,"play_id":"dce337b4-c1b9-49eb-a7cf-bad0ff0440be","local_time":"20201222223059","is_ascension_mode":false,"campfire_choices":[{"data":"Accuracy","floor":6.0,"key":"SMITH"},{"data":"Eviscerate","floor":13.0,"key":"SMITH"},{"floor":15.0,"key":"REST"},{"data":"Infinite Blades","floor":25.0,"key":"SMITH"},{"floor":32.0,"key":"REST"},{"floor":41,"key":"REST"},{"floor":46,"key":"REST"}],"circlet_count":0,"master_deck":["Strike_G","Strike_G","Defend_G","Defend_G","Defend_G","Defend_G","Defend_G","Survivor","Neutralize","Dagger Spray","Cloak And Dagger","Accuracy+1","Cloak And Dagger","Blade Dance","Blade Dance","Catalyst","Eviscerate+1","Choke","Noxious Fumes","Bullet Time","Cloak And Dagger","Deflect","Acrobatics","Blur","Infinite Blades+1","Poisoned Stab","Dagger Spray","Finisher","Noxious Fumes+1","After Image","Leg Sweep+1","A Thousand Cuts","Noxious Fumes","Magnetism","Dramatic Entrance","Prepared","Backflip+1","Poisoned Stab+1","Slice+1","Accuracy"],"relics":["Ring of the Snake","Centennial Puzzle","Regal Pillow","SlaversCollar","Lantern","Lee\u0027s Waffle","Toy Ornithopter","Philosopher\u0027s Stone","Bottled Lightning","Toolbox"],"acts_visited":["Exordium","TheCity","TheBeyond"],"potions_floor_usage":[42],"damage_taken":[{"damage":0.0,"enemies":"Cultist","floor":1.0,"turns":3.0},{"damage":0.0,"enemies":"Small Slimes","floor":2.0,"turns":3.0},{"damage":0.0,"enemies":"Jaw Worm","floor":4.0,"turns":6.0},{"damage":1.0,"enemies":"3 Louse","floor":5.0,"turns":3.0},{"damage":0.0,"enemies":"Looter","floor":7.0,"turns":3.0},{"damage":1.0,"enemies":"Exordium Thugs","floor":8.0,"turns":4.0},{"damage":4.0,"enemies":"Large Slime","floor":10.0,"turns":4.0},{"damage":1.0,"enemies":"2 Fungi Beasts","floor":11.0,"turns":4.0},{"damage":10.0,"enemies":"Lots of Slimes","floor":12.0,"turns":3.0},{"damage":27.0,"enemies":"Hexaghost","floor":16.0,"turns":6.0},{"damage":7.0,"enemies":"Chosen","floor":18.0,"turns":6.0},{"damage":7.0,"enemies":"Shell Parasite","floor":19.0,"turns":5.0},{"damage":21.0,"enemies":"Shelled Parasite and Fungi","floor":20.0,"turns":6.0},{"damage":17.0,"enemies":"Snake Plant","floor":21.0,"turns":4.0},{"damage":0.0,"enemies":"Book of Stabbing","floor":23.0,"turns":2.0},{"damage":3.0,"enemies":"Chosen and Byrds","floor":27.0,"turns":4.0},{"damage":2.0,"enemies":"Cultist and Chosen","floor":28.0,"turns":3.0},{"damage":31.0,"enemies":"Snake Plant","floor":30.0,"turns":4.0},{"damage":7.0,"enemies":"Snecko","floor":31.0,"turns":4.0},{"damage":28.0,"enemies":"Automaton","floor":33.0,"turns":8.0},{"damage":30.0,"enemies":"3 Darklings","floor":35.0,"turns":5.0},{"damage":17,"enemies":"Orb Walker","floor":39,"turns":3},{"damage":57,"enemies":"Transient","floor":42,"turns":5},{"damage":6,"enemies":"Maw","floor":44,"turns":8},{"damage":76,"enemies":"Reptomancer","floor":47,"turns":2}],"seed_played":"-4029060227828318376","potions_obtained":[{"floor":5.0,"key":"FearPotion"},{"floor":7.0,"key":"BlessingOfTheForge"},{"floor":8.0,"key":"DistilledChaos"},{"floor":12.0,"key":"PowerPotion"},{"floor":18.0,"key":"EssenceOfSteel"},{"floor":20.0,"key":"LiquidBronze"},{"floor":21.0,"key":"EntropicBrew"},{"floor":30.0,"key":"Fire Potion"},{"floor":31.0,"key":"Fire Potion"},{"floor":33.0,"key":"PowerPotion"},{"floor":39,"key":"Poison Potion"}],"is_trial":false,"path_per_floor":["M","M","?","M","M","R","M","M","T","M","M","M","R","?","R","B",null,"M","M","M","M","?","E","$","R","T","M","M","?","M","M","R","B",null,"M","?","$","?","M","?","R","M","T","M","$","R","E"],"character_chosen":"THE_SILENT","items_purchased":["Infinite Blades","Lee\u0027s Waffle","Poisoned Stab","Dagger Spray","Dramatic Entrance","Prepared","Accuracy","Toolbox"],"campfire_rested":4,"item_purchase_floors":[24,24,24,24,37,37,45,45],"current_hp_per_floor":[70,70,70,70,69,69,69,68,68,64,63,53,53,53,70,43,70,63,56,35,18,18,18,77,77,77,77,75,61,30,23,62,44,82,52,52,52,52,35,35,74,22,22,16,16,55,0,0],"gold":4,"neow_bonus":"THREE_CARDS","is_daily":false,"chose_seed":false,"campfire_upgraded":3,"win_rate":0.0,"timestamp":1608643859,"path_taken":["M","M","?","M","?","R","M","M","T","M","M","M","R","?","R","BOSS","M","M","M","M","?","E","$","R","T","M","M","?","M","?","R","BOSS","M","?","$","?","M","?","R","M","T","M","$","R","E"],"items_purchased_type":["Card","Relic","Card","Card","Card","Card","Card","Relic"],"build_version":"2020-12-13","purchased_purges":1,"victory":false,"max_hp_per_floor":[70,70,70,70,70,70,70,70,70,70,70,70,70,70,70,70,70,70,70,70,70,70,70,77,77,77,77,77,82,82,82,82,82,82,82,82,82,82,82,82,82,82,82,82,82,82,82,82],"card_choices":[{"not_picked":["Masterful Stab","Escape Plan"],"picked":"Dagger Spray","floor":0.0},{"not_picked":["Slice","Dodge and Roll"],"picked":"Cloak And Dagger","floor":1.0},{"not_picked":["Deflect","Dodge and Roll"],"picked":"Accuracy","floor":2.0},{"not_picked":["Sucker Punch","Prepared"],"picked":"Cloak And Dagger","floor":4.0},{"not_picked":["Flying Knee","Outmaneuver"],"picked":"Blade Dance","floor":5.0},{"not_picked":["Dagger Throw","Outmaneuver"],"picked":"Blade Dance","floor":7.0},{"not_picked":["Outmaneuver","Bane"],"picked":"Catalyst","floor":8.0},{"not_picked":["Flechettes","Masterful Stab"],"picked":"Eviscerate","floor":10.0},{"not_picked":["Heel Hook","Blur"],"picked":"Choke","floor":11.0},{"not_picked":["Underhanded Strike","Bane"],"picked":"Noxious Fumes","floor":12.0},{"not_picked":["Night Terror","Tools of the Trade"],"picked":"Bullet Time","floor":16.0},{"not_picked":["Slice+1","Escape Plan"],"picked":"Cloak And Dagger","floor":18.0},{"not_picked":["Underhanded Strike+1","Heel Hook+1"],"picked":"Caltrops+1","floor":19.0},{"not_picked":["Blade Dance","Prepared"],"picked":"Deflect","floor":20.0},{"not_picked":["Masterful Stab","Sucker Punch"],"picked":"Acrobatics","floor":21.0},{"not_picked":["Tactician","Corpse Explosion"],"picked":"Blur","floor":23.0},{"not_picked":["PiercingWail","Distraction"],"picked":"Finisher","floor":27.0},{"not_picked":["Acrobatics+1","Deflect"],"picked":"Noxious Fumes+1","floor":28.0},{"not_picked":["Sucker Punch","Well Laid Plans"],"picked":"After Image","floor":30.0},{"not_picked":["Sucker Punch","All Out Attack"],"picked":"Leg Sweep+1","floor":31.0},{"not_picked":["Adrenaline","Venomology"],"picked":"A Thousand Cuts","floor":33.0},{"not_picked":["Bouncing Flask","Acrobatics+1"],"picked":"Noxious Fumes","floor":35.0},{"not_picked":["Panacea","Transmutation"],"picked":"Magnetism","floor":36},{"not_picked":["Prepared","Slice"],"picked":"Backflip+1","floor":39},{"not_picked":["Eviscerate","Quick Slash+1"],"picked":"Poisoned Stab+1","floor":42},{"not_picked":["Distraction","All Out Attack"],"picked":"Slice+1","floor":44}],"player_experience":65289,"relics_obtained":[{"floor":9.0,"key":"Centennial Puzzle"},{"floor":23.0,"key":"Lantern"},{"floor":26.0,"key":"Toy Ornithopter"},{"floor":43,"key":"Bottled Lightning"}],"event_choices":[{"cards_removed":["Strike_G"],"damage_healed":0.0,"max_hp_gain":0.0,"max_hp_loss":0.0,"gold_gain":0.0,"event_name":"Bonfire Elementals","player_choice":"Offered Basic","floor":3.0,"gold_loss":0.0,"damage_taken":0.0},{"damage_healed":0.0,"max_hp_gain":0.0,"max_hp_loss":0.0,"gold_gain":0.0,"event_name":"Dead Adventurer","player_choice":"Searched \u00271\u0027 times","floor":14.0,"gold_loss":0.0,"damage_taken":0.0,"relics_obtained":["Regal Pillow"]},{"cards_removed":["Strike_G"],"damage_healed":0.0,"max_hp_gain":0.0,"max_hp_loss":0.0,"gold_gain":0.0,"event_name":"Beggar","player_choice":"Gave Gold","floor":22.0,"gold_loss":75.0,"damage_taken":0.0},{"damage_healed":0.0,"max_hp_gain":5.0,"max_hp_loss":0.0,"gold_gain":0.0,"event_name":"Forgotten Altar","player_choice":"Shed Blood","floor":29.0,"gold_loss":0.0,"damage_taken":19.0},{"damage_healed":0,"gold_gain":0,"player_choice":"Memory 1","damage_taken":0,"max_hp_gain":0,"max_hp_loss":0,"event_name":"SensoryStone","floor":36,"gold_loss":0},{"cards_removed":["Caltrops"],"damage_healed":0,"gold_gain":0,"player_choice":"Removed Power","damage_taken":0,"max_hp_gain":0,"max_hp_loss":0,"event_name":"Falling","floor":38,"gold_loss":0},{"damage_healed":0,"gold_gain":0,"player_choice":"Ignored","damage_taken":0,"max_hp_gain":0,"max_hp_loss":0,"event_name":"SecretPortal","floor":40,"gold_loss":0}],"is_beta":false,"boss_relics":[{"not_picked":["SacredBark","Velvet Choker"],"picked":"SlaversCollar"},{"not_picked":["Coffee Dripper","Astrolabe"],"picked":"Philosopher\u0027s Stone"}],"items_purged_floors":[24],"is_endless":false,"potions_floor_spawned":[5,7,8,12,18,20,21,30,31,33,39],"killed_by":"Reptomancer","ascension_level":0}}