{"host":"6to0pdz5g3mubtyg","time":1608602967,"event":{"mods":["Act Like it!","Aspiration","BaseMod","BetterRewards","Colored Map","Energized Spire","Hallownest","Highlight Path","Infinite Spire","Jorbs\u0027s Wanderer Trilogy","Minty Spire (QoL Compilation)","Shade Mod","StSLib","The Animator","The Blue Laboratory","The Bug Knight"],"gold_per_floor":[116,116,76,94,117,148,323,363,363,363,379,379,395,395,395,521,521,544,171,171,171,191,191,215,215,240,249,249,297,322,365,365,504,504,529,552,561,590,613,613,635,118,118,88,222,97,145,145,145],"floor_reached":48,"playtime":2926,"items_purged":["Doubt","Strike_B","Strike_B","Defend_B"],"score":611,"play_id":"aa2198f0-49b1-4f02-8db9-91640b5a6574","local_time":"20201221190927","is_ascension_mode":true,"campfire_choices":[{"floor":10.0,"key":"REST"},{"floor":12.0,"key":"REST"},{"data":"Defragment","floor":15.0,"key":"SMITH"},{"floor":23.0,"key":"REST"},{"data":"infinitespire:Oblivion","floor":25.0,"key":"SMITH"},{"floor":32.0,"key":"REST"},{"floor":40.0,"key":"REST"}],"circlet_count":0,"master_deck":["Strike_B","Strike_B","Defend_B","Defend_B","Defend_B+1","Zap","Dualcast+1","Capacitor","Defragment","Defragment+1","Coolheaded","Coolheaded","Conserve Battery","infinitespire:UltimateForm","Echo Form","Turbo","infinitespire:Oblivion+1","animator:ElricEdward","HollowMod:TaintedHusks+1","Writhe","stsjorbsmod:Strife","stsjorbsmod:Flame","stsjorbsmod:ArcaneWeapon","Offering","stsjorbsmod:Cyclone","Reprogram","animator:Zero","Shade:AncientSpear+1","Transmutation","Capacitor","infinitespire:Collect","stsjorbsmod:Toll+1"],"relics":["Cracked Core","NeowsBlessing","Golden Idol","War Paint","CaptainsWheel","Incense Burner","energizedSpire:NeverEndingSparkler","PrismaticShard","Potion Belt","FaceOfCleric","Regal Pillow","CeramicFish","Orichalcum","infinitespire:Freezer","aspiration:SneckoTail","aspiration:BursterCore","Gremlin Horn","Letter Opener","Gambling Chip","Vajra"],"acts_visited":["Exordium","TheCity","TheBeyond"],"potions_floor_usage":[48],"damage_taken":[{"damage":0.0,"enemies":"Jaw Worm","floor":1.0,"turns":1.0},{"damage":0.0,"enemies":"2 Louse","floor":4.0,"turns":1.0},{"damage":0.0,"enemies":"Cultist","floor":5.0,"turns":1.0},{"damage":28.0,"enemies":"Gremlin Nob","floor":6.0,"turns":5.0},{"damage":24.0,"enemies":"3 Sentries","floor":8.0,"turns":8.0},{"damage":16.0,"enemies":"3 Louse","floor":11.0,"turns":5.0},{"damage":0.0,"enemies":"Large Slime","floor":13.0,"turns":6.0},{"damage":0.0,"enemies":"Hexaghost","floor":16.0,"turns":11.0},{"damage":3.0,"enemies":"Spheric Guardian","floor":18.0,"turns":5.0},{"damage":26.0,"enemies":"2 Thieves","floor":22.0,"turns":4.0},{"damage":20.0,"enemies":"Chosen and Byrds","floor":24.0,"turns":4.0},{"damage":21.0,"enemies":"Book of Stabbing","floor":29.0,"turns":5.0},{"damage":2.0,"enemies":"Centurion and Healer","floor":30.0,"turns":6.0},{"damage":26.0,"enemies":"Nightmare","floor":31.0,"turns":9.0},{"damage":20.0,"enemies":"Collector","floor":33.0,"turns":10.0},{"damage":34.0,"enemies":"3 Darklings","floor":35.0,"turns":6.0},{"damage":7.0,"enemies":"Orb Walker","floor":36.0,"turns":5.0},{"damage":4.0,"enemies":"Spire Growth","floor":38.0,"turns":6.0},{"damage":10.0,"enemies":"Jaw Worm Horde","floor":39.0,"turns":2.0},{"damage":22.0,"enemies":"3 Darklings","floor":41.0,"turns":5.0},{"damage":4.0,"enemies":"infinitespire:Three Voidlings","floor":45.0,"turns":3.0},{"damage":26.0,"enemies":"Nightmare_Alpha","floor":45.0,"turns":12.0},{"damage":15,"enemies":"Nightmare","floor":47,"turns":5},{"damage":11,"enemies":"Transient","floor":48,"turns":3}],"seed_played":"-3758828476389486494","potions_obtained":[{"floor":3.0,"key":"blueLaboratory:SystemWipe"},{"floor":3.0,"key":"blueLaboratory:FrostheartPotion"},{"floor":3.0,"key":"DuplicationPotion"},{"floor":4.0,"key":"blueLaboratory:HummingbirdPotion"},{"floor":6.0,"key":"Energy Potion"},{"floor":16.0,"key":"blueLaboratory:BottledHope"},{"floor":22.0,"key":"blueLaboratory:TeslaPotion"},{"floor":31.0,"key":"Energy Potion"},{"floor":33.0,"key":"blueLaboratory:BottleOfVodka"},{"floor":35.0,"key":"blueLaboratory:PlasmaFuel"},{"floor":38.0,"key":"Fire Potion"},{"floor":45,"key":"SteroidPotion"}],"is_trial":false,"path_per_floor":["M","?","?","M","M","E","?","E","T","R","M","R","M","?","R","B",null,"M","$","?","AVR","M","R","M","R","T","?","?","E","M","NM","R","B",null,"M","M","?","M","M","R","M","$","T","$","?","$","NM","M"],"character_chosen":"DEFECT","items_purchased":["PrismaticShard","Potion Belt","Gremlin Horn","Transmutation","Capacitor"],"campfire_rested":5,"item_purchase_floors":[19,19,42,42,44],"current_hp_per_floor":[75,57,57,57,57,29,29,5,5,27,11,33,33,16,16,16,75,72,72,72,72,47,76,57,57,57,57,65,45,44,19,58,39,81,48,42,42,39,30,70,49,49,49,49,21,21,7,0,0],"gold":145,"neow_bonus":"THREE_ENEMY_KILL","is_daily":false,"chose_seed":false,"campfire_upgraded":2,"win_rate":0.0,"timestamp":1608602967,"path_taken":["M","?","?","M","?","E","?","E","T","R","M","R","M","?","R","BOSS","M","$","?","AVR","M","R","?","R","T","?","?","E","M","NM","R","BOSS","M","M","?","M","M","R","M","$","T","?","?","$","NM","M"],"items_purchased_type":["Relic","Relic","Relic","Card","Card"],"build_version":"2020-12-13","purchased_purges":4,"victory":false,"max_hp_per_floor":[75,75,75,75,75,75,75,75,75,75,75,75,75,75,75,75,75,75,75,75,75,76,76,77,77,77,77,77,78,79,80,80,81,81,82,83,83,84,85,85,86,86,86,86,88,88,89,89,89],"card_choices":[{"not_picked":["Glacier","Conserve Battery"],"picked":"Capacitor","floor":1.0},{"not_picked":["Gash","Melter"],"picked":"Loop","floor":4.0},{"not_picked":["Steam","Hologram"],"picked":"Defragment","floor":5.0},{"not_picked":["Tempest","Streamline"],"picked":"Defragment","floor":6.0},{"not_picked":["Redo","Melter"],"picked":"Coolheaded","floor":8.0},{"not_picked":["Lockon","Streamline"],"picked":"Coolheaded","floor":11.0},{"not_picked":["Coolheaded","Rip and Tear"],"picked":"Conserve Battery","floor":13.0},{"not_picked":["infinitespire:Menacing","infinitespire:SevenWalls"],"picked":"infinitespire:UltimateForm","floor":14.0},{"not_picked":["All For One","Reboot"],"picked":"Echo Form","floor":16.0},{"not_picked":["Rebound+1","Tempest"],"picked":"Turbo","floor":18.0},{"not_picked":["Shade:StitchTogether","animator:Canti"],"picked":"animator:ElricEdward","floor":22.0},{"not_picked":["animator:Shichika","animator:Illya"],"picked":"HollowMod:TaintedHusks+1","floor":24.0},{"not_picked":["animator:Gillette","animator:TakanashiRikka"],"picked":"stsjorbsmod:Strife","floor":29.0},{"not_picked":["Beam Cell+1","Ball Lightning+1"],"picked":"stsjorbsmod:Flame","floor":30.0},{"not_picked":["Shade:Bite_Shade+1","HollowMod:CycloneSlash"],"picked":"stsjorbsmod:ArcaneWeapon","floor":31.0},{"not_picked":["animator:TakanashiRikka","Shade:Putrefaction"],"picked":"Offering","floor":33.0},{"not_picked":["animator:ZankiKiguchi+1","Bane","stsjorbsmod:Discordance"],"picked":"SKIP","floor":35.0},{"not_picked":["animator:Chung","SandsOfTime"],"picked":"stsjorbsmod:Cyclone","floor":36.0},{"not_picked":["animator:Canti+1","animator:Kuribayashi"],"picked":"animator:Zero","floor":38.0},{"not_picked":["animator:Tet","Weave","HollowMod:LifebloodCocoon"],"picked":"SKIP","floor":39.0},{"not_picked":["animator:IzunaHatsuse","animator:MisakiNakahara+1"],"picked":"Shade:AncientSpear+1","floor":41.0},{"not_picked":["infinitespire:Execution","infinitespire:FinalStrike"],"picked":"infinitespire:Collect","floor":45},{"not_picked":["HollowMod:ShadowDash","ThirdEye+1","HollowMod:VengefulVoid"],"picked":"SKIP","floor":45},{"not_picked":["Deflect","animator:OrikoMikuni"],"picked":"stsjorbsmod:Toll+1","floor":47}],"player_experience":208599,"relics_obtained":[{"floor":6.0,"key":"War Paint"},{"floor":8.0,"key":"CaptainsWheel"},{"floor":9.0,"key":"Incense Burner"},{"floor":26.0,"key":"CeramicFish"},{"floor":29.0,"key":"infinitespire:Freezer"},{"floor":31.0,"key":"aspiration:SneckoTail"},{"floor":43.0,"key":"Letter Opener"},{"floor":45,"key":"Gambling Chip"},{"floor":47,"key":"Vajra"}],"event_choices":[{"damage_healed":0.0,"max_hp_gain":0.0,"max_hp_loss":0.0,"gold_gain":0.0,"event_name":"Golden Idol","player_choice":"Take Damage","floor":2.0,"gold_loss":0.0,"damage_taken":18.0,"relics_obtained":["Golden Idol"]},{"damage_healed":0.0,"max_hp_gain":0.0,"max_hp_loss":0.0,"gold_gain":0.0,"event_name":"The Woman in Blue","player_choice":"Bought 3 Potions","floor":3.0,"gold_loss":0.0,"damage_taken":0.0},{"damage_healed":0.0,"max_hp_gain":0.0,"max_hp_loss":0.0,"gold_gain":175.0,"event_name":"Liars Game","player_choice":"AGREE","floor":7.0,"gold_loss":0.0,"damage_taken":0.0,"cards_obtained":["Doubt"]},{"damage_healed":0.0,"max_hp_gain":0.0,"max_hp_loss":0.0,"gold_gain":0.0,"event_name":"FaceTrader","player_choice":"Trade","floor":20.0,"gold_loss":0.0,"damage_taken":0.0,"relics_obtained":["FaceOfCleric"]},{"damage_healed":0.0,"max_hp_gain":0.0,"max_hp_loss":0.0,"gold_gain":0.0,"event_name":"The Mausoleum","player_choice":"Opened","floor":27.0,"gold_loss":0.0,"damage_taken":0.0,"relics_obtained":["Orichalcum"],"cards_obtained":["Writhe"]},{"damage_healed":0.0,"max_hp_gain":0.0,"max_hp_loss":0.0,"gold_gain":0.0,"cards_transformed":["Loop"],"event_name":"Transmorgrifier","player_choice":"Transformed","floor":37.0,"gold_loss":0.0,"damage_taken":0.0,"cards_obtained":["Reprogram"]}],"is_beta":false,"boss_relics":[{"not_picked":["FrozenCore","Astrolabe"],"picked":"energizedSpire:NeverEndingSparkler"},{"not_picked":["infinitespire:Cupcake","aspiration:SecretTechniqueScroll"],"picked":"aspiration:BursterCore"}],"items_purged_floors":[19,21,42,46],"is_endless":true,"potions_floor_spawned":[4,5,6,16,22,31,33,35,38,45],"killed_by":"Transient","ascension_level":1}}