{"host":"cxvb37eaaiijvrl4","time":1608609655,"event":{"mods":["ATMod(°¢èªMod)","BaseMod","Better Third Choice","Minty Spire (QoL Compilation)","MostiFishMod","Quick Restart","Rare Cards Sparkle","Shop Mod","Spicy Shops","StSLib","TestMod","Uncapped"],"gold_per_floor":[111,36,36,49,62,97,115,145,172,172,187,187,219,235,235,306,306,320,320,240,257,272,305,305,331,402,421,456,206,233,247,247,318,318,334,7,25,37,37,65,84,115,139,156,156,156,3,38,38,38,38,38,38,38,66,66],"floor_reached":57,"playtime":2923,"items_purged":["Strike_B","Strike_B","Defend_B","Zap","Strike_B","Strike_B"],"score":3634,"play_id":"673a5f06-d04b-4dc4-ad78-6be90bf6afa3","local_time":"20201221200055","is_ascension_mode":true,"campfire_choices":[{"data":"MostiFishMod:SephirahHod","floor":10.0,"key":"SMITH"},{"data":"Sunder","floor":12.0,"key":"SMITH"},{"data":"MostiFishMod:InterfaceCompatibility","floor":15.0,"key":"SMITH"},{"data":"Double Energy","floor":24.0,"key":"SMITH"},{"floor":32.0,"key":"RECALL"},{"data":"1","floor":46.0,"key":"LIFT"},{"data":"2","floor":49.0,"key":"LIFT"},{"data":"3","floor":53.0,"key":"LIFT"}],"circlet_count":0,"master_deck":["AscendersBane","Defend_B","Defend_B","Defend_B","AT_StudyProgram","MostiFishMod:SephirahHod+1","Recycle","Storm","Loop","Heatsinks","Sunder+1","Self Repair","MostiFishMod:InterfaceCompatibility+1","MostiFishMod:Distribution","AT_ThunderBolt","Double Energy+1","Sweeping Beam+1","MostiFishMod:RacingGame","MostiFishMod:Opportunism","Double Energy+1","AT_StudyProgram","MostiFishMod:STOP","MostiFishMod:SephirahHod+1"],"relics":["testmod-TestBox","DaveBox","AT_ATBox","testmod-HeartOfDaVinci","OrangePellets","MostiFishMod:Hod","Question Card","AT_SeraphEmbrace","Strawberry","Bag of Marbles","Potion Belt","ImportantClient","Runic Pyramid","Red Skull","Vajra","FeatherPendant","Membership Card","Mummified Hand","Girya","AT_EbonyIvory","MerchantsRug","DollysMirror","testmod-Justice","Lantern"],"acts_visited":["Exordium","TheCity","TheBeyond","TheEnding"],"potions_floor_usage":[56,56],"damage_taken":[{"damage":0.0,"enemies":"2 Louse","floor":1.0,"turns":2.0},{"damage":5.0,"enemies":"Cultist","floor":4.0,"turns":4.0},{"damage":0.0,"enemies":"Jaw Worm","floor":5.0,"turns":5.0},{"damage":0.0,"enemies":"Lagavulin","floor":6.0,"turns":4.0},{"damage":0.0,"enemies":"Blue Slaver","floor":7.0,"turns":3.0},{"damage":32.0,"enemies":"3 Sentries","floor":8.0,"turns":8.0},{"damage":6.0,"enemies":"3 Louse","floor":11.0,"turns":3.0},{"damage":7.0,"enemies":"Gremlin Nob","floor":13.0,"turns":3.0},{"damage":0.0,"enemies":"Looter","floor":14.0,"turns":2.0},{"damage":0.0,"enemies":"Slime Boss","floor":16.0,"turns":4.0},{"damage":5.0,"enemies":"Shell Parasite","floor":18.0,"turns":3.0},{"damage":0.0,"enemies":"3 Byrds","floor":21.0,"turns":2.0},{"damage":1.0,"enemies":"Centurion and Healer","floor":22.0,"turns":3.0},{"damage":5.0,"enemies":"Gremlin Leader","floor":23.0,"turns":2.0},{"damage":21.0,"enemies":"Slavers","floor":25.0,"turns":3.0},{"damage":11.0,"enemies":"Snecko","floor":27.0,"turns":3.0},{"damage":0.0,"enemies":"Gremlin Leader","floor":28.0,"turns":2.0},{"damage":0.0,"enemies":"Book of Stabbing","floor":30.0,"turns":2.0},{"damage":0.0,"enemies":"Cultist and Chosen","floor":31.0,"turns":1.0},{"damage":0.0,"enemies":"Automaton","floor":33.0,"turns":1.0},{"damage":0.0,"enemies":"3 Darklings","floor":35.0,"turns":1.0},{"damage":0.0,"enemies":"Orb Walker","floor":37.0,"turns":1.0},{"damage":0.0,"enemies":"Spire Growth","floor":38.0,"turns":1.0},{"damage":5.0,"enemies":"Nemesis","floor":40.0,"turns":3.0},{"damage":0.0,"enemies":"4 Shapes","floor":41.0,"turns":1.0},{"damage":0.0,"enemies":"Reptomancer","floor":42.0,"turns":1.0},{"damage":0.0,"enemies":"Maw","floor":44.0,"turns":2.0},{"damage":0.0,"enemies":"Giant Head","floor":48.0,"turns":1.0},{"damage":0.0,"enemies":"Time Eater","floor":50.0,"turns":3.0},{"damage":0.0,"enemies":"Awakened One","floor":51.0,"turns":2.0},{"damage":0.0,"enemies":"Shield and Spear","floor":55.0,"turns":1.0},{"damage":28,"enemies":"The Heart","floor":56,"turns":3}],"seed_played":"7880209841228788689","potions_obtained":[{"floor":1.0,"key":"SpeedPotion"},{"floor":5.0,"key":"PowerPotion"},{"floor":6.0,"key":"PowerPotion"},{"floor":11.0,"key":"Swift Potion"},{"floor":13.0,"key":"testmod-TimePotion"},{"floor":21.0,"key":"Strength Potion"},{"floor":31.0,"key":"Swift Potion"},{"floor":44.0,"key":"LiquidMemories"}],"is_trial":false,"path_per_floor":["M","$","?","M","M","E","M","E","T","R","M","R","E","M","R","B",null,"M","?","$","M","M","E","R","E","T","M","E","$","E","M","R","B",null,"M","$","M","M","$","E","M","E","T","M","?","R","$","E","R","B","B",null,"R","$","E","B",null],"character_chosen":"DEFECT","items_purchased":["Membership Card","Mummified Hand","MerchantsRug","DollysMirror"],"campfire_rested":0,"item_purchase_floors":[36,36,47,47],"current_hp_per_floor":[64,64,57,52,52,52,52,27,27,27,21,21,14,24,24,34,67,72,72,72,78,78,78,78,67,67,66,76,76,78,78,78,78,78,78,78,78,78,78,78,78,78,78,78,78,78,78,78,78,78,78,78,78,78,78,70],"gold":66,"neow_bonus":"BOSS_RELIC","is_daily":false,"chose_seed":false,"campfire_upgraded":4,"win_rate":0.0,"timestamp":1608609655,"path_taken":["M","$","?","M","M","E","M","E","T","R","M","R","E","M","R","BOSS","M","?","$","M","M","E","R","E","T","M","E","$","E","M","R","BOSS","M","$","M","M","$","E","M","E","T","M","?","R","$","E","R","BOSS","BOSS","R","$","E","BOSS"],"items_purchased_type":["Relic","Relic","Relic","Relic"],"build_version":"2020-12-13","purchased_purges":6,"victory":true,"max_hp_per_floor":[71,71,71,71,71,71,71,78,78,78,78,78,78,78,78,78,78,78,78,78,78,78,78,78,78,78,78,78,78,78,78,78,78,78,78,78,78,78,78,78,78,78,78,78,78,78,78,78,78,78,78,78,78,78,78,78],"card_choices":[{"not_picked":["Auto Shields","Stack"],"picked":"Recycle","floor":1.0},{"not_picked":["Darkness","Melter","Aggregate","Gash"],"picked":"SKIP","floor":4.0},{"not_picked":["Gash","Melter","Force Field"],"picked":"Storm","floor":5.0},{"not_picked":["Beam Cell","Hello World","Turbo"],"picked":"Loop","floor":6.0},{"not_picked":["Compile Driver","Streamline","Lockon"],"picked":"Heatsinks","floor":7.0},{"not_picked":["Cold Snap","Turbo","Chill","Go for the Eyes"],"picked":"SKIP","floor":8.0},{"not_picked":["Leap","Sweeping Beam","Reinforced Body"],"picked":"Sunder","floor":11.0},{"not_picked":["Rainbow","Barrage","Steam"],"picked":"Self Repair","floor":13.0},{"not_picked":["Sweeping Beam","Steam","Cold Snap"],"picked":"MostiFishMod:InterfaceCompatibility","floor":14.0},{"not_picked":["MostiFishMod:Culaccino","MostiFishMod:ActiveDefenseSystem","MostiFishMod:DawningShadow"],"picked":"MostiFishMod:Distribution","floor":16.0},{"not_picked":["Reinforced Body","AT_RobotInSpace","Stack"],"picked":"AT_ThunderBolt","floor":18.0},{"not_picked":["MostiFishMod:ReprogramOld","Cold Snap+1","Rebound+1"],"picked":"Sweeping Beam+1","floor":21.0},{"not_picked":["Self Repair","Redo","Beam Cell+1","Melter"],"picked":"SKIP","floor":22.0},{"not_picked":["Capacitor","Tempest","Coolheaded","Doom and Gloom"],"picked":"SKIP","floor":23.0},{"not_picked":["Ball Lightning","Compile Driver","Barrage","BootSequence"],"picked":"SKIP","floor":25.0},{"not_picked":["Stack","Coolheaded","Cold Snap","Chill+1"],"picked":"SKIP","floor":27.0},{"not_picked":["Compile Driver","Aggregate","MostiFishMod:TalkingToTheRain","Leap"],"picked":"SKIP","floor":28.0},{"not_picked":["Beam Cell+1","AT_WarpDrive+1","Blizzard"],"picked":"Double Energy+1","floor":30.0},{"not_picked":["Conserve Battery","Sweeping Beam","MostiFishMod:ReprogramOld"],"picked":"AT_StudyProgram","floor":31.0},{"not_picked":["Multi-Cast","Creative AI","AT_RightCognition"],"picked":"MostiFishMod:STOP","floor":33.0},{"not_picked":["Redo","Fusion","Coolheaded+1","Skim"],"picked":"SKIP","floor":35.0},{"not_picked":["Hologram","Rebound+1","Stack","AT_HeatAcrobatics"],"picked":"SKIP","floor":37.0},{"not_picked":["Tempest","MostiFishMod:ReprogramOld+1","Rebound","Compile Driver+1"],"picked":"SKIP","floor":38.0},{"not_picked":["AT_WarpDrive","Redo","Coolheaded","Rebound"],"picked":"SKIP","floor":40.0},{"not_picked":["Scrape","Leap","Rebound","Cold Snap"],"picked":"SKIP","floor":41.0},{"not_picked":["Ball Lightning","AT_EMC2","Storm","Chill"],"picked":"SKIP","floor":42.0},{"not_picked":["Coolheaded","Undo","Electrodynamics","Steam"],"picked":"SKIP","floor":44.0},{"not_picked":["Steam Power","Compile Driver","Streamline","Conserve Battery+1"],"picked":"SKIP","floor":48.0},{"not_picked":["MostiFishMod:Nova","Compile Driver","Stack","Steam+1"],"picked":"SKIP","floor":55.0}],"player_experience":642647,"relics_obtained":[{"floor":1.0,"key":"Question Card"},{"floor":6.0,"key":"AT_ArchangelStaff"},{"floor":8.0,"key":"Strawberry"},{"floor":9.0,"key":"Bag of Marbles"},{"floor":13.0,"key":"Potion Belt"},{"floor":16.0,"key":"ImportantClient"},{"floor":23.0,"key":"Red Skull"},{"floor":25.0,"key":"Ninja Scroll"},{"floor":28.0,"key":"Pen Nib"},{"floor":30.0,"key":"Vajra"},{"floor":40.0,"key":"Girya"},{"floor":42.0,"key":"AT_EbonyIvory"},{"floor":43.0,"key":"CeramicFish"},{"floor":48.0,"key":"testmod-Justice"},{"floor":55.0,"key":"Lantern"}],"event_choices":[{"cards_removed":["Dualcast"],"damage_healed":0.0,"max_hp_gain":0.0,"max_hp_loss":0.0,"gold_gain":0.0,"event_name":"Golden Wing","player_choice":"Card Removal","floor":3.0,"gold_loss":0.0,"damage_taken":7.0},{"damage_healed":0.0,"max_hp_gain":0.0,"max_hp_loss":0.0,"gold_gain":0.0,"event_name":"Match and Keep!","player_choice":"1 cards matched","floor":19.0,"gold_loss":0.0,"damage_taken":0.0,"cards_obtained":["Double Energy"]},{"damage_healed":0.0,"max_hp_gain":0.0,"max_hp_loss":0.0,"gold_gain":0.0,"event_name":"SensoryStone","player_choice":"Memory 1","floor":45.0,"gold_loss":0.0,"damage_taken":0.0}],"is_beta":false,"boss_relics":[{"not_picked":["ExusiaiGun","Cursed Key"],"picked":"Runic Pyramid"},{"not_picked":["EE1DDrone","Mark of Pain"],"picked":"FeatherPendant"}],"items_purged_floors":[2,20,29,29,36,47],"is_endless":false,"potions_floor_spawned":[1,5,6,11,13,18,21,28,30,31,33,40,41,44,55],"ascension_level":20}}