{"host":"wg33yb1rgt3nbe17","time":1608624943,"event":{"mods":["AchievementEnabler","BaseMod","Colored Map","Minty Spire (QoL Compilation)","Permanent Neow","Relic Stats","StSLib"],"gold_per_floor":[115,130,145,160,175,204,204,279,305,305,305,344,344,360,360,481,481,506,518,555,590,602,614,667,778,869,881,893,893],"floor_reached":28,"playtime":1690,"items_purged":[],"score":299,"play_id":"7ac491bf-77c9-4c19-a5e7-90f2ad4612b2","local_time":"20201222031543","is_ascension_mode":true,"campfire_choices":[{"data":"Eruption","floor":7,"key":"SMITH"},{"floor":13,"key":"REST"},{"data":"ThirdEye","floor":15,"key":"SMITH"},{"data":"Ragnarok","floor":23,"key":"SMITH"}],"circlet_count":0,"master_deck":["Strike_P","Strike_P","Strike_P","Strike_P","Defend_P","Defend_P","Eruption+1","Vigilance","MentalFortress","EmptyMind","MentalFortress","EmptyFist","TalkToTheHand+1","FollowUp","ClearTheMind","FollowUp","Meditate","ThirdEye+1","Ragnarok+1","CurseOfTheBell","ThirdEye","Wallop+1","CutThroughFate+1"],"relics":["PureWater","Juzu Bracelet","Bronze Scales","Golden Idol","Orichalcum","Calling Bell","MawBank","Question Card","Unceasing Top","Pen Nib","Mercury Hourglass","Spirit Poop"],"acts_visited":["Exordium","TheCity"],"potions_floor_usage":[2,6,16,16,16,18,24,28,28],"damage_taken":[{"damage":5,"enemies":"Small Slimes","floor":1,"turns":5},{"damage":4,"enemies":"Jaw Worm","floor":2,"turns":3},{"damage":0,"enemies":"2 Louse","floor":3,"turns":2},{"damage":3,"enemies":"Gremlin Gang","floor":4,"turns":7},{"damage":15,"enemies":"2 Fungi Beasts","floor":5,"turns":3},{"damage":5,"enemies":"3 Sentries","floor":6,"turns":9},{"damage":0,"enemies":"Lagavulin","floor":12,"turns":6},{"damage":16,"enemies":"Large Slime","floor":14,"turns":3},{"damage":6,"enemies":"The Guardian","floor":16,"turns":9},{"damage":15,"enemies":"Shell Parasite","floor":18,"turns":5},{"damage":9,"enemies":"Spheric Guardian","floor":20,"turns":3},{"damage":25,"enemies":"Cultist and Chosen","floor":21,"turns":5},{"damage":32,"enemies":"Slavers","floor":24,"turns":4},{"damage":13,"enemies":"Sentry and Sphere","floor":28,"turns":3}],"seed_played":"6308963199564558159","potions_obtained":[{"floor":1,"key":"Energy Potion"},{"floor":2,"key":"FearPotion"},{"floor":4,"key":"LiquidBronze"},{"floor":6,"key":"EntropicBrew"},{"floor":14,"key":"Dexterity Potion"},{"floor":24,"key":"Swift Potion"}],"is_trial":false,"path_per_floor":["M","M","M","M","M","E","R","?","T","?","?","E","R","M","R","B",null,"M","?","M","M","?","R","E","?","T","?","M"],"character_chosen":"WATCHER","items_purchased":[],"campfire_rested":1,"item_purchase_floors":[],"current_hp_per_floor":[60,56,56,53,38,33,33,22,22,22,22,22,41,25,25,19,65,50,50,41,16,37,37,5,5,5,5,0,0],"gold":893,"neow_bonus":"TRANSFORM_TWO_CARDS","is_daily":false,"chose_seed":false,"campfire_upgraded":3,"win_rate":0.0,"timestamp":1608624943,"path_taken":["M","M","M","M","M","E","R","?","T","?","?","E","R","M","R","BOSS","M","?","M","M","?","R","E","?","T","?","M"],"items_purchased_type":[],"build_version":"2020-12-13","purchased_purges":0,"victory":false,"max_hp_per_floor":[65,65,65,65,65,65,65,65,65,65,65,65,65,65,65,65,65,65,65,65,65,65,65,65,65,65,65,65,65],"relic_stats":{"counters":[14,67],"Golden Idol":56,"Bronze Scales":[106],"Pen Nib":[0],"Juzu Bracelet":1,"Orichalcum":[18],"MawBank":132,"Question Card":4,"obtain_stats":[{"Calling Bell":17,"Golden Idol":10,"Bronze Scales":9,"Spirit Poop":27,"Pen Nib":24,"Juzu Bracelet":6,"PureWater":0,"Orichalcum":12,"MawBank":17,"Question Card":17,"Unceasing Top":17,"Mercury Hourglass":26},{"Calling Bell":9,"Golden Idol":6,"Bronze Scales":6,"Spirit Poop":13,"Pen Nib":13,"Juzu Bracelet":6,"PureWater":0,"Orichalcum":7,"MawBank":9,"Question Card":9,"Unceasing Top":9,"Mercury Hourglass":13},{"Calling Bell":47,"Golden Idol":29,"Bronze Scales":29,"Spirit Poop":64,"Pen Nib":64,"Juzu Bracelet":29,"PureWater":0,"Orichalcum":35,"MawBank":47,"Question Card":47,"Unceasing Top":47,"Mercury Hourglass":64}],"Unceasing Top":[1],"Mercury Hourglass":[6]},"card_choices":[{"not_picked":["ClearTheMind","Worship"],"picked":"MentalFortress","floor":1},{"not_picked":["JustLucky","SashWhip"],"picked":"EmptyFist","floor":2},{"not_picked":["EmptyFist","Consecrate"],"picked":"TalkToTheHand","floor":3},{"not_picked":["EmptyFist","EmptyMind"],"picked":"FollowUp","floor":4},{"not_picked":["CrushJoints","Consecrate"],"picked":"ClearTheMind","floor":5},{"not_picked":["CrushJoints","Worship"],"picked":"FollowUp","floor":6},{"not_picked":["ConjureBlade","Conclude"],"picked":"Meditate","floor":12},{"not_picked":["PathToVictory","JustLucky"],"picked":"ThirdEye","floor":14},{"not_picked":["Judgement","ConjureBlade"],"picked":"Ragnarok","floor":16},{"not_picked":["Worship","Indignation","Sanctity+1"],"picked":"ThirdEye","floor":18},{"not_picked":["EmptyFist+1","FearNoEvil","EmptyBody"],"picked":"Wallop+1","floor":20},{"not_picked":["Protect","CrushJoints+1","Wish"],"picked":"CutThroughFate+1","floor":21},{"not_picked":["EmptyBody","CutThroughFate","Swivel","Prostrate"],"picked":"SKIP","floor":24}],"player_experience":529292,"relics_obtained":[{"floor":6,"key":"Juzu Bracelet"},{"floor":9,"key":"Bronze Scales"},{"floor":12,"key":"Orichalcum"},{"floor":17,"key":"MawBank"},{"floor":17,"key":"Question Card"},{"floor":17,"key":"Unceasing Top"},{"floor":24,"key":"Pen Nib"},{"floor":26,"key":"Mercury Hourglass"}],"event_choices":[{"damage_healed":0,"gold_gain":75,"player_choice":"Gather Gold","damage_taken":11,"max_hp_gain":0,"max_hp_loss":0,"event_name":"World of Goop","floor":8,"gold_loss":0},{"damage_healed":0,"gold_gain":0,"player_choice":"Take Wound","damage_taken":0,"relics_obtained":["Golden Idol"],"max_hp_gain":0,"max_hp_loss":0,"event_name":"Golden Idol","floor":10,"gold_loss":0,"cards_obtained":["Injury"]},{"damage_healed":0,"gold_gain":0,"player_choice":"Forge","damage_taken":0,"max_hp_gain":0,"max_hp_loss":0,"event_name":"Accursed Blacksmith","floor":11,"gold_loss":0,"cards_upgraded":["TalkToTheHand"]},{"damage_healed":0,"gold_gain":0,"player_choice":"Ignored","damage_taken":0,"max_hp_gain":0,"max_hp_loss":0,"event_name":"Beggar","floor":19,"gold_loss":0},{"damage_healed":21,"gold_gain":0,"player_choice":"Heal","damage_taken":0,"max_hp_gain":0,"max_hp_loss":0,"event_name":"The Library","floor":22,"gold_loss":0},{"damage_healed":0,"gold_gain":99,"player_choice":"Stole From Cult","damage_taken":0,"max_hp_gain":0,"max_hp_loss":0,"event_name":"Nest","floor":25,"gold_loss":0},{"cards_removed":["Injury"],"damage_healed":0,"gold_gain":0,"player_choice":"Offered Curse","damage_taken":0,"relics_obtained":["Spirit Poop"],"max_hp_gain":0,"max_hp_loss":0,"event_name":"Bonfire Elementals","floor":27,"gold_loss":0}],"is_beta":false,"boss_relics":[{"not_picked":["Coffee Dripper","Velvet Choker"],"picked":"Calling Bell"}],"items_purged_floors":[],"is_endless":false,"potions_floor_spawned":[1,2,4,6,14,24],"killed_by":"Sentry and Sphere","ascension_level":2}}