{"host":"wppa8gky53tnknhf","time":1608651694,"event":{"mods":["AchievementEnabler","Act Like it!","BaseMod","Better Third Choice","BetterRewards","Card Forge","Colored Powertips","Energized Spire","Hubris","Infinite Spire","Marked Mod","Minty Spire (QoL Compilation)","Permanent Neow","Quick Restart","Rare Cards Sparkle","Relic Stats","Remove Card Discount Mod","Replay The Spire","Spikes Relics","Spire Birthday Party","StSLib"],"gold_per_floor":[111,186,196,206,226,255,255,270,270,370,370,370],"floor_reached":11,"playtime":395,"items_purged":[],"score":79,"play_id":"d809bc01-1342-4dcc-9f58-95efcd2712ab","local_time":"20201222154134","is_ascension_mode":true,"campfire_choices":[],"circlet_count":0,"master_deck":["Strike_P+1","Strike_P+1","Strike_P+1","Strike_P+1","Defend_P+1","Defend_P+1","Defend_P+1","Defend_P+1","Eruption+1","Vigilance+1","Worship+1","FollowUp+1","MentalFortress+1","Consecrate"],"relics":["PureWater","Hammer of Thor","Seething Fire","Anvil of the Gods","Replay:Kaleidoscope","Juzu Bracelet"],"acts_visited":["Exordium"],"potions_floor_usage":[6,11],"damage_taken":[{"damage":0,"enemies":"Small Slimes","floor":1,"turns":2},{"damage":0,"enemies":"Cultist","floor":3,"turns":3},{"damage":0,"enemies":"Jaw Worm","floor":4,"turns":3},{"damage":13,"enemies":"Red Slaver","floor":5,"turns":5},{"damage":24,"enemies":"3 Sentries","floor":6,"turns":12},{"damage":0,"enemies":"2 Fungi Beasts","floor":8,"turns":4},{"damage":12,"enemies":"Lagavulin","floor":11,"turns":2}],"seed_played":"3485228912593525052","potions_obtained":[{"floor":3,"key":"BlessingOfTheForge"},{"floor":5,"key":"Weak Potion"},{"floor":6,"key":"Death Potion"}],"is_trial":false,"path_per_floor":["M","?","M","M","M","E","?","M","T","?","E"],"character_chosen":"WATCHER","items_purchased":[],"campfire_rested":0,"item_purchase_floors":[],"current_hp_per_floor":[51,40,40,40,27,3,3,3,3,3,0,0],"gold":370,"neow_bonus":"ONE_RARE_RELIC","is_daily":false,"chose_seed":false,"campfire_upgraded":0,"win_rate":0.0,"timestamp":1608651694,"path_taken":["M","?","M","M","M","E","?","M","T","?","E"],"items_purchased_type":[],"build_version":"2020-12-13","purchased_purges":0,"victory":false,"max_hp_per_floor":[72,72,72,72,72,72,72,72,72,72,72,72],"relic_stats":{"counters":[7,31],"Juzu Bracelet":1,"obtain_stats":[{"Anvil of the Gods":0,"Hammer of Thor":0,"Juzu Bracelet":6,"Seething Fire":0,"Replay:Kaleidoscope":0,"PureWater":0},{"Anvil of the Gods":0,"Hammer of Thor":0,"Juzu Bracelet":5,"Seething Fire":0,"Replay:Kaleidoscope":0,"PureWater":0},{"Anvil of the Gods":0,"Hammer of Thor":0,"Juzu Bracelet":25,"Seething Fire":0,"Replay:Kaleidoscope":0,"PureWater":0}]},"card_choices":[{"not_picked":["FlurryOfBlows","JustLucky"],"picked":"Worship","floor":1},{"not_picked":["Fasting2","Replay:ManipulateFuture"],"picked":"FollowUp","floor":3},{"not_picked":["MarkedMod:OneThousandNeedles","ForeignInfluence"],"picked":"MentalFortress","floor":4},{"not_picked":["PathToVictory","Replay:AtTheReady","Replay:AllIn"],"picked":"SKIP","floor":5},{"not_picked":["CutThroughFate","MarkedMod:Acupuncture"],"picked":"Consecrate","floor":6},{"not_picked":["SashWhip","EmptyBody","Replay:AtTheReady"],"picked":"SKIP","floor":8}],"player_experience":678266,"relics_obtained":[{"floor":6,"key":"Juzu Bracelet"}],"event_choices":[{"damage_healed":0,"gold_gain":75,"player_choice":"Gold","damage_taken":11,"max_hp_gain":0,"max_hp_loss":0,"event_name":"betterThird:BetterGoop","floor":2,"gold_loss":0},{"damage_healed":0,"gold_gain":0,"player_choice":"0 cards matched","damage_taken":0,"max_hp_gain":0,"max_hp_loss":0,"event_name":"Match and Keep!","floor":7,"gold_loss":0,"cards_obtained":[]},{"damage_healed":0,"gold_gain":100,"player_choice":"Gold","damage_taken":0,"max_hp_gain":0,"max_hp_loss":0,"event_name":"Wheel of Change","floor":10,"gold_loss":0}],"is_beta":false,"boss_relics":[],"items_purged_floors":[],"is_endless":false,"potions_floor_spawned":[3,5,6],"killed_by":"Lagavulin","ascension_level":1}}