{"host":"in0wrqv1d65r4vfd","time":1608614532,"event":{"mods":["BaseMod","Downfall","Minty Spire (QoL Compilation)","Relic Stats","Replay The Spire","StSLib"],"gold_per_floor":[99,114,134,13,13,26,26,26,26,56,66,95,106,126,136,233,233,233,251,251,266,282,317,317,329,357,369,396,396,415,10,30,129,129,129,140,151,202,201,126,126,51,68,98,198,233,251,270,290,290],"floor_reached":51,"playtime":6164,"items_purged":["CommonCold","Slimebound:Icky"],"score":1038,"play_id":"de24c650-094e-4bd9-9546-ad789394f5cc","local_time":"20201222002212","is_ascension_mode":false,"campfire_choices":[{"data":"sneckomod:TailWhip","floor":1,"key":"SMITH"},{"floor":18,"key":"DIG"},{"floor":35,"key":"RECALL"},{"floor":42,"key":"DIG"}],"circlet_count":0,"master_deck":["sneckomod:Strike","sneckomod:Strike+1","sneckomod:Strike+1","sneckomod:Defend+1","sneckomod:Defend","sneckomod:Defend+1","sneckomod:TailWhip+1","sneckomod:SnekBite","sneckomod:Unknown","sneckomod:Unknown","sneckomod:UnknownStrike","sneckomod:UnknownClassSLIMEBOUND","sneckomod:UnknownVulnerable+2","sneckomod:UnknownUncommonAttack","sneckomod:CheapStock+1","White Noise+1","sneckomod:DiceBlock","sneckomod:UnlimitedRolls","sneckomod:UnknownClassGREEN+2","sneckomod:SnakeSap","sneckomod:Unknown2Cost","sneckomod:WideSting+1","sneckomod:UnknownBlock","sneckomod:SerpentIdol","sneckomod:UnknownRarePower","hexamod:SixthSeal","sneckomod:UnknownClassTHE_CHAMP_GRAY","sneckomod:UnknownClassGUARDIAN","hexamod:ThirdSeal","sneckomod:Unknown2Cost+1","sneckomod:UnknownVulnerable","sneckomod:UnknownCommonSkill","sneckomod:UnknownClassSLIMEBOUND+1","sneckomod:SoulRoll+1","sneckomod:Unknown2Cost+1","sneckomod:IronFang","sneckomod:UnknownCommonAttack+1","sneckomod:SlitherStrike+1","Slimebound:CheckThePlaybook+1","sneckomod:UnknownCommonSkill","sneckomod:UnknownClassPURPLE","sneckomod:SoulCleanse+1","sneckomod:UnknownUncommonPower+2","sneckomod:SoulDraw","sneckomod:UnknownUncommonPower+1","sneckomod:UnknownRareAttack","sneckomod:Unknown3Cost+2","sneckomod:UnknownVulnerable","hexamod:FourthSeal","hexamod:FirstSeal","sneckomod:UnlimitedRolls","sneckomod:UnknownUncommonPower","sneckomod:UnknownBlock+1","sneckomod:Restock+1","sneckomod:DiceBoulder+2","expansioncontent:DashGenerateEvil","sneckomod:UnknownStrike+2","sneckomod:UnknownRareSkill","expansioncontent:PrepareCrush","Amnesia","sneckomod:UnknownEthereal","sneckomod:UnknownRarePower","sneckomod:MasterEye+1","sneckomod:UnknownUncommonPower","sneckomod:UnknownX+1","sneckomod:UnknownEthereal+1","sneckomod:UnknownRarePower","sneckomod:SerpentIdol+1","hexamod:SecondSeal","sneckomod:UnknownCommonAttack+1","sneckomod:UnknownClassGUARDIAN+1","hexamod:SecondSeal","sneckomod:UnknownExhaust+1","sneckomod:MasterEye+1","sneckomod:SoulCleanse","sneckomod:CheapStock"],"relics":["sneckomod:SneckoSoul","m_SnakeBloodCore","ReplayTheSpireMod:CursedCoin","Eternal Feather","downfall:ShatteredFragment","MealTicket","Dream Catcher","Snecko Eye","Pen Nib","Peace Pipe","Calipers","Juzu Bracelet","Red Mask","Membership Card","Mummified Hand","ChewingGum","Replay:Multitool","Whetstone","downfall:HeartBlessingRed","Ring of Hypnosis","Ring of Misfortune","downfall:HeartBlessingBlue","Nunchaku","Replay:Wax Seal","Toy Ornithopter","Snack Pack"],"acts_visited":["Exordium","TheCity","TheBeyond"],"potions_floor_usage":[6,15,16,16,21,26,32,33,45,49],"damage_taken":[{"damage":6,"enemies":"2 Louse","floor":2,"turns":3},{"damage":3,"enemies":"Jaw Worm","floor":3,"turns":3},{"damage":0,"enemies":"downfall:FleeingMerchant","floor":4,"turns":4},{"damage":5,"enemies":"downfall:FleeingMerchant","floor":6,"turns":4},{"damage":17,"enemies":"Replay:BlueRogue","floor":10,"turns":4},{"damage":0,"enemies":"Cultist","floor":11,"turns":2},{"damage":30,"enemies":"3 Sentries","floor":12,"turns":7},{"damage":16,"enemies":"3 Louse","floor":13,"turns":3},{"damage":10,"enemies":"Lots of Slimes","floor":14,"turns":4},{"damage":6,"enemies":"Exordium Thugs","floor":15,"turns":4},{"damage":47,"enemies":"downfall:Watcher","floor":16,"turns":6},{"damage":10,"enemies":"Chosen","floor":19,"turns":3},{"damage":7,"enemies":"Snecko","floor":21,"turns":4},{"damage":22,"enemies":"3 Cultists","floor":22,"turns":5},{"damage":0,"enemies":"Gremlin Leader","floor":23,"turns":4},{"damage":3,"enemies":"Centurion and Healer","floor":25,"turns":4},{"damage":12,"enemies":"Book of Stabbing","floor":26,"turns":5},{"damage":3,"enemies":"Shelled Parasite and Fungi","floor":27,"turns":3},{"damage":0,"enemies":"Masked Bandits","floor":28,"turns":1},{"damage":0,"enemies":"Snecko","floor":30,"turns":2},{"damage":20,"enemies":"downfall:FleeingMerchant","floor":31,"turns":4},{"damage":33,"enemies":"Centurion and Healer","floor":32,"turns":3},{"damage":20,"enemies":"downfall:Silent","floor":33,"turns":4},{"damage":0,"enemies":"3 Darklings","floor":36,"turns":4},{"damage":0,"enemies":"Orb Walker","floor":37,"turns":2},{"damage":26,"enemies":"2 Orb Walkers","floor":38,"turns":4},{"damage":0,"enemies":"downfall:FleeingMerchant","floor":39,"turns":1},{"damage":4,"enemies":"Transient","floor":43,"turns":5},{"damage":0,"enemies":"Reptomancer","floor":44,"turns":4},{"damage":0,"enemies":"downfall:LadyInBlue","floor":45,"turns":3},{"damage":2,"enemies":"Giant Head","floor":46,"turns":6},{"damage":9,"enemies":"3 Darklings","floor":47,"turns":2},{"damage":13,"enemies":"Maw","floor":48,"turns":4},{"damage":5,"enemies":"Sphere and 2 Shapes","floor":49,"turns":2},{"damage":8,"enemies":"downfall:Defect","floor":50,"turns":6}],"seed_played":"-6404766883600277715","potions_obtained":[{"floor":2,"key":"Energy Potion"},{"floor":11,"key":"DuplicationPotion"},{"floor":12,"key":"Strength Potion"},{"floor":15,"key":"Swift Potion"},{"floor":16,"key":"SpeedPotion"},{"floor":19,"key":"Milkshake"},{"floor":20,"key":"sneckomod:OffclassReductionPotion"},{"floor":20,"key":"SteroidPotion"},{"floor":25,"key":"LifebloodPotion"},{"floor":27,"key":"EssenceOfSteel"},{"floor":32,"key":"SteroidPotion"},{"floor":37,"key":"Slimebound:ThreeZeroPotion"},{"floor":38,"key":"Flashbang"},{"floor":45,"key":"Death Potion"},{"floor":45,"key":"PowerPotion"},{"floor":47,"key":"sneckomod:OffclassReductionPotion"},{"floor":49,"key":"Fruit Juice"}],"is_trial":false,"path_per_floor":["R","M","M","$","?","$","T","?","?","E","M","E","M","M","M","B",null,"R","M","?","M","M","E","T","M","E","M","?","?","M","$","M","B",null,"R","M","M","?","$","R","T","R","M","E","?","E","M","M","M","B",null],"character_chosen":"THE_SNECKO","items_purchased":["sneckomod:UnknownUncommonAttack","sneckomod:CheapStock","ReplayTheSpireMod:CursedCoin","sneckomod:DiceBlock","Membership Card","Mummified Hand","sneckomod:UnknownUncommonPower","sneckomod:SoulDraw","sneckomod:DiceBoulder","Whetstone","expansioncontent:DashGenerateEvil","sneckomod:UnknownStrike","sneckomod:UnknownRareSkill","expansioncontent:PrepareCrush"],"campfire_rested":0,"item_purchase_floors":[4,4,6,6,31,31,31,31,39,39,39,39,39,39],"current_hp_per_floor":[99,94,92,94,94,92,92,71,71,58,61,35,22,16,13,15,107,107,101,101,98,83,88,88,89,85,98,101,101,105,123,116,113,128,128,129,130,115,133,133,133,143,145,146,148,149,147,152,157,157],"gold":290,"neow_bonus":"TEN_PERCENT_HP_BONUS","is_daily":false,"chose_seed":false,"campfire_upgraded":1,"win_rate":0.0,"timestamp":1608614532,"path_taken":["R","M","M","$","?","$","T","?","?","E","M","E","M","?","M","BOSS","R","M","?","M","?","E","T","M","E","M","?","?","M","$","M","BOSS","R","M","M","?","$","R","T","R","M","E","?","E","M","M","M","BOSS"],"items_purchased_type":["Card","Card","Relic","Card","Relic","Relic","Card","Card","Card","Relic","Card","Card","Card","Card"],"build_version":"2020-12-13","purchased_purges":2,"victory":true,"max_hp_per_floor":[99,100,101,103,103,103,103,103,103,104,104,105,105,106,106,107,107,107,108,108,109,113,115,115,116,117,122,122,122,123,125,126,128,128,128,129,130,131,133,133,133,143,145,146,148,149,151,152,157,157],"relic_stats":{"counters":[35,129],"Eternal Feather":0,"Pen Nib":[33],"Juzu Bracelet":0,"Whetstone":["sneckomod:Strike","sneckomod:WideSting"],"Peace Pipe":0,"Dream Catcher":0,"Nunchaku":[13],"Mummified Hand":[217],"Snecko Eye":[168,164,169,174],"MealTicket":30,"obtain_stats":[{"Calipers":24,"Juzu Bracelet":26,"Replay:Multitool":38,"Whetstone":39,"sneckomod:SneckoSoul":0,"Dream Catcher":12,"Nunchaku":42,"m_SnakeBloodCore":5,"Mummified Hand":31,"downfall:HeartBlessingBlue":42,"MealTicket":10,"Red Mask":28,"Replay:Wax Seal":44,"downfall:ShatteredFragment":8,"downfall:HeartBlessingRed":40,"Ring of Hypnosis":40,"ReplayTheSpireMod:CursedCoin":6,"Eternal Feather":7,"Pen Nib":18,"Peace Pipe":23,"Ring of Misfortune":40,"Snecko Eye":17,"ChewingGum":34,"Snack Pack":46,"Membership Card":31,"Toy Ornithopter":45},{"Calipers":15,"Juzu Bracelet":17,"Replay:Multitool":26,"Whetstone":27,"sneckomod:SneckoSoul":0,"Dream Catcher":7,"Nunchaku":27,"m_SnakeBloodCore":3,"Mummified Hand":21,"downfall:HeartBlessingBlue":27,"MealTicket":5,"Red Mask":19,"Replay:Wax Seal":29,"downfall:ShatteredFragment":4,"downfall:HeartBlessingRed":27,"Ring of Hypnosis":27,"ReplayTheSpireMod:CursedCoin":4,"Eternal Feather":4,"Pen Nib":11,"Peace Pipe":15,"Ring of Misfortune":27,"Snecko Eye":11,"ChewingGum":23,"Snack Pack":31,"Membership Card":21,"Toy Ornithopter":30},{"Calipers":60,"Juzu Bracelet":69,"Replay:Multitool":96,"Whetstone":97,"sneckomod:SneckoSoul":0,"Dream Catcher":27,"Nunchaku":97,"m_SnakeBloodCore":10,"Mummified Hand":79,"downfall:HeartBlessingBlue":97,"MealTicket":18,"Red Mask":73,"Replay:Wax Seal":106,"downfall:ShatteredFragment":14,"downfall:HeartBlessingRed":97,"Ring of Hypnosis":97,"ReplayTheSpireMod:CursedCoin":14,"Eternal Feather":14,"Pen Nib":44,"Peace Pipe":60,"Ring of Misfortune":97,"Snecko Eye":44,"ChewingGum":86,"Snack Pack":115,"Membership Card":79,"Toy Ornithopter":109}],"Toy Ornithopter":0},"card_choices":[{"not_picked":["sneckomod:UnknownWeak","sneckomod:SlitherStrike"],"picked":"sneckomod:UnknownStrike","floor":2},{"not_picked":["sneckomod:QuickMove","sneckomod:UnknownStrike"],"picked":"sneckomod:UnknownClassSLIMEBOUND","floor":3},{"not_picked":["sneckomod:Nope","sneckomod:SoulDraw"],"picked":"sneckomod:UnknownVulnerable","floor":4},{"not_picked":["sneckomod:IronFang","sneckomod:RainOfDice"],"picked":"White Noise","floor":6},{"not_picked":["sneckomod:UnknownWeak","sneckomod:IronFang"],"picked":"sneckomod:UnknownClassGREEN","floor":10},{"not_picked":["sneckomod:UnknownUncommonAttack","sneckomod:UnknownWeak"],"picked":"sneckomod:SnakeSap","floor":11},{"not_picked":["sneckomod:TrashToTreasure","Burst"],"picked":"sneckomod:Unknown2Cost","floor":12},{"not_picked":["sneckomod:UnknownWeak","sneckomod:UnknownClassBLUE"],"picked":"sneckomod:WideSting","floor":13},{"not_picked":["Havoc","Burning Pact"],"picked":"sneckomod:UnknownBlock","floor":14},{"not_picked":["Dual Wield","sneckomod:SoulDraw"],"picked":"sneckomod:SerpentIdol","floor":15},{"not_picked":["Seek","Night Terror"],"picked":"sneckomod:UnknownRarePower","floor":16},{"not_picked":["hexamod:FirstSeal","hexamod:ThirdSeal"],"picked":"hexamod:SixthSeal","floor":19},{"not_picked":["sneckomod:SoulDraw+1","sneckomod:DiceCrush+1"],"picked":"sneckomod:UnknownClassTHE_CHAMP_GRAY","floor":19},{"not_picked":["sneckomod:Unknown1Cost+1","sneckomod:UnknownCommonSkill"],"picked":"sneckomod:UnknownClassGUARDIAN","floor":21},{"not_picked":["hexamod:SixthSeal","hexamod:SecondSeal"],"picked":"hexamod:ThirdSeal","floor":22},{"not_picked":["sneckomod:UnknownUncommonSkill","sneckomod:Nope"],"picked":"sneckomod:Unknown2Cost+1","floor":22},{"not_picked":["sneckomod:DangerNoodle","sneckomod:UnknownBlock"],"picked":"sneckomod:UnknownVulnerable","floor":23},{"not_picked":["sneckomod:SnakeSap","sneckomod:SlitherStrike+1"],"picked":"sneckomod:UnknownCommonSkill","floor":23},{"not_picked":["sneckomod:UnknownUncommonSkill","sneckomod:CheapStock"],"picked":"sneckomod:UnknownClassSLIMEBOUND+1","floor":25},{"not_picked":["sneckomod:UnknownClassSLIMEBOUND","sneckomod:SoulDraw+1"],"picked":"sneckomod:SoulRoll+1","floor":25},{"not_picked":["sneckomod:DiceBlock","sneckomod:UnlimitedRolls"],"picked":"sneckomod:Unknown2Cost+1","floor":26},{"not_picked":["sneckomod:WideSting","sneckomod:RainOfDice+1"],"picked":"sneckomod:IronFang","floor":27},{"not_picked":["sneckomod:DiceBlock","sneckomod:UnknownClassBLUE"],"picked":"sneckomod:UnknownCommonAttack+1","floor":27},{"not_picked":["sneckomod:UnknownCommonAttack","sneckomod:UnknownClassBLUE"],"picked":"sneckomod:SlitherStrike+1","floor":28},{"not_picked":["sneckomod:Mudshield","sneckomod:RainOfDice"],"picked":"sneckomod:UnknownCommonSkill","floor":30},{"not_picked":["sneckomod:UnknownClassGUARDIAN","sneckomod:RainOfDice"],"picked":"sneckomod:UnknownClassPURPLE","floor":31},{"not_picked":["sneckomod:SoulRoll","sneckomod:Nope"],"picked":"sneckomod:SoulCleanse+1","floor":31},{"not_picked":["sneckomod:UnknownX","sneckomod:WideSting+1"],"picked":"sneckomod:UnknownUncommonPower+1","floor":32},{"not_picked":["sneckomod:Restock","sneckomod:UnknownRareSkill"],"picked":"sneckomod:UnknownRareAttack","floor":33},{"not_picked":["sneckomod:SerpentMind","sneckomod:SoulExchange"],"picked":"sneckomod:Unknown3Cost","floor":33},{"not_picked":["sneckomod:DiceBlock+1","sneckomod:WideSting"],"picked":"sneckomod:UnknownVulnerable","floor":36},{"not_picked":["hexamod:ThirdSeal","hexamod:SixthSeal"],"picked":"hexamod:FourthSeal","floor":36},{"not_picked":["hexamod:ThirdSeal","hexamod:SixthSeal"],"picked":"hexamod:FirstSeal","floor":36},{"not_picked":["sneckomod:UnknownCommonSkill","sneckomod:UnknownClassGREEN+1"],"picked":"sneckomod:UnlimitedRolls","floor":36},{"not_picked":["sneckomod:IronFang","sneckomod:UnknownStrike+1"],"picked":"sneckomod:UnknownUncommonPower","floor":37},{"not_picked":["sneckomod:UnknownClassGREEN","sneckomod:UnknownX"],"picked":"sneckomod:UnknownBlock+1","floor":38},{"not_picked":["sneckomod:UnknownClassSLIMEBOUND+1","sneckomod:UnknownCommonAttack+1"],"picked":"sneckomod:Restock","floor":39},{"not_picked":["sneckomod:UnknownBlock","sneckomod:UnknownVulnerable"],"picked":"sneckomod:UnknownEthereal","floor":43},{"not_picked":["sneckomod:SnekBeam","sneckomod:UnknownStrike+1"],"picked":"sneckomod:UnknownRarePower","floor":43},{"not_picked":["sneckomod:UnknownClassGREEN+1","sneckomod:SoulDraw+1"],"picked":"sneckomod:MasterEye","floor":44},{"not_picked":["sneckomod:UnknownClassPURPLE+1","sneckomod:IronFang+1"],"picked":"sneckomod:UnknownUncommonPower","floor":44},{"not_picked":["sneckomod:UnknownClassTHE_CHAMP_GRAY+1","sneckomod:UnknownClassRED"],"picked":"sneckomod:UnknownX+1","floor":45},{"not_picked":["sneckomod:UnknownCommonSkill+1","sneckomod:QuickMove+1"],"picked":"sneckomod:UnknownEthereal+1","floor":45},{"not_picked":["sneckomod:UnknownClassRED","sneckomod:SoulRoll+1"],"picked":"sneckomod:UnknownRarePower","floor":46},{"not_picked":["sneckomod:Unknown1Cost+1","sneckomod:UnknownWeak"],"picked":"sneckomod:SerpentIdol+1","floor":46},{"not_picked":["hexamod:SixthSeal","hexamod:FirstSeal"],"picked":"hexamod:SecondSeal","floor":47},{"not_picked":["sneckomod:TrashToTreasure+1","sneckomod:UnknownWeak"],"picked":"sneckomod:UnknownCommonAttack+1","floor":47},{"not_picked":["sneckomod:UnknownEthereal+1","sneckomod:UnknownWeak"],"picked":"sneckomod:UnknownClassGUARDIAN+1","floor":47},{"not_picked":["hexamod:FirstSeal","hexamod:FourthSeal"],"picked":"hexamod:SecondSeal","floor":48},{"not_picked":["sneckomod:SoulRoll+1","sneckomod:UnknownCommonAttack+1"],"picked":"sneckomod:UnknownExhaust+1","floor":48},{"not_picked":["sneckomod:UnknownEthereal","sneckomod:DangerNoodle"],"picked":"sneckomod:MasterEye+1","floor":48},{"not_picked":["sneckomod:QuickMove","sneckomod:UnknownBlock"],"picked":"sneckomod:SoulCleanse","floor":49},{"not_picked":["sneckomod:UnknownExhaust+1","sneckomod:WideSting+1"],"picked":"sneckomod:CheapStock","floor":49}],"player_experience":912466,"relics_obtained":[{"floor":7,"key":"Eternal Feather"},{"floor":10,"key":"MealTicket"},{"floor":12,"key":"Dream Catcher"},{"floor":18,"key":"Pen Nib"},{"floor":23,"key":"Peace Pipe"},{"floor":24,"key":"Calipers"},{"floor":26,"key":"Juzu Bracelet"},{"floor":28,"key":"Red Mask"},{"floor":38,"key":"Replay:Multitool"},{"floor":40,"key":"Ring of Hypnosis"},{"floor":40,"key":"Ring of Misfortune"},{"floor":42,"key":"Nunchaku"},{"floor":44,"key":"Replay:Wax Seal"},{"floor":45,"key":"Toy Ornithopter"},{"floor":46,"key":"Snack Pack"}],"event_choices":[{"damage_healed":0,"gold_gain":0,"player_choice":"Got Potions","damage_taken":0,"max_hp_gain":0,"max_hp_loss":0,"event_name":"Lab","floor":20,"gold_loss":0},{"damage_healed":0,"gold_gain":0,"player_choice":"Fought Bandits","damage_taken":0,"max_hp_gain":0,"max_hp_loss":0,"event_name":"Masked Bandits","floor":28,"gold_loss":0},{"damage_healed":0,"gold_gain":0,"player_choice":"Fight","damage_taken":0,"max_hp_gain":0,"max_hp_loss":0,"event_name":"Mysterious Sphere","floor":38,"gold_loss":0}],"is_beta":false,"boss_relics":[{"not_picked":["Fusion Hammer","Kintsugi"],"picked":"Snecko Eye"},{"not_picked":["Pandora\u0027s Box","Astrolabe"],"picked":"ChewingGum"}],"items_purged_floors":[6,31],"is_endless":false,"potions_floor_spawned":[2,11,12,15,16,19,25,27,28,32,37,38,43,47,49],"ascension_level":0}}