{"host":"cop8ymgpsji2w9by","time":1608677871,"event":{"mods":["2.2 Compatiblity","Act Like it!","Astrologer","Bard","BaseMod","Beaked The Cultist","Better Third Choice","BetterRewards","CapriCore","CatGirl Mod","ChefMod","Colored Map","Colored Powertips","Conspire","Curses Come First","DeckTracker","Downfall","Elementarium","Energized Spire","Fiend Mod","Friendly Minions","Gensokyo","Hallownest","Hermit","Hubris","Infinite Spire","Mad Scientist","Marisa????????","Marked Mod","Menagerie","Mimic Mod","Minty Spire (QoL Compilation)","READ ME - Guardian Mod","Random Character Button","Rare Cards Sparkle","Replay The Spire","Robot Space Explorer","Shade Mod","Somnambulant","Spicy Shops","StSLib","The Accelerator","The Blackbeard","The Bladedancer","The Blue Laboratory","The Bug Knight","The Clintock","The Construct","The Cursed","The Death Knight","The Disciple","The Elementalist","The Factory","The Forsaken","The Gatherer","The Hayseed","The Hierophant","The Immortal","The Judge","The Jungle","The Marked","The Mystic","The Necromancer","The Poker Player","The Runesmith","The Servant 0.9.4","TheFirefly","TheSwordswoman","TheVacant","Wandering Minibosses","thorton"],"gold_per_floor":[111,131,164,3,28,59,59,89,89,100,100,100,125,144,144,240,240,254,13,31,31,31,58,74,74,108,123,123,123,123,218,218,323,323,343,357,57,71,71,106,118,130,168,196,223,235,247,276,288,300,312,324,26,54,54,54],"floor_reached":55,"playtime":5653,"items_purged":[],"score":956,"play_id":"04b0fc5a-1d55-49bf-b302-fced0eaf3a1a","local_time":"20201222175751","is_ascension_mode":false,"campfire_choices":[{"floor":7,"key":"REST"},{"floor":15,"key":"RECALL"},{"floor":25,"key":"REST"},{"floor":32,"key":"REST"},{"floor":41,"key":"REST"},{"data":"Runesmith:Firestorm","floor":49,"key":"SMITH"},{"data":"Runesmith:LightningRod","floor":52,"key":"SMITH"}],"circlet_count":0,"master_deck":["Runesmith:CraftFirestone","Runesmith:LithiumIon","hubris:DuctTapeCard+2","Runesmith:HammerThrow","expansioncontent:DashGenerateEvil","Runesmith:HeatExchange","Runesmith:EarthShield+1","Runesmith:PoweredAnvil","Runesmith:Permafrost+1","Runesmith:EnergizedChisel","Runesmith:Repurpose","Menagerie:Slaughter","Runesmith:ReplicatingBarrier","Runesmith:HeatedChisel","Runesmith:DuctTape","Runesmith:Repurpose+1","Runesmith:Permafrost","Panache","Runesmith:Permafrost","Chrysalis","Chrysalis","Runesmith:CraftIndustria","Runesmith:FrozenChisel","Runesmith:EnergizedChisel+1","Runesmith:HeatExchange+1","Runesmith:Retool","ReplayTheSpireMod:Splinters","Runesmith:PoweredAnvil+1","Runesmith:LightningRod+1","Runesmith:BackupBattery+1","Runesmith:CreatorForm","Runesmith:Electrocute","Runesmith:Reinforce","Runesmith:ShiftingStrike","Runesmith:CraftReservo","Runesmith:GenerateForcefield","Runesmith:CreatorForm","Runesmith:EnergizedChisel","Runesmith:Firestorm+1","Runesmith:CraftMagma","Runesmith:HammerThrow+1","Runesmith:ChiselStab+1","Runesmith:HammerThrow","Runesmith:ShiftingStrike+1","ReplayTheSpireMod:Restless Dread","sneckomod:Bewildered","hubris:Fate","Runesmith:BackupBattery","Runesmith:Grindstone","elementalist:Fire_Emblem","hubris:Fate","Runesmith:CraftMedicinae","Runesmith:CraftMagma","Runesmith:Prism+1"],"relics":["Runesmith:BrokenRuby","Juzu Bracelet","hubris:HerbalPaste","Lantern","Replay:Rubber Ducky","Sling","HollowMod:LifeEnderRelic","hubris:DuctTape","Pen Nib","Kunai","War Paint","conspire:Boomerang","hubris:HollowSoul","Iron Hammer","infinitespire:Broken Mirror","hubris:Icosahedron","Elementarium:ElementariumTrophy","Pandora\u0027s Box","theForsaken:Lifeblossom","theForsaken:Lifeblossom","elementalistmod:RedRibbon","MawBank","Regal Pillow","theForsaken:PaleLantern","Happy Flower","Lee\u0027s Waffle","Shuriken"],"acts_visited":["Exordium","Menagerie:Menagerie","TheBeyond","TheEnding"],"potions_floor_usage":[33,48,54,55,55],"damage_taken":[{"damage":0,"enemies":"Menagerie:StygianBoar","floor":1,"turns":3},{"damage":15,"enemies":"conspire:MimicChest","floor":3,"turns":5},{"damage":1,"enemies":"Menagerie:MaskedSummoner","floor":6,"turns":6},{"damage":7,"enemies":"Menagerie:VoidReaper","floor":8,"turns":4},{"damage":4,"enemies":"Menagerie:MonstrousExperiment","floor":10,"turns":2},{"damage":4,"enemies":"Menagerie:MaskedSummoner","floor":13,"turns":7},{"damage":0,"enemies":"Menagerie:WhisperingWraith","floor":14,"turns":3},{"damage":7,"enemies":"Menagerie:Suneater","floor":16,"turns":10},{"damage":2,"enemies":"Elementarium:VoidCorruption","floor":18,"turns":7},{"damage":5,"enemies":"Elementarium:2_ELEMENTALS","floor":20,"turns":10},{"damage":61,"enemies":"Elementarium:ElementalPortal","floor":23,"turns":10},{"damage":23,"enemies":"Elementarium:VoidBeast","floor":24,"turns":7},{"damage":4,"enemies":"Elementarium:Hydrostalker","floor":26,"turns":10},{"damage":30,"enemies":"Elementarium:Hydrostalker","floor":27,"turns":9},{"damage":2,"enemies":"Elementarium:PHOENIXES","floor":33,"turns":7},{"damage":1,"enemies":"3 Shapes","floor":35,"turns":2},{"damage":14,"enemies":"3 Darklings","floor":36,"turns":4},{"damage":31,"enemies":"Spire Growth","floor":38,"turns":6},{"damage":40,"enemies":"HollowMod:StalkingDevout","floor":40,"turns":6},{"damage":38,"enemies":"Sphere and 2 Shapes","floor":44,"turns":5},{"damage":41,"enemies":"4 Shapes","floor":45,"turns":6},{"damage":15,"enemies":"Transient","floor":48,"turns":5},{"damage":99,"enemies":"infinitespire:MassOfShapes","floor":50,"turns":16},{"damage":82,"enemies":"Shield and Spear","floor":54,"turns":6},{"damage":19,"enemies":"The Heart","floor":55,"turns":2}],"seed_played":"1338257955860910187","potions_obtained":[{"floor":6,"key":"FairyPotion"},{"floor":8,"key":"SpeedPotion"},{"floor":10,"key":"Elixir"},{"floor":18,"key":"FearPotion"},{"floor":40,"key":"blueLaboratory:Moonshine"},{"floor":44,"key":"SpeedPotion"},{"floor":45,"key":"PowerPotion"},{"floor":54,"key":"hexamod:EctoCoolerPotion"}],"is_trial":false,"path_per_floor":["M","?","?","$","T","E","R","E","T","M","?","?","E","M","R","B",null,"M","$","M","?","?","E","M","R","MIM","M","?","?","?","?","R","B",null,"M","M","$","M","?","E","R","?","T","M","M","?","AVR","M","R","B",null,"R","$","E","B"],"character_chosen":"RUNESMITH_CLASS","items_purchased":["Juzu Bracelet","hubris:HerbalPaste","Lantern","Replay:Rubber Ducky","Sling","HollowMod:LifeEnderRelic","Runesmith:LithiumIon","expansioncontent:DashGenerateEvil","Runesmith:HeatExchange","Runesmith:EarthShield","Runesmith:PoweredAnvil","Runesmith:Permafrost","Panache","theForsaken:Lifeblossom","theForsaken:Lifeblossom","Happy Flower","Lee\u0027s Waffle"],"campfire_rested":4,"item_purchase_floors":[0,0,0,0,0,0,0,4,4,4,4,19,19,37,37,53,53],"current_hp_per_floor":[43,43,34,34,34,39,60,59,59,58,58,53,55,60,60,59,70,68,68,65,65,65,10,19,40,42,18,18,26,26,26,49,39,78,78,65,65,52,52,47,70,70,70,62,56,56,56,76,76,16,78,78,85,21,0,0],"gold":54,"neow_bonus":"","is_daily":false,"chose_seed":false,"campfire_upgraded":2,"win_rate":0.0,"timestamp":1608677871,"path_taken":["M","?","?","?","?","E","R","E","T","M","?","?","E","M","R","BOSS","M","$","M","?","?","E","M","R","MIM","M","?","?","?","?","R","BOSS","M","M","$","M","?","E","R","?","T","M","M","?","AVR","M","R","BOSS","R","$","E","BOSS"],"items_purchased_type":["Relic","Relic","Relic","Relic","Relic","Relic","Card","Card","Card","Card","Card","Card","Card","Relic","Relic","Relic","Relic"],"build_version":"2020-12-13","purchased_purges":0,"victory":false,"max_hp_per_floor":[70,70,70,70,70,70,70,70,70,70,70,70,70,70,70,70,70,70,70,70,70,70,70,70,70,70,70,70,78,78,78,78,78,78,78,78,78,78,78,78,78,78,78,78,78,78,78,78,78,78,78,78,85,85,85,85],"card_choices":[{"not_picked":["Runesmith:EnergizedChisel","Runesmith:RuneHurl"],"picked":"Runesmith:Grindstone","floor":1},{"not_picked":["Runesmith:UnstableHammer","Runesmith:MakeshiftArmor"],"picked":"Runesmith:HammerThrow","floor":3},{"not_picked":["Runesmith:HeatedChisel","Runesmith:Reinforce"],"picked":"Runesmith:Permafrost","floor":6},{"not_picked":["Runesmith:GoWithTheFlow","Runesmith:Repurpose"],"picked":"Runesmith:EnergizedChisel","floor":8},{"not_picked":["Runesmith:Augment","Runesmith:Overpower"],"picked":"Runesmith:Repurpose","floor":10},{"not_picked":["Runesmith:Malloc","Runesmith:PoweredAnvil"],"picked":"Runesmith:ReplicatingBarrier","floor":13},{"not_picked":["Runesmith:UnstableHammer","Runesmith:RuneHurl"],"picked":"Runesmith:HeatedChisel","floor":14},{"not_picked":["Runesmith:FissionHammer","Runesmith:CraftMedicinae"],"picked":"Runesmith:DuctTape","floor":16},{"not_picked":["Runesmith:FieryHammer","Runesmith:Malloc"],"picked":"Runesmith:Repurpose+1","floor":18},{"not_picked":["Runesmith:HeatedChisel","Runesmith:HeatExchange+1"],"picked":"Runesmith:Permafrost","floor":20},{"not_picked":["Panacea","Sadistic Nature"],"picked":"Chrysalis","floor":22},{"not_picked":["Trip","HandOfGreed"],"picked":"Chrysalis","floor":22},{"not_picked":["Runesmith:CraftVitae","Runesmith:StaticCage"],"picked":"Runesmith:CraftIndustria","floor":23},{"not_picked":["Runesmith:EarthShield","Runesmith:RuneHurl"],"picked":"Runesmith:FrozenChisel","floor":24},{"not_picked":["Runesmith:StaticCage+1","Runesmith:HammerThrow"],"picked":"Runesmith:EnergizedChisel+1","floor":26},{"not_picked":["Runesmith:RuneHurl+1","Runesmith:EarthShield"],"picked":"Runesmith:HeatExchange+1","floor":27},{"not_picked":["Runesmith:HeatExchange+1","Runesmith:Malloc+1"],"picked":"Runesmith:PoweredAnvil+1","floor":31},{"not_picked":["Runesmith:ShiftingStrike","Runesmith:ChiselStab+1"],"picked":"Runesmith:LightningRod","floor":31},{"not_picked":["Runesmith:RuneHurl+1","Runesmith:UnstableHammer"],"picked":"Runesmith:BackupBattery+1","floor":31},{"not_picked":["Runesmith:GrandSlam","Runesmith:GenerateForcefield"],"picked":"Runesmith:CreatorForm","floor":33},{"not_picked":["Runesmith:HammerThrow","Runesmith:ShiftingStrike+1"],"picked":"Runesmith:CraftMagma","floor":35},{"not_picked":["Runesmith:ShiftingStrike","Runesmith:HammerTime+1"],"picked":"Runesmith:HammerThrow+1","floor":36},{"not_picked":["Runesmith:PoweredAnvil+1","Runesmith:ElementalConversion"],"picked":"Runesmith:ChiselStab+1","floor":38},{"not_picked":["Runesmith:RuneHurl","Runesmith:MakeshiftArmor"],"picked":"Runesmith:HammerThrow","floor":40},{"not_picked":["infinitespire:Gouge","hubris:Rewind"],"picked":"hubris:Fate","floor":42},{"not_picked":["Runesmith:GoWithTheFlow","Runesmith:Overpower+1"],"picked":"Runesmith:BackupBattery","floor":44},{"not_picked":["Runesmith:StaticCage+1","Runesmith:LithiumIon+1"],"picked":"Runesmith:Grindstone","floor":45},{"not_picked":["Runesmith:HammerThrow","Runesmith:HeatExchange"],"picked":"Runesmith:CraftMedicinae","floor":48},{"not_picked":["Runesmith:EarthShield+1","Runesmith:CraftMagma"],"picked":"Runesmith:Prism+1","floor":54}],"player_experience":377242,"relics_obtained":[{"floor":3,"key":"hubris:DuctTape"},{"floor":5,"key":"Pen Nib"},{"floor":6,"key":"Kunai"},{"floor":8,"key":"War Paint"},{"floor":13,"key":"conspire:Boomerang"},{"floor":23,"key":"Iron Hammer"},{"floor":26,"key":"infinitespire:Broken Mirror"},{"floor":40,"key":"MawBank"},{"floor":43,"key":"Regal Pillow"},{"floor":54,"key":"Shuriken"}],"event_choices":[{"damage_healed":0,"gold_gain":20,"player_choice":"Cunning","damage_taken":0,"max_hp_gain":0,"max_hp_loss":0,"event_name":"Menagerie:CloudVision","floor":2,"gold_loss":0,"cards_upgraded":["Runesmith:Strike_RS"]},{"damage_healed":0,"gold_gain":0,"player_choice":"Help the mage","damage_taken":5,"max_hp_gain":0,"max_hp_loss":0,"event_name":"Menagerie:MageAndMonster","floor":12,"gold_loss":0,"cards_obtained":["Menagerie:Slaughter"]},{"damage_healed":0,"gold_gain":0,"player_choice":"Pray","damage_taken":0,"max_hp_gain":0,"max_hp_loss":0,"event_name":"Elementarium:VoidShrine","floor":21,"gold_loss":0,"cards_upgraded":["Runesmith:Strike_RS"]},{"damage_healed":0,"gold_gain":0,"player_choice":"Machinery","damage_taken":0,"max_hp_gain":0,"max_hp_loss":0,"event_name":"Elementarium:IncubationChamber","floor":22,"gold_loss":0},{"damage_healed":0,"gold_gain":0,"player_choice":"Graft","damage_taken":0,"max_hp_gain":8,"max_hp_loss":0,"event_name":"Elementarium:SculptureGarden","floor":29,"gold_loss":0},{"damage_healed":0,"gold_gain":0,"player_choice":"Read","damage_taken":0,"max_hp_gain":0,"max_hp_loss":0,"event_name":"Elementarium:LostScrolls","floor":30,"gold_loss":0,"cards_obtained":["Runesmith:Retool"]}],"is_beta":false,"boss_relics":[{"not_picked":["construct:WeddingRing","hubris:VirtuousBlindfold"],"picked":"hubris:HollowSoul"},{"not_picked":["hubris:CrackedHourglass","Astrolabe"],"picked":"Pandora\u0027s Box"}],"items_purged_floors":[],"is_endless":false,"potions_floor_spawned":[6,8,10,18,23,40,44,45,54],"killed_by":"The Heart","ascension_level":0}}