{"host":"vhvm1b4sel61ztfv","time":1608678088,"event":{"mods":["BaseMod","Minty Spire (QoL Compilation)","Replay The Spire","StSLib"],"gold_per_floor":[116,133,145,164,239,269,288,288,288,288,288,288,10,10,21,33,33,132,132,164,263,263,298,70,115,115],"floor_reached":25,"playtime":1609,"items_purged":[],"score":203,"play_id":"37141834-0b73-4f87-b758-b0559f933007","local_time":"20201222180128","is_ascension_mode":false,"campfire_choices":[],"circlet_count":0,"master_deck":["Strike_R","Strike_R","Strike_R","Strike_R","Strike_R","Defend_R","Defend_R","Defend_R","Defend_R","Bash","ReplayTheSpireMod:Limb From Limb","Dropkick","ReplayTheSpireMod:Stacked","Body Slam+1","Entrench","Thunderclap","Hallucinations","Flex+1","Parasite","ReplayTheSpireMod:LeadingStrike","Clothesline","Limit Break","Replay:Undeath\u0027s Touch","Massacre"],"relics":["Burning Blood","Strawberry","ReplayTheSpireMod:Ring of Challenge","ReplayTheSpireMod:Ring of Collecting","ReplayTheSpireMod:Ring of Exchange","Pet Ghost","Ring of Peace","Gambling Chip","Replay:Bottled Flurry","SacredBark","Brimstone"],"acts_visited":["TheCity"],"potions_floor_usage":[2,6,16,18,20],"damage_taken":[{"damage":6,"enemies":"Cultist","floor":1,"turns":3},{"damage":6,"enemies":"2 Louse","floor":2,"turns":3},{"damage":6,"enemies":"Jaw Worm","floor":3,"turns":2},{"damage":10,"enemies":"Looter","floor":4,"turns":3},{"damage":21,"enemies":"Gremlin Nob","floor":6,"turns":4},{"damage":13,"enemies":"2 Fungi Beasts","floor":7,"turns":4},{"damage":0,"enemies":"Blue Slaver","floor":15,"turns":3},{"damage":8,"enemies":"Large Slime","floor":16,"turns":5},{"damage":72,"enemies":"Fading Forest","floor":18,"turns":11},{"damage":32,"enemies":"Shell Parasite","floor":20,"turns":6},{"damage":51,"enemies":"Chosen","floor":23,"turns":7},{"damage":49,"enemies":"Gremlin Leader","floor":25,"turns":4}],"seed_played":"3838177901847142198","potions_obtained":[{"floor":0,"key":"EssenceOfSteel"},{"floor":0,"key":"Swift Potion"},{"floor":0,"key":"Ancient Potion"},{"floor":7,"key":"LiquidMemories"},{"floor":18,"key":"SteroidPotion"}],"is_trial":false,"path_per_floor":["M","M","M","M","?","E","M","PTL","PTL","?","T","T","$","?","M","M","R","B",null,"M","?","?","M","$","E"],"character_chosen":"IRONCLAD","items_purchased":["Flex+1","Replay:Bottled Flurry","Brimstone","Massacre"],"campfire_rested":0,"item_purchase_floors":[13,13,24,24],"current_hp_per_floor":[80,80,80,76,65,57,50,50,50,50,50,50,50,71,77,75,87,31,87,61,61,87,42,42,0,0],"gold":115,"neow_bonus":"THREE_SMALL_POTIONS","is_daily":false,"chose_seed":false,"campfire_upgraded":0,"win_rate":0.0,"timestamp":1608678088,"path_taken":["M","M","M","M","?","E","M","PTL","PTL","?","T","?","$","?","M","M","R","BOSS","M","?","?","M","$","E"],"items_purchased_type":["Card","Relic","Relic","Card"],"build_version":"2020-12-13","purchased_purges":0,"victory":false,"max_hp_per_floor":[80,80,80,80,80,87,87,87,87,87,87,87,87,87,87,87,87,87,87,87,87,87,87,87,87,87],"card_choices":[{"not_picked":["Headbutt","Body Slam"],"picked":"ReplayTheSpireMod:Limb From Limb","floor":1},{"not_picked":["Hemokinesis","Anger"],"picked":"Dropkick","floor":2},{"not_picked":["Pommel Strike","Headbutt"],"picked":"ReplayTheSpireMod:Stacked","floor":3},{"not_picked":["Warcry","Abandon"],"picked":"Body Slam","floor":4},{"not_picked":["Battle Trance","Bloodletting"],"picked":"Entrench","floor":6},{"not_picked":["ReplayTheSpireMod:Limb From Limb","Feed"],"picked":"Thunderclap","floor":7},{"not_picked":["Body Slam","Wild Strike"],"picked":"ReplayTheSpireMod:LeadingStrike","floor":15},{"not_picked":["Sword Boomerang","Thunderclap"],"picked":"Clothesline","floor":16},{"not_picked":["Exhume","Corruption"],"picked":"Limit Break","floor":18},{"not_picked":["Iron Wave+1","Headbutt","Battle Trance"],"picked":"SKIP","floor":20},{"not_picked":["Second Wind+1","ReplayTheSpireMod:Strike From Hell"],"picked":"Replay:Undeath\u0027s Touch","floor":23}],"player_experience":56374,"relics_obtained":[{"floor":6,"key":"Strawberry"},{"floor":10,"key":"ReplayTheSpireMod:Ring of Challenge"},{"floor":10,"key":"ReplayTheSpireMod:Ring of Collecting"},{"floor":11,"key":"ReplayTheSpireMod:Ring of Exchange"},{"floor":11,"key":"Pet Ghost"},{"floor":12,"key":"Ring of Peace"},{"floor":12,"key":"Gambling Chip"}],"event_choices":[{"damage_healed":0,"gold_gain":75,"player_choice":"Gather Gold","damage_taken":11,"max_hp_gain":0,"max_hp_loss":0,"event_name":"World of Goop","floor":5,"gold_loss":0},{"damage_healed":21,"gold_gain":0,"player_choice":"Healed and dodged fight","damage_taken":0,"max_hp_gain":0,"max_hp_loss":0,"event_name":"Mushrooms","floor":14,"gold_loss":0,"cards_obtained":["Parasite"]},{"damage_healed":0,"gold_gain":99,"player_choice":"Stole From Cult","damage_taken":0,"max_hp_gain":0,"max_hp_loss":0,"event_name":"Nest","floor":21,"gold_loss":0},{"damage_healed":29,"gold_gain":0,"player_choice":"Heal","damage_taken":0,"max_hp_gain":0,"max_hp_loss":0,"event_name":"The Library","floor":22,"gold_loss":0}],"is_beta":false,"boss_relics":[{"not_picked":["Fusion Hammer","Medical Kit"],"picked":"SacredBark"}],"items_purged_floors":[],"is_endless":false,"potions_floor_spawned":[1,7,18],"killed_by":"Gremlin Leader","ascension_level":0}}