{"host":"a61r67bv2jut9r88","time":1608612845,"event":{"mods":["AchievementEnabler","BaseMod","Downfall","Marisa£®ÏF”Í°°ƒß¿Ì…≥£©","Minty Spire (QoL Compilation)","Replay The Spire","Shop Mod","StSLib","SuperFastMode","The Bug Knight","The Cursed","The Servant 0.9.4"],"gold_per_floor":[111,286,297,297,316,348,348,365,365,365,381,43,62,75,75,172,172,184,194,194,194,194],"floor_reached":21,"playtime":902,"items_purged":["Doubt"],"score":233,"play_id":"998c05ac-f2bc-49ec-8454-b1b29ca087f8","local_time":"20201222125405","is_ascension_mode":false,"campfire_choices":[{"floor":7,"key":"REST"},{"data":"ShatteredReality","floor":10,"key":"SMITH"},{"data":"Comet","floor":15,"key":"SMITH"}],"circlet_count":0,"master_deck":["Strike_S","Strike_S","Strike_S","Strike_S","Defend_S","Defend_S","Defend_S","Defend_S","KidneyShot","Exchange","ForgedInTime+1","Ricochet","ShatteredReality+1","Comet+1","TheWorld","BottledTime","Necronomicurse"],"relics":["Uniform","Bottled Lightning","Replay:Bottled Steam","Membership Card","Blood Vial","Regal Pillow","ChewingGum","Necronomicon"],"acts_visited":["Exordium","TheCity"],"potions_floor_usage":[16],"damage_taken":[{"damage":10,"enemies":"Small Slimes","floor":1,"turns":4},{"damage":4,"enemies":"Cultist","floor":3,"turns":5},{"damage":3,"enemies":"Jaw Worm","floor":5,"turns":4},{"damage":12,"enemies":"Gremlin Nob","floor":6,"turns":6},{"damage":0,"enemies":"Exordium Wildlife","floor":8,"turns":5},{"damage":3,"enemies":"Lots of Slimes","floor":11,"turns":3},{"damage":0,"enemies":"Blue Slaver","floor":13,"turns":5},{"damage":0,"enemies":"Gremlin Gang","floor":14,"turns":4},{"damage":0,"enemies":"Fading Forest","floor":16,"turns":11},{"damage":5,"enemies":"2 Thieves","floor":18,"turns":2},{"damage":21,"enemies":"Spheric Guardian","floor":19,"turns":9},{"damage":36,"enemies":"Chosen and Byrds","floor":21,"turns":6}],"seed_played":"-820266996206976120","potions_obtained":[{"floor":8,"key":"Fire Potion"},{"floor":16,"key":"GamblersBrew"}],"is_trial":false,"path_per_floor":["M","?","M","?","M","E","R","M","T","R","M","$","M","M","R","B",null,"M","M","?","M"],"character_chosen":"THE_SERVANT","items_purchased":["Membership Card","Blood Vial","Regal Pillow"],"campfire_rested":1,"item_purchase_floors":[12,12,12],"current_hp_per_floor":[55,55,51,51,48,36,55,55,55,55,52,52,54,56,56,65,65,60,41,25,0,0],"gold":194,"neow_bonus":"ONE_RANDOM_RARE_CARD","is_daily":false,"chose_seed":false,"campfire_upgraded":2,"win_rate":0.0,"timestamp":1608612845,"path_taken":["M","?","M","?","M","E","R","?","T","R","M","$","?","M","R","BOSS","M","M","?","M"],"items_purchased_type":["Relic","Relic","Relic"],"build_version":"2020-12-13","purchased_purges":1,"victory":false,"max_hp_per_floor":[65,65,65,65,65,65,65,65,65,65,65,65,65,65,65,65,65,65,65,65,65,65],"card_choices":[{"not_picked":["Spin","Alleviate"],"picked":"Ricochet","floor":1},{"not_picked":["Unruled","Manipulate","Starlight"],"picked":"SKIP","floor":3},{"not_picked":["Spin","Luminosity","Rearm"],"picked":"SKIP","floor":5},{"not_picked":["Read","DoubleEdge","Defy"],"picked":"SKIP","floor":6},{"not_picked":["Solidify","Alleviate"],"picked":"ShatteredReality","floor":8},{"not_picked":["Rearm","Read"],"picked":"Comet","floor":11},{"not_picked":["Desolation","SurpressingFire","ForgedInTime"],"picked":"SKIP","floor":13},{"not_picked":["Starlight","RealityMarble","Unruled"],"picked":"SKIP","floor":14},{"not_picked":["SoulSculpture","LightFlow"],"picked":"TheWorld","floor":16},{"not_picked":["FastForward","Defy"],"picked":"BottledTime","floor":18},{"not_picked":["FastForward","Defy","Read"],"picked":"SKIP","floor":19}],"player_experience":418003,"relics_obtained":[{"floor":6,"key":"Bottled Lightning"},{"floor":9,"key":"Replay:Bottled Steam"},{"floor":20,"key":"Necronomicon"}],"event_choices":[{"damage_healed":0,"gold_gain":175,"player_choice":"AGREE","damage_taken":0,"max_hp_gain":0,"max_hp_loss":0,"event_name":"Liars Game","floor":2,"gold_loss":0,"cards_obtained":["Doubt"]},{"damage_healed":0,"gold_gain":0,"player_choice":"Upgraded","damage_taken":0,"max_hp_gain":0,"max_hp_loss":0,"event_name":"Upgrade Shrine","floor":4,"gold_loss":0,"cards_upgraded":["ForgedInTime"]},{"damage_healed":0,"gold_gain":0,"player_choice":"Obtained Book","damage_taken":16,"max_hp_gain":0,"max_hp_loss":0,"event_name":"Cursed Tome","floor":20,"gold_loss":0}],"is_beta":false,"boss_relics":[{"not_picked":["Runic Dome","Coffee Dripper"],"picked":"ChewingGum"}],"items_purged_floors":[12],"is_endless":false,"potions_floor_spawned":[6,8,16],"killed_by":"Chosen and Byrds","ascension_level":0}}