{"host":"dbo0lztt1pyfwysk","time":1608649742,"event":{"mods":["Act Like it!","BaseMod","Conspire","Downfall","Gensokyo","GifTheSpireLib","Hubris","Infinite Spire","KinomotoSakuraMod(????)","Koishi","Luminous","Marisa????????","Minty Spire (QoL Compilation)","Prisma Mod","Remilia??????","Replay The Spire","Shade Mod","Shop Mod","StSLib","The Gatherer"],"gold_per_floor":[369,382,218,231,231,331,341,368,368,368,386,386,386,386,386,487,487,507,507,507,522,537,537,568,568,568],"floor_reached":25,"playtime":1079,"items_purged":["Strike_G"],"score":394,"play_id":"a9df8f01-332d-4098-a62b-8bb1ba211782","local_time":"20201222160902","is_ascension_mode":true,"campfire_choices":[{"data":"Noxious Fumes","floor":10,"key":"SMITH"},{"floor":13,"key":"REST"},{"data":"Deadly Poison","floor":15,"key":"SMITH"},{"floor":23,"key":"REST"}],"circlet_count":0,"master_deck":["AscendersBane","Defend_G","Defend_G","Defend_G","Survivor","Neutralize","Dagger Spray","Fluid Movement","Deadly Poison+1","Fluid Movement","Bane","Noxious Fumes+1","Heel Hook","Poison Darts","Fluid Movement+1","Deadly Poison","Bane","Sucker Punch"],"relics":["Ring of the Serpent","Gremlin Horn","hubris:Towel","Replay:Grab Bag","conspire:RoyalGoblet","Velvet Choker","Kintsugi","Art of War"],"acts_visited":["Exordium","TheCity"],"potions_floor_usage":[8,16,24],"damage_taken":[{"damage":14,"enemies":"Jaw Worm","floor":1,"turns":8},{"damage":0,"enemies":"Small Slimes","floor":2,"turns":3},{"damage":2,"enemies":"infinitespire:Voidling","floor":4,"turns":5},{"damage":4,"enemies":"Looter","floor":7,"turns":5},{"damage":0,"enemies":"Replay:BlueRogue","floor":8,"turns":11},{"damage":7,"enemies":"Large Slime","floor":11,"turns":6},{"damage":29,"enemies":"Hexaghost","floor":16,"turns":9},{"damage":16,"enemies":"3 Byrds","floor":18,"turns":5},{"damage":11,"enemies":"conspire:FuzzyDice","floor":21,"turns":4},{"damage":15,"enemies":"Snake Plant","floor":22,"turns":3},{"damage":31,"enemies":"Gremlin Leader","floor":24,"turns":5},{"damage":5,"enemies":"Cultist and Chosen","floor":25,"turns":4}],"seed_played":"-8299117271947885430","potions_obtained":[{"floor":1,"key":"Explosive Potion"},{"floor":7,"key":"Regen Potion"},{"floor":11,"key":"ColorlessPotion"},{"floor":16,"key":"Elixir"}],"is_trial":false,"path_per_floor":["M","M","$","M","?","?","M","E","T","R","M","?","R","?","R","B",null,"M","?","?","M","M","R","E","M"],"character_chosen":"THE_SILENT","items_purchased":["Deadly Poison","Fluid Movement"],"campfire_rested":2,"item_purchase_floors":[3,3],"current_hp_per_floor":[31,31,31,29,22,22,18,33,33,33,26,26,47,47,47,18,57,41,41,41,30,15,36,5,0,0],"gold":568,"neow_bonus":"TWO_FIFTY_GOLD","is_daily":false,"chose_seed":false,"campfire_upgraded":2,"win_rate":0.0,"timestamp":1608649742,"path_taken":["M","M","$","M","?","?","?","E","T","R","M","?","R","?","R","BOSS","M","?","?","M","M","R","E","?"],"items_purchased_type":["Card","Card"],"build_version":"2020-12-13","purchased_purges":1,"victory":false,"max_hp_per_floor":[70,70,70,70,70,70,70,70,70,70,70,70,70,70,70,70,70,70,70,70,70,70,70,70,70,70],"card_choices":[{"not_picked":["hubris:SlightOfHand","Underhanded Strike"],"picked":"Dagger Spray","floor":1},{"not_picked":["Blade Dance","Finisher"],"picked":"Fluid Movement","floor":2},{"not_picked":["Prepared","Choke"],"picked":"Bane","floor":4},{"not_picked":["Underhanded Strike","Sneak Up","Blade Dance"],"picked":"SKIP","floor":7},{"not_picked":["hubris:Sniper","Prepared"],"picked":"Noxious Fumes","floor":8},{"not_picked":["Acrobatics","Glass Knife"],"picked":"Heel Hook","floor":11},{"not_picked":["ReplayTheSpireMod:Necrosis","Adrenaline"],"picked":"Poison Darts","floor":16},{"not_picked":["Blade Dance","Cloak And Dagger"],"picked":"Fluid Movement+1","floor":18},{"not_picked":["Flying Knee","Phantasmal Killer"],"picked":"Deadly Poison","floor":21},{"not_picked":["ReplayTheSpireMod:Scrap Shanks","Slice"],"picked":"Bane","floor":22},{"not_picked":["Choke","Prepared"],"picked":"Sucker Punch","floor":24}],"player_experience":607194,"relics_obtained":[{"floor":8,"key":"Gremlin Horn"},{"floor":24,"key":"Art of War"}],"event_choices":[{"cards_removed":["Strike_G"],"damage_healed":0,"gold_gain":0,"player_choice":"Card Removal","damage_taken":7,"max_hp_gain":0,"max_hp_loss":0,"event_name":"Golden Wing","floor":5,"gold_loss":0},{"damage_healed":0,"gold_gain":100,"player_choice":"Pray","damage_taken":0,"max_hp_gain":0,"max_hp_loss":0,"event_name":"Golden Shrine","floor":6,"gold_loss":0},{"damage_healed":0,"gold_gain":0,"player_choice":"Leave","damage_taken":0,"max_hp_gain":0,"max_hp_loss":0,"event_name":"conspire:Investor","floor":12,"gold_loss":0},{"damage_healed":0,"gold_gain":0,"player_choice":"Ignored","damage_taken":0,"max_hp_gain":0,"max_hp_loss":0,"event_name":"Vampires","floor":19,"gold_loss":0},{"cards_removed":["Guardian:Aged","Regret"],"damage_healed":0,"gold_gain":0,"player_choice":"Removed Curses","damage_taken":0,"max_hp_gain":0,"max_hp_loss":0,"event_name":"Fountain of Cleansing","floor":20,"gold_loss":0}],"is_beta":false,"boss_relics":[{"not_picked":["Fusion Hammer","hubris:VirtuousBlindfold"],"picked":"Replay:Grab Bag"},{"not_picked":["Runic Dome","hubris:GrandSneckoEye"],"picked":"conspire:RoyalGoblet"},{"not_picked":["conspire:SlowCooker","hubris:CrackedHourglass"],"picked":"Velvet Choker"},{"not_picked":["Calling Bell","Pandora\u0027s Box"],"picked":"Kintsugi"},{"not_picked":["ReplayTheSpireMod:SealedPack","Snecko Scales"],"picked":"Ring of the Serpent"}],"items_purged_floors":[3],"is_endless":false,"potions_floor_spawned":[1,7,11,16],"killed_by":"Cultist and Chosen","ascension_level":12}}