{"host":"28p8ce41sjwa6lzf","time":1608670589,"event":{"mods":["BaseMod","Colored Map","Colored Powertips","Highlight Path","Minty Spire (QoL Compilation)","Permanent Neow","Quick Restart","Random Character Button","Rare Cards Sparkle","Relic Stats","StSLib","Unceasing Turn Reminder"],"gold_per_floor":[113,125,142,142,142,167,167,179,229,229,239,239,239,239],"floor_reached":13,"playtime":336,"items_purged":[],"score":170,"play_id":"7da59c01-dae1-43fd-a8bc-5f7b7832a3bf","local_time":"20201222145629","is_ascension_mode":true,"campfire_choices":[{"data":"Whirlwind","floor":7.0,"key":"SMITH"},{"data":"Evolve","floor":10.0,"key":"SMITH"},{"data":"Shrug It Off","floor":12.0,"key":"SMITH"}],"circlet_count":0,"master_deck":["AscendersBane","Strike_R","Strike_R","Strike_R","Strike_R","Strike_R","Defend_R","Defend_R","Defend_R","Defend_R","Bash","Whirlwind+1","Evolve+1","Shrug It Off+1"],"relics":["Burning Blood","Ancient Tea Set","Shuriken","MealTicket","Vajra"],"acts_visited":["Exordium"],"potions_floor_usage":[],"damage_taken":[{"damage":2.0,"enemies":"2 Louse","floor":1.0,"turns":4.0},{"damage":0.0,"enemies":"Small Slimes","floor":2.0,"turns":2.0},{"damage":6.0,"enemies":"Cultist","floor":3.0,"turns":3.0},{"damage":50.0,"enemies":"Lagavulin","floor":6.0,"turns":6.0},{"damage":10.0,"enemies":"Large Slime","floor":8.0,"turns":3.0},{"damage":0.0,"enemies":"Blue Slaver","floor":11.0,"turns":2.0},{"damage":39,"enemies":"Gremlin Nob","floor":13,"turns":3}],"seed_played":"-864874581774735752","potions_obtained":[{"floor":1.0,"key":"LiquidBronze"},{"floor":2.0,"key":"FearPotion"},{"floor":3.0,"key":"Fire Potion"}],"is_trial":false,"path_per_floor":["M","M","M","?","?","E","R","M","T","R","M","R","E"],"character_chosen":"IRONCLAD","items_purchased":[],"campfire_rested":0,"item_purchase_floors":[],"current_hp_per_floor":[72,75,75,75,75,31,31,27,27,27,33,33,0,0],"gold":239,"neow_bonus":"RANDOM_COMMON_RELIC","is_daily":false,"chose_seed":false,"campfire_upgraded":3,"win_rate":0.0,"timestamp":1608670589,"path_taken":["M","M","M","?","?","E","R","M","T","R","?","R","E"],"items_purchased_type":[],"build_version":"2020-12-13","purchased_purges":0,"victory":false,"max_hp_per_floor":[75,75,75,75,75,75,75,75,75,75,75,75,75,75],"relic_stats":{"counters":[7,23],"Shuriken":[4],"MealTicket":0,"obtain_stats":[{"Shuriken":5,"Vajra":9,"MealTicket":6,"Ancient Tea Set":0,"Burning Blood":0},{"Shuriken":3,"Vajra":5,"MealTicket":4,"Ancient Tea Set":0,"Burning Blood":0},{"Shuriken":9,"Vajra":18,"MealTicket":15,"Ancient Tea Set":0,"Burning Blood":0}],"Burning Blood":33},"card_choices":[{"not_picked":["Heavy Blade","Clothesline"],"picked":"Whirlwind","floor":1.0},{"not_picked":["Uppercut","Pommel Strike","Twin Strike"],"picked":"SKIP","floor":2.0},{"not_picked":["Twin Strike","Heavy Blade"],"picked":"Evolve","floor":3.0},{"not_picked":["Havoc","Perfected Strike"],"picked":"Shrug It Off","floor":6.0},{"not_picked":["Burning Pact","Perfected Strike","Thunderclap"],"picked":"SKIP","floor":8.0},{"not_picked":["Heavy Blade","Feel No Pain","Bloodletting"],"picked":"SKIP","floor":11.0}],"player_experience":1018108,"relics_obtained":[{"floor":5.0,"key":"Shuriken"},{"floor":6.0,"key":"MealTicket"},{"floor":9.0,"key":"Vajra"}],"event_choices":[{"damage_healed":0.0,"max_hp_gain":0.0,"max_hp_loss":0.0,"gold_gain":0.0,"event_name":"Liars Game","player_choice":"Ignored","floor":4.0,"gold_loss":0.0,"damage_taken":0.0},{"damage_healed":0.0,"max_hp_gain":0.0,"max_hp_loss":0.0,"gold_gain":0.0,"event_name":"Wheel of Change","player_choice":"Relic","floor":5.0,"gold_loss":0.0,"damage_taken":0.0}],"is_beta":false,"boss_relics":[],"items_purged_floors":[],"is_endless":false,"potions_floor_spawned":[1,2,3],"killed_by":"Gremlin Nob","ascension_level":20}}