{"host":"usewcu4ohw2wtmxk","time":1608619926,"event":{"mods":["BaseMod","Minty Spire (QoL Compilation)","Permanent Neow","Quick Restart","Relic Stats","UnlockEverythingMod"],"gold_per_floor":[118,43,43,55,73,73,102,102,102,130,130,144,144,156,156,156,156],"floor_reached":16,"playtime":360,"items_purged":[],"score":220,"play_id":"bae0ad4f-cde7-4fff-b686-b51a7532d440","local_time":"20201222145206","is_ascension_mode":true,"campfire_choices":[{"data":"Streamline","floor":6.0,"key":"SMITH"},{"floor":8.0,"key":"REST"},{"data":"Dualcast","floor":13.0,"key":"SMITH"},{"data":"Turbo","floor":15.0,"key":"SMITH"}],"circlet_count":0,"master_deck":["AscendersBane","Strike_B","Strike_B","Strike_B","Defend_B","Defend_B","Defend_B","Zap","Dualcast+1","Streamline+1","Glacier","Turbo+1","Undo"],"relics":["Cracked Core","Bag of Preparation","Shuriken","FossilizedHelix"],"acts_visited":["Exordium"],"potions_floor_usage":[16],"damage_taken":[{"damage":3.0,"enemies":"2 Louse","floor":1.0,"turns":3.0},{"damage":2.0,"enemies":"Jaw Worm","floor":4.0,"turns":3.0},{"damage":6.0,"enemies":"Small Slimes","floor":5.0,"turns":4.0},{"damage":27.0,"enemies":"3 Sentries","floor":7.0,"turns":9.0},{"damage":19.0,"enemies":"Lagavulin","floor":10.0,"turns":7.0},{"damage":0.0,"enemies":"Blue Slaver","floor":12.0,"turns":4.0},{"damage":0.0,"enemies":"Exordium Wildlife","floor":14.0,"turns":3.0},{"damage":21,"enemies":"Hexaghost","floor":16,"turns":7}],"seed_played":"2660021649030257046","potions_obtained":[{"floor":5.0,"key":"Strength Potion"},{"floor":14.0,"key":"CultistPotion"}],"is_trial":false,"path_per_floor":["M","?","?","M","M","R","E","R","T","E","?","M","R","M","R","B"],"character_chosen":"DEFECT","items_purchased":[],"campfire_rested":1,"item_purchase_floors":[],"current_hp_per_floor":[61,61,54,52,46,46,19,40,40,21,21,21,21,21,21,0,0],"gold":156,"neow_bonus":"RANDOM_COMMON_RELIC","is_daily":false,"chose_seed":false,"campfire_upgraded":3,"win_rate":0.0,"timestamp":1608619926,"path_taken":["M","?","?","M","M","R","E","R","T","E","?","M","R","M","R","BOSS"],"items_purchased_type":[],"build_version":"2020-12-13","purchased_purges":0,"victory":false,"max_hp_per_floor":[71,71,71,71,71,71,71,71,71,71,71,71,71,71,71,71,71],"relic_stats":{"counters":[8,40],"Shuriken":[2],"Bag of Preparation":[16],"obtain_stats":[{"Shuriken":7,"Bag of Preparation":0,"Cracked Core":0,"FossilizedHelix":10},{"Shuriken":4,"Bag of Preparation":0,"Cracked Core":0,"FossilizedHelix":5},{"Shuriken":19,"Bag of Preparation":0,"Cracked Core":0,"FossilizedHelix":26}]},"card_choices":[{"not_picked":["Rebound","Rip and Tear","Beam Cell"],"picked":"SKIP","floor":1.0},{"not_picked":["Stack","Cold Snap"],"picked":"Streamline","floor":4.0},{"not_picked":["Heatsinks","Rebound"],"picked":"Glacier","floor":5.0},{"not_picked":["Doom and Gloom","Melter","FTL"],"picked":"SKIP","floor":7.0},{"not_picked":["Stack","Conserve Battery"],"picked":"Turbo","floor":10.0},{"not_picked":["Redo","Chaos","Genetic Algorithm"],"picked":"SKIP","floor":12.0},{"not_picked":["Conserve Battery","Heatsinks"],"picked":"Undo","floor":14.0}],"player_experience":216239,"relics_obtained":[{"floor":7.0,"key":"Shuriken"},{"floor":10.0,"key":"FossilizedHelix"}],"event_choices":[{"cards_removed":["Strike_B"],"damage_healed":0.0,"max_hp_gain":0.0,"max_hp_loss":0.0,"gold_gain":0.0,"event_name":"The Cleric","player_choice":"Card Removal","floor":2.0,"gold_loss":75.0,"damage_taken":0.0},{"cards_removed":["Defend_B"],"damage_healed":0.0,"max_hp_gain":0.0,"max_hp_loss":0.0,"gold_gain":0.0,"event_name":"Golden Wing","player_choice":"Card Removal","floor":3.0,"gold_loss":0.0,"damage_taken":7.0},{"damage_healed":0.0,"max_hp_gain":0.0,"max_hp_loss":0.0,"gold_gain":0.0,"event_name":"Shining Light","player_choice":"Ignored","floor":11.0,"gold_loss":0.0,"damage_taken":0.0}],"is_beta":false,"boss_relics":[],"items_purged_floors":[],"is_endless":false,"potions_floor_spawned":[5,14],"killed_by":"Hexaghost","ascension_level":20}}