{"host":"kh6fvhxn285ncg0o","time":1608602691,"event":{"mods":["Act Like it!","BaseMod","Colored Map","Friendly Minions","Keyboard Shortcuts","Minty Spire (QoL Compilation)","Quick Restart","Relic Stats","StSLib","SuperFastMode"],"gold_per_floor":[110,110,110,125,138,167,167,92,92,127,141,141,141,157,157,157,157],"floor_reached":16,"playtime":287,"items_purged":["Strike_R"],"score":220,"play_id":"f42925fb-62f7-4cc0-8cb0-90a7ce898f2e","local_time":"20201222110451","is_ascension_mode":true,"campfire_choices":[{"data":"Uppercut","floor":7,"key":"SMITH"},{"floor":15,"key":"REST"}],"circlet_count":0,"master_deck":["AscendersBane","Strike_R","Strike_R","Defend_R","Defend_R","Defend_R","Defend_R","Bash","Uppercut+1","Shrug It Off","Seeing Red","Power Through","Barricade"],"relics":["Burning Blood","NeowsBlessing","Bird Faced Urn","Paper Frog","MealTicket"],"acts_visited":["Exordium"],"potions_floor_usage":[6,10,11,16],"damage_taken":[{"damage":0,"enemies":"Jaw Worm","floor":1,"turns":1},{"damage":0,"enemies":"Small Slimes","floor":4,"turns":1},{"damage":0,"enemies":"Cultist","floor":5,"turns":1},{"damage":49,"enemies":"3 Sentries","floor":6,"turns":13},{"damage":24,"enemies":"Gremlin Nob","floor":10,"turns":4},{"damage":25,"enemies":"Large Slime","floor":11,"turns":10},{"damage":1,"enemies":"Looter","floor":14,"turns":4},{"damage":8,"enemies":"The Guardian","floor":16,"turns":6}],"seed_played":"-6635893776924404480","potions_obtained":[{"floor":4,"key":"ElixirPotion"},{"floor":5,"key":"Regen Potion"},{"floor":6,"key":"SpeedPotion"},{"floor":11,"key":"DistilledChaos"}],"is_trial":false,"path_per_floor":["M","?","?","M","M","E","R","$","T","E","M","?","$","M","R","B"],"character_chosen":"IRONCLAD","items_purchased":[],"campfire_rested":1,"item_purchase_floors":[],"current_hp_per_floor":[74,67,67,73,75,47,47,47,47,29,10,5,20,25,47,39,39],"gold":157,"neow_bonus":"THREE_ENEMY_KILL","is_daily":false,"chose_seed":false,"campfire_upgraded":1,"win_rate":0.0,"timestamp":1608602691,"path_taken":["M","?","?","?","M","E","R","$","T","E","M","?","$","M","R","BOSS"],"items_purchased_type":[],"build_version":"2020-12-13","purchased_purges":1,"victory":false,"max_hp_per_floor":[75,75,75,75,75,75,75,75,75,75,75,75,75,75,75,75,75],"relic_stats":{"counters":[8,40],"Bird Faced Urn":[0],"MealTicket":15,"obtain_stats":[{"NeowsBlessing":0,"Bird Faced Urn":6,"MealTicket":10,"Burning Blood":0,"Paper Frog":9},{"NeowsBlessing":0,"Bird Faced Urn":4,"MealTicket":5,"Burning Blood":0,"Paper Frog":4},{"NeowsBlessing":0,"Bird Faced Urn":16,"MealTicket":20,"Burning Blood":0,"Paper Frog":16}],"Burning Blood":38},"card_choices":[{"not_picked":["Havoc","Shrug It Off"],"picked":"Uppercut","floor":1},{"not_picked":["Rampage","Clash"],"picked":"Shrug It Off","floor":4},{"not_picked":["Brutality","Anger"],"picked":"Seeing Red","floor":6},{"not_picked":["Anger","True Grit","Cleave"],"picked":"SKIP","floor":10},{"not_picked":["Infernal Blade","Thunderclap"],"picked":"Power Through","floor":11},{"not_picked":["Intimidate","Flex"],"picked":"Barricade","floor":14}],"player_experience":3204857,"relics_obtained":[{"floor":6,"key":"Bird Faced Urn"},{"floor":9,"key":"Paper Frog"},{"floor":10,"key":"MealTicket"}],"event_choices":[{"cards_removed":["Strike_R"],"damage_healed":0,"gold_gain":0,"player_choice":"Card Removal","damage_taken":7,"max_hp_gain":0,"max_hp_loss":0,"event_name":"Golden Wing","floor":2,"gold_loss":0},{"cards_removed":["Strike_R"],"damage_healed":0,"gold_gain":0,"player_choice":"Offered Basic","damage_taken":0,"max_hp_gain":0,"max_hp_loss":0,"event_name":"Bonfire Elementals","floor":3,"gold_loss":0},{"damage_healed":0,"gold_gain":0,"player_choice":"Fled","damage_taken":5,"max_hp_gain":0,"max_hp_loss":0,"event_name":"Scrap Ooze","floor":12,"gold_loss":0}],"is_beta":false,"boss_relics":[],"items_purged_floors":[8],"is_endless":false,"potions_floor_spawned":[4,5,6,11],"killed_by":"The Guardian","ascension_level":20}}