{"host":"ue7jlgf7uv134an9","time":1608599673,"event":{"mods":["BaseMod","Better Third Choice","Defuse TimeMaze Blight","Minty Spire (QoL Compilation)","Quick Restart","Rare Cards Sparkle","Relic Stats","StSLib","UnlockEverythingMod"],"gold_per_floor":[117,117,1,17,37,67,67,101,101,101,117,143,173,188,188,265,265,279,57,57,57,77,77,77,77],"floor_reached":24,"playtime":705,"items_purged":["Defend_G","Strike_G"],"score":428,"play_id":"4d579d00-6405-4362-8c44-aa0f1892feae","local_time":"20201221201433","is_ascension_mode":true,"campfire_choices":[{"floor":7,"key":"REST"},{"floor":10,"key":"REST"},{"floor":15,"key":"REST"},{"floor":23,"key":"REST"}],"circlet_count":0,"master_deck":["AscendersBane","Strike_G","Strike_G","Strike_G","Defend_G","Defend_G","Defend_G","Defend_G","Survivor","Neutralize","Poisoned Stab","Endless Agony","Poisoned Stab","Deadly Poison","Deadly Poison","Blade Dance","Finisher","Bullet Time","Well Laid Plans","Finesse","Footwork","Deadly Poison+1"],"relics":["Ring of the Serpent","NeowsBlessing","Bag of Preparation","Bird Faced Urn","Gremlin Horn","PreservedInsect","Smiling Mask"],"acts_visited":["Exordium","TheCity"],"potions_floor_usage":[6,6,8,16,24],"damage_taken":[{"damage":0.0,"enemies":"Jaw Worm","floor":1.0,"turns":1.0},{"damage":0.0,"enemies":"Small Slimes","floor":4.0,"turns":1.0},{"damage":0.0,"enemies":"2 Louse","floor":5.0,"turns":1.0},{"damage":25,"enemies":"Lagavulin","floor":6,"turns":4},{"damage":31,"enemies":"3 Sentries","floor":8,"turns":11},{"damage":1,"enemies":"Looter","floor":11,"turns":3},{"damage":8,"enemies":"Gremlin Nob","floor":12,"turns":3},{"damage":0,"enemies":"Gremlin Gang","floor":14,"turns":3},{"damage":35,"enemies":"Hexaghost","floor":16,"turns":8},{"damage":22,"enemies":"Shell Parasite","floor":18,"turns":6},{"damage":25,"enemies":"Chosen","floor":22,"turns":5},{"damage":42,"enemies":"Sentry and Sphere","floor":24,"turns":5}],"seed_played":"619877401088067829","potions_obtained":[{"floor":4.0,"key":"SteroidPotion"},{"floor":5.0,"key":"CunningPotion"},{"floor":6,"key":"Block Potion"},{"floor":12,"key":"ColorlessPotion"},{"floor":16,"key":"SteroidPotion"},{"floor":22,"key":"Energy Potion"}],"is_trial":false,"path_per_floor":["M","?","$","M","M","E","R","E","T","R","M","E","?","M","R","B",null,"M","$","?","?","M","R","M"],"character_chosen":"THE_SILENT","items_purchased":["Endless Agony","Finesse","Footwork"],"campfire_rested":4,"item_purchase_floors":[3,19,19],"current_hp_per_floor":[59,52,52,52,52,27,46,15,15,34,33,25,25,25,44,9,52,30,30,30,30,9,28,0,0],"gold":77,"neow_bonus":"THREE_ENEMY_KILL","is_daily":false,"chose_seed":false,"campfire_upgraded":0,"win_rate":0.0,"timestamp":1608599673,"path_taken":["M","?","?","M","M","E","R","E","T","R","M","E","?","M","R","BOSS","M","$","?","?","M","R","M"],"items_purchased_type":["Card","Card","Card"],"build_version":"2020-12-13","purchased_purges":2,"victory":false,"max_hp_per_floor":[66,66,66,66,66,66,66,66,66,66,66,66,66,66,66,66,66,66,66,66,66,66,66,66,66],"relic_stats":{"Gremlin Horn":[5,4],"counters":[12,51],"Bird Faced Urn":[8],"PreservedInsect":0,"Bag of Preparation":[16],"Smiling Mask":50,"obtain_stats":[{"NeowsBlessing":0,"Gremlin Horn":9,"Bird Faced Urn":8,"PreservedInsect":12,"Bag of Preparation":6,"Smiling Mask":13,"Ring of the Serpent":17,"Ring of the Snake":0},{"NeowsBlessing":0,"Gremlin Horn":5,"Bird Faced Urn":5,"PreservedInsect":7,"Bag of Preparation":4,"Smiling Mask":7,"Ring of the Serpent":9,"Ring of the Snake":0},{"NeowsBlessing":0,"Gremlin Horn":18,"Bird Faced Urn":18,"PreservedInsect":24,"Bag of Preparation":7,"Smiling Mask":24,"Ring of the Serpent":35,"Ring of the Snake":0}]},"card_choices":[{"not_picked":["Terror","Reflex"],"picked":"Poisoned Stab","floor":1.0},{"not_picked":["Endless Agony","Outmaneuver"],"picked":"Poisoned Stab","floor":4.0},{"not_picked":["Dodge and Roll","Flying Knee","Night Terror"],"picked":"SKIP","floor":5.0},{"not_picked":["Venomology","Choke"],"picked":"Deadly Poison","floor":6},{"not_picked":["Cloak And Dagger","Caltrops"],"picked":"Deadly Poison","floor":8},{"not_picked":["Cloak And Dagger","Deflect"],"picked":"Blade Dance","floor":11},{"not_picked":["Deadly Poison","A Thousand Cuts"],"picked":"Finisher","floor":12},{"not_picked":["Concentrate","Acrobatics","Poisoned Stab"],"picked":"SKIP","floor":14},{"not_picked":["Venomology","Unload"],"picked":"Bullet Time","floor":16},{"not_picked":["Backflip","Dash"],"picked":"Well Laid Plans","floor":18},{"not_picked":["Blade Dance","Dodge and Roll"],"picked":"Deadly Poison+1","floor":22}],"player_experience":19406,"relics_obtained":[{"floor":6,"key":"Bag of Preparation"},{"floor":8,"key":"Bird Faced Urn"},{"floor":9,"key":"Gremlin Horn"},{"floor":12,"key":"PreservedInsect"}],"event_choices":[{"cards_removed":["Strike_G"],"damage_healed":0.0,"max_hp_gain":0.0,"max_hp_loss":0.0,"gold_gain":0.0,"event_name":"Golden Wing","player_choice":"Card Removal","floor":2.0,"gold_loss":0.0,"damage_taken":7.0},{"damage_healed":0,"gold_gain":30,"player_choice":"Searched \u00272\u0027 times","damage_taken":0,"relics_obtained":["Smiling Mask"],"max_hp_gain":0,"max_hp_loss":0,"event_name":"Dead Adventurer","floor":13,"gold_loss":0},{"damage_healed":0,"gold_gain":0,"player_choice":"Ignored","damage_taken":0,"max_hp_gain":0,"max_hp_loss":0,"event_name":"The Mausoleum","floor":20,"gold_loss":0},{"damage_healed":0,"gold_gain":0,"player_choice":"Ignored","damage_taken":0,"max_hp_gain":0,"max_hp_loss":0,"event_name":"Vampires","floor":21,"gold_loss":0}],"is_beta":false,"boss_relics":[{"not_picked":["SacredBark","HoveringKite"],"picked":"Ring of the Serpent"}],"items_purged_floors":[3,19],"is_endless":false,"potions_floor_spawned":[4,5,6,12,16,22],"killed_by":"Sentry and Sphere","ascension_level":20}}