{"host":"69rply1jf2d1wbmp","time":1608665585,"event":{"mods":["BaseMod","Minty Spire (QoL Compilation)","Quick Restart"],"gold_per_floor":[117,42,53,53,69,110,110,130,183,199,199,212,212,226,226,355,355,373,49,70,113,129,129,165,165,191,230,244,244,244,264,264,390,390,404,417,463,482,13,13,34,34,58,102,102,120,156,179,179,179,179,179,29,62,62,62],"floor_reached":55,"playtime":2326,"items_purged":["Strike_R","Defend_R","Shame","Regret"],"score":796,"play_id":"ede26f79-874b-4d12-9e0d-2ecfd9cce50c","local_time":"20201222143305","is_ascension_mode":false,"campfire_choices":[{"data":"Bash","floor":11,"key":"SMITH"},{"data":"Metallicize","floor":13,"key":"SMITH"},{"data":"Metallicize","floor":15,"key":"SMITH"},{"data":"Metallicize","floor":23,"key":"SMITH"},{"data":"Anger","floor":29,"key":"SMITH"},{"data":"Flame Barrier","floor":32,"key":"SMITH"},{"data":"Juggernaut","floor":40,"key":"SMITH"},{"floor":49,"key":"RECALL"},{"data":"Metallicize","floor":52,"key":"SMITH"}],"circlet_count":0,"master_deck":["Strike_R+1","Strike_R+1","Defend_R+1","Defend_R+1","Defend_R+1","Bash+1","Twin Strike","Cleave","Metallicize+1","Metallicize+1","Reaper","Anger+1","Metallicize+1","Pommel Strike+1","Battle Trance+1","Armaments+1","Flame Barrier+1","Juggernaut+1","Feed","Flame Barrier","Metallicize+1","Decay","Metallicize","Shrug It Off+1"],"relics":["Burning Blood","Golden Idol","Mercury Hourglass","Vajra","Empty Cage","Tiny Chest","Red Mask","Strawberry","War Paint","MealTicket","MutagenicStrength","Cursed Key","Bag of Marbles","Orichalcum","HandDrill","Toy Ornithopter","Bronze Scales","Lantern"],"acts_visited":["Exordium","TheCity","TheBeyond","TheEnding"],"potions_floor_usage":[16,21,24,24,33,33,50,54],"damage_taken":[{"damage":1,"enemies":"Cultist","floor":1,"turns":4},{"damage":8,"enemies":"2 Louse","floor":3,"turns":3},{"damage":0,"enemies":"Small Slimes","floor":5,"turns":3},{"damage":28,"enemies":"Gremlin Nob","floor":6,"turns":4},{"damage":4,"enemies":"Blue Slaver","floor":8,"turns":3},{"damage":1,"enemies":"2 Fungi Beasts","floor":10,"turns":2},{"damage":10,"enemies":"Exordium Thugs","floor":12,"turns":3},{"damage":2,"enemies":"3 Louse","floor":14,"turns":2},{"damage":22,"enemies":"The Guardian","floor":16,"turns":10},{"damage":13,"enemies":"Shell Parasite","floor":18,"turns":5},{"damage":7,"enemies":"3 Byrds","floor":20,"turns":4},{"damage":34,"enemies":"Masked Bandits","floor":21,"turns":5},{"damage":15,"enemies":"Sentry and Sphere","floor":22,"turns":7},{"damage":34,"enemies":"Gremlin Leader","floor":24,"turns":6},{"damage":12,"enemies":"Book of Stabbing","floor":27,"turns":6},{"damage":18,"enemies":"3 Cultists","floor":28,"turns":6},{"damage":1,"enemies":"Centurion and Healer","floor":31,"turns":5},{"damage":66,"enemies":"Collector","floor":33,"turns":12},{"damage":27,"enemies":"3 Darklings","floor":35,"turns":4},{"damage":0,"enemies":"Orb Walker","floor":36,"turns":4},{"damage":33,"enemies":"Transient","floor":38,"turns":5},{"damage":0,"enemies":"4 Shapes","floor":41,"turns":5},{"damage":30,"enemies":"Nemesis","floor":44,"turns":7},{"damage":1,"enemies":"Sphere and 2 Shapes","floor":46,"turns":4},{"damage":30,"enemies":"Reptomancer","floor":47,"turns":8},{"damage":8,"enemies":"Spire Growth","floor":48,"turns":6},{"damage":67,"enemies":"Donu and Deca","floor":50,"turns":12},{"damage":111,"enemies":"Shield and Spear","floor":54,"turns":11},{"damage":72,"enemies":"The Heart","floor":55,"turns":5}],"seed_played":"-8772088370440911778","potions_obtained":[{"floor":3,"key":"CultistPotion"},{"floor":6,"key":"BlessingOfTheForge"},{"floor":8,"key":"Regen Potion"},{"floor":16,"key":"ElixirPotion"},{"floor":22,"key":"Explosive Potion"},{"floor":24,"key":"Block Potion"},{"floor":27,"key":"SteroidPotion"},{"floor":33,"key":"LiquidMemories"},{"floor":35,"key":"SpeedPotion"},{"floor":44,"key":"Explosive Potion"},{"floor":46,"key":"FairyPotion"}],"is_trial":false,"path_per_floor":["M","$","M","?","M","E","?","M","T","M","R","M","R","M","R","B",null,"M","$","M","?","M","R","E","?","T","E","M","R","?","M","R","B",null,"M","M","T","M","$","R","M","?","T","E","?","M","E","M","R","B",null,"R","$","E","B"],"character_chosen":"IRONCLAD","items_purchased":["Metallicize","Tiny Chest","Orichalcum","PowerPotion","HandDrill"],"campfire_rested":0,"item_purchase_floors":[19,19,39,39,39],"current_hp_per_floor":[88,88,86,86,88,66,66,68,68,73,73,69,69,73,73,57,88,88,88,87,71,67,67,67,67,67,61,64,64,64,73,73,25,95,89,95,95,68,83,83,92,92,92,73,73,87,63,70,70,31,105,105,105,13,0,0],"gold":62,"neow_bonus":"TEN_PERCENT_HP_BONUS","is_daily":false,"chose_seed":false,"campfire_upgraded":8,"win_rate":0.0,"timestamp":1608665585,"path_taken":["M","$","M","?","M","E","?","M","T","M","R","M","R","M","R","BOSS","M","$","M","?","M","R","E","?","T","E","M","R","?","M","R","BOSS","M","M","?","M","?","R","M","?","T","E","?","M","E","M","R","BOSS","R","$","E","BOSS"],"items_purchased_type":["Card","Relic","Relic","Potion","Relic"],"build_version":"2020-12-13","purchased_purges":4,"victory":false,"max_hp_per_floor":[88,88,88,88,88,88,88,88,88,88,88,88,88,88,88,88,88,88,88,88,88,88,88,95,95,95,95,95,95,95,95,95,95,95,95,95,95,95,95,95,98,98,98,98,98,101,101,105,105,105,105,105,105,108,108,108],"card_choices":[{"not_picked":["True Grit","Pummel"],"picked":"Sword Boomerang","floor":1},{"not_picked":["Flex","Wild Strike"],"picked":"Twin Strike","floor":3},{"not_picked":["Iron Wave","True Grit"],"picked":"Cleave","floor":5},{"not_picked":["Clash","Burning Pact","Searing Blow"],"picked":"SKIP","floor":6},{"not_picked":["Rupture","Heavy Blade","Flex"],"picked":"SKIP","floor":8},{"not_picked":["Feel No Pain","Wild Strike","Sword Boomerang"],"picked":"SKIP","floor":10},{"not_picked":["Rage","Dark Embrace"],"picked":"Metallicize","floor":12},{"not_picked":["Warcry","Uppercut"],"picked":"Metallicize","floor":14},{"not_picked":["Immolate","Impervious"],"picked":"Reaper","floor":16},{"not_picked":["Bloodletting","Evolve"],"picked":"Anger","floor":18},{"not_picked":["Hemokinesis","Cleave"],"picked":"Pommel Strike+1","floor":20},{"not_picked":["Carnage","Twin Strike"],"picked":"Battle Trance","floor":22},{"not_picked":["Anger","Flame Barrier+1"],"picked":"Armaments","floor":24},{"not_picked":["Flex","Twin Strike"],"picked":"Flame Barrier","floor":27},{"not_picked":["Ghostly Armor","Flex","True Grit"],"picked":"SKIP","floor":28},{"not_picked":["Iron Wave","Thunderclap","Bludgeon"],"picked":"SKIP","floor":31},{"not_picked":["Demon Form","Immolate"],"picked":"Juggernaut","floor":33},{"not_picked":["Battle Trance","Warcry+1","Twin Strike+1"],"picked":"SKIP","floor":35},{"not_picked":["Blood for Blood","Flex"],"picked":"Feed","floor":36},{"not_picked":["Sever Soul+1","Iron Wave+1"],"picked":"Flame Barrier","floor":38},{"not_picked":["Heavy Blade","True Grit+1","Battle Trance+1"],"picked":"SKIP","floor":41},{"not_picked":["Entrench+1","Second Wind"],"picked":"Metallicize","floor":44},{"not_picked":["Anger","Entrench+1"],"picked":"Metallicize","floor":46},{"not_picked":["Warcry","Second Wind+1","Feed"],"picked":"SKIP","floor":47},{"not_picked":["True Grit","Battle Trance+1"],"picked":"Shrug It Off+1","floor":48},{"not_picked":["Immolate","True Grit+1","Intimidate+1"],"picked":"SKIP","floor":54}],"player_experience":382558,"relics_obtained":[{"floor":6,"key":"Mercury Hourglass"},{"floor":9,"key":"Vajra"},{"floor":21,"key":"Red Mask"},{"floor":24,"key":"Strawberry"},{"floor":26,"key":"War Paint"},{"floor":27,"key":"MealTicket"},{"floor":37,"key":"Bag of Marbles"},{"floor":44,"key":"Toy Ornithopter"},{"floor":47,"key":"Bronze Scales"},{"floor":54,"key":"Lantern"}],"event_choices":[{"damage_healed":0,"gold_gain":0,"player_choice":"Take Wound","damage_taken":0,"relics_obtained":["Golden Idol"],"max_hp_gain":0,"max_hp_loss":0,"event_name":"Golden Idol","floor":4,"gold_loss":0,"cards_obtained":["Injury"]},{"cards_removed":["Injury"],"damage_healed":0,"gold_gain":0,"player_choice":"Removed Curses","damage_taken":0,"max_hp_gain":0,"max_hp_loss":0,"event_name":"Fountain of Cleansing","floor":7,"gold_loss":0},{"damage_healed":0,"gold_gain":0,"player_choice":"Fought Bandits","damage_taken":0,"max_hp_gain":0,"max_hp_loss":0,"event_name":"Masked Bandits","floor":21,"gold_loss":0},{"damage_healed":0,"gold_gain":0,"player_choice":"Simplicity","damage_taken":0,"max_hp_gain":0,"max_hp_loss":0,"event_name":"Back to Basics","floor":25,"gold_loss":0,"cards_upgraded":["Strike_R","Strike_R","Defend_R","Defend_R","Defend_R"]},{"damage_healed":0,"gold_gain":0,"player_choice":"Inject Mutagens","damage_taken":0,"relics_obtained":["MutagenicStrength"],"max_hp_gain":0,"max_hp_loss":0,"event_name":"Drug Dealer","floor":30,"gold_loss":0},{"cards_removed":["Sword Boomerang"],"damage_healed":0,"gold_gain":0,"player_choice":"Removed Attack","damage_taken":0,"max_hp_gain":0,"max_hp_loss":0,"event_name":"Falling","floor":42,"gold_loss":0},{"damage_healed":0,"gold_gain":0,"player_choice":"Cursed","damage_taken":0,"max_hp_gain":0,"max_hp_loss":0,"event_name":"Wheel of Change","floor":45,"gold_loss":0,"cards_obtained":["Decay"]}],"is_beta":false,"boss_relics":[{"not_picked":["Coffee Dripper","Calling Bell"],"picked":"Empty Cage"},{"not_picked":["Black Blood","Runic Dome"],"picked":"Cursed Key"}],"items_purged_floors":[2,19,39,53],"is_endless":false,"potions_floor_spawned":[3,6,8,16,18,22,24,27,33,35,41,44,46],"killed_by":"The Heart","ascension_level":0}}