{"host":"zsm7nv3crm3m4x5c","time":1608617461,"event":{"mods":["AchievementEnabler","BaseMod","Colored Map","Colored Powertips","Minty Spire (QoL Compilation)","Shop Mod"],"gold_per_floor":[362,20,31,47,57,57,73,73,99,126,276,310,76,133,133,209,209,225,241,39,0,0,0,33,33,85,99,132,147,147,72,72,72,72],"floor_reached":33,"playtime":1145,"items_purged":["Defend_R","Doubt","Wild Strike+1"],"score":527,"play_id":"60172fcd-e50f-43a6-99f8-a269f5989846","local_time":"20201222011101","is_ascension_mode":true,"campfire_choices":[{"data":"Perfected Strike","floor":6.0,"key":"SMITH"},{"data":"Cleave","floor":8.0,"key":"SMITH"},{"floor":15.0,"key":"REST"},{"floor":23.0,"key":"REST"},{"floor":25.0,"key":"REST"},{"floor":32,"key":"REST"}],"circlet_count":0,"master_deck":["AscendersBane","Strike_R","Strike_R+1","Strike_R","Strike_R","Defend_R+1","Cleave+1","Perfected Strike+1","Shrug It Off+1","Perfected Strike+1","Battle Trance","Double Tap","Headbutt+1","Combust+1","Rupture+1"],"relics":["Burning Blood","Membership Card","Vajra","Happy Flower","Centennial Puzzle","War Paint","Whetstone","Nunchaku","Astrolabe","Singing Bowl","Regal Pillow","PreservedInsect","Incense Burner"],"acts_visited":["Exordium","TheCity"],"potions_floor_usage":[29,29,33],"damage_taken":[{"damage":14.0,"enemies":"Jaw Worm","floor":1.0,"turns":3.0},{"damage":0.0,"enemies":"2 Louse","floor":3.0,"turns":2.0},{"damage":3.0,"enemies":"Small Slimes","floor":4.0,"turns":6.0},{"damage":15.0,"enemies":"Red Slaver","floor":5.0,"turns":3.0},{"damage":10.0,"enemies":"Large Slime","floor":7.0,"turns":4.0},{"damage":16.0,"enemies":"Gremlin Nob","floor":10.0,"turns":3.0},{"damage":23.0,"enemies":"Lagavulin","floor":12.0,"turns":5.0},{"damage":20.0,"enemies":"Lagavulin Event","floor":14.0,"turns":3.0},{"damage":26.0,"enemies":"Hexaghost","floor":16.0,"turns":6.0},{"damage":12.0,"enemies":"Shell Parasite","floor":18.0,"turns":2.0},{"damage":23.0,"enemies":"3 Byrds","floor":19.0,"turns":4.0},{"damage":36.0,"enemies":"Slavers","floor":24.0,"turns":4.0},{"damage":25,"enemies":"3 Cultists","floor":27,"turns":4},{"damage":50,"enemies":"Book of Stabbing","floor":28,"turns":4},{"damage":12,"enemies":"Chosen and Byrds","floor":29,"turns":3},{"damage":63,"enemies":"Champ","floor":33,"turns":7}],"seed_played":"-1685179941980432029","potions_obtained":[{"floor":3.0,"key":"Regen Potion"},{"floor":4.0,"key":"BloodPotion"},{"floor":5.0,"key":"Dexterity Potion"},{"floor":14.0,"key":"FearPotion"},{"floor":24.0,"key":"Strength Potion"},{"floor":28,"key":"GamblersBrew"},{"floor":29,"key":"Energy Potion"}],"is_trial":false,"path_per_floor":["M","$","M","M","M","R","M","R","T","E","?","E","$","?","R","B",null,"M","M","$","?","?","R","E","R","T","M","E","M","?","?","R","B"],"character_chosen":"IRONCLAD","items_purchased":["Membership Card","Vajra","Perfected Strike","Shrug It Off","Battle Trance","Whetstone","Double Tap","Singing Bowl"],"campfire_rested":4,"item_purchase_floors":[2,2,2,2,13,13,13,20],"current_hp_per_floor":[42,42,48,65,71,71,67,67,67,57,57,40,40,26,48,28,63,57,40,40,40,40,62,34,72,72,55,13,9,9,9,48,0,0],"gold":72,"neow_bonus":"TWO_FIFTY_GOLD","is_daily":false,"chose_seed":false,"campfire_upgraded":2,"win_rate":0.0,"timestamp":1608617461,"path_taken":["M","$","M","M","M","R","M","R","T","E","?","E","$","?","R","BOSS","M","M","$","?","?","R","E","R","T","?","E","M","?","?","R","BOSS"],"items_purchased_type":["Relic","Relic","Card","Card","Card","Relic","Card","Relic"],"build_version":"2020-12-13","purchased_purges":3,"victory":false,"max_hp_per_floor":[75,75,75,75,75,75,75,75,75,75,75,75,75,75,75,75,75,75,75,75,75,75,75,77,77,77,79,81,83,83,83,83,83,83],"card_choices":[{"not_picked":["Warcry","Thunderclap"],"picked":"Cleave","floor":1.0},{"not_picked":["Metallicize","Sword Boomerang","Twin Strike"],"picked":"SKIP","floor":3.0},{"not_picked":["Second Wind","Sword Boomerang","Clothesline"],"picked":"SKIP","floor":4.0},{"not_picked":["Metallicize","Warcry","Havoc"],"picked":"SKIP","floor":5.0},{"not_picked":["Clash","Heavy Blade"],"picked":"Perfected Strike","floor":7.0},{"not_picked":["Thunderclap","Flame Barrier","Metallicize"],"picked":"SKIP","floor":10.0},{"not_picked":["Power Through","Armaments","Sword Boomerang"],"picked":"SKIP","floor":12.0},{"not_picked":["Sentinel","Wild Strike+1","Havoc"],"picked":"SKIP","floor":18.0},{"not_picked":["Wild Strike","Headbutt+1"],"picked":"Rupture+1","floor":19.0},{"not_picked":["Havoc","Iron Wave","Thunderclap"],"picked":"Singing Bowl","floor":24.0},{"not_picked":["Dual Wield","Carnage","Shockwave"],"picked":"Singing Bowl","floor":27},{"not_picked":["Twin Strike","Shockwave","Iron Wave+1"],"picked":"Singing Bowl","floor":28},{"not_picked":["Wild Strike","Body Slam","Sentinel"],"picked":"Singing Bowl","floor":29}],"player_experience":512597,"relics_obtained":[{"floor":9.0,"key":"Happy Flower"},{"floor":10.0,"key":"Centennial Puzzle"},{"floor":12.0,"key":"War Paint"},{"floor":14.0,"key":"Nunchaku"},{"floor":24.0,"key":"Regal Pillow"},{"floor":26.0,"key":"PreservedInsect"},{"floor":28,"key":"Incense Burner"}],"event_choices":[{"damage_healed":0.0,"max_hp_gain":0.0,"max_hp_loss":0.0,"gold_gain":150.0,"event_name":"Liars Game","player_choice":"AGREE","floor":11.0,"gold_loss":0.0,"damage_taken":0.0,"cards_obtained":["Doubt"]},{"damage_healed":0.0,"max_hp_gain":0.0,"max_hp_loss":0.0,"gold_gain":0.0,"event_name":"Dead Adventurer","player_choice":"Searched \u00271\u0027 times","floor":14.0,"gold_loss":0.0,"damage_taken":0.0},{"damage_healed":0.0,"max_hp_gain":0.0,"max_hp_loss":0.0,"gold_gain":0.0,"event_name":"Masked Bandits","player_choice":"Paid Fearfully","floor":21.0,"gold_loss":39.0,"damage_taken":0.0},{"damage_healed":0.0,"max_hp_gain":0.0,"max_hp_loss":0.0,"gold_gain":0.0,"event_name":"WeMeetAgain","player_choice":"Ignored","floor":22.0,"gold_loss":0.0,"damage_taken":0.0},{"damage_healed":0,"gold_gain":0,"player_choice":"Ignored","damage_taken":0,"max_hp_gain":0,"max_hp_loss":0,"event_name":"Ghosts","floor":30,"gold_loss":0},{"cards_removed":["Strike_R"],"damage_healed":0,"gold_gain":0,"player_choice":"Gave Gold","damage_taken":0,"max_hp_gain":0,"max_hp_loss":0,"event_name":"Beggar","floor":31,"gold_loss":75}],"is_beta":false,"boss_relics":[{"not_picked":["Black Star","Snecko Eye"],"picked":"Astrolabe"}],"items_purged_floors":[2,13,20],"is_endless":false,"potions_floor_spawned":[3,4,5,14,24,28,29],"killed_by":"Champ","ascension_level":16}}