{"host":"daa8jqyg4gqfaysm","time":1608655772,"event":{"mods":["BaseMod","Colored Powertips","Minty Spire (QoL Compilation)","StSLib"],"gold_per_floor":[117,133,133,144,294,294,305,338,414,428,143,143,153,166,166,239,239,256,233,233,249,16,16,16,16],"floor_reached":24,"playtime":546,"items_purged":["Strike_B","Doubt"],"score":425,"play_id":"87853701-c827-4a97-8f9a-58058e1fdf22","local_time":"20201223004932","is_ascension_mode":true,"campfire_choices":[{"data":"Streamline","floor":6,"key":"SMITH"},{"data":"Gash","floor":12,"key":"SMITH"},{"floor":15,"key":"REST"},{"floor":23,"key":"REST"}],"circlet_count":0,"master_deck":["AscendersBane","Defend_B","Defend_B","Defend_B","Defend_B","Zap","Dualcast","Doom and Gloom","Coolheaded","Sweeping Beam","Streamline+1","Glacier","Rebound","Gash+1","Capacitor","Gash","Rip and Tear","Ball Lightning","Echo Form","Conserve Battery","Hologram","Bite","Bite","Bite","Bite","Bite","Compile Driver","Go for the Eyes"],"relics":["Cracked Core","NeowsBlessing","FossilizedHelix","Shuriken","Philosopher\u0027s Stone"],"acts_visited":["Exordium","TheCity"],"potions_floor_usage":[13,24],"damage_taken":[{"damage":0,"enemies":"2 Louse","floor":1,"turns":1},{"damage":0,"enemies":"Cultist","floor":2,"turns":1},{"damage":0,"enemies":"Jaw Worm","floor":4,"turns":1},{"damage":12,"enemies":"Blue Slaver","floor":7,"turns":4},{"damage":24,"enemies":"3 Sentries","floor":8,"turns":11},{"damage":0,"enemies":"3 Louse","floor":10,"turns":2},{"damage":15,"enemies":"Exordium Thugs","floor":13,"turns":3},{"damage":0,"enemies":"Looter","floor":14,"turns":2},{"damage":18,"enemies":"The Guardian","floor":16,"turns":11},{"damage":0,"enemies":"Spheric Guardian","floor":18,"turns":3},{"damage":26,"enemies":"2 Thieves","floor":19,"turns":4},{"damage":19,"enemies":"3 Cultists","floor":21,"turns":6},{"damage":53,"enemies":"Book of Stabbing","floor":24,"turns":5}],"seed_played":"-3387564872294257601","potions_obtained":[{"floor":2,"key":"Strength Potion"},{"floor":7,"key":"LiquidMemories"},{"floor":13,"key":"Weak Potion"}],"is_trial":false,"path_per_floor":["M","M","?","M","?","R","M","E","T","M","$","R","M","M","R","B",null,"M","M","?","M","$","R","E"],"character_chosen":"DEFECT","items_purchased":["Capacitor","Gash","Rip and Tear","Regen Potion","Go for the Eyes"],"campfire_rested":2,"item_purchase_floors":[11,11,11,22,22],"current_hp_per_floor":[64,64,64,64,64,64,52,28,28,28,28,28,13,13,34,16,57,57,31,31,24,24,38,0,0],"gold":16,"neow_bonus":"THREE_ENEMY_KILL","is_daily":false,"chose_seed":false,"campfire_upgraded":2,"win_rate":0.0,"timestamp":1608655772,"path_taken":["M","M","?","?","?","R","M","E","T","M","$","R","M","M","R","BOSS","M","M","?","M","$","R","E"],"items_purchased_type":["Card","Card","Card","Potion","Card"],"build_version":"2020-12-13","purchased_purges":2,"victory":false,"max_hp_per_floor":[71,71,71,71,71,71,71,71,71,71,71,71,71,71,71,71,71,71,71,49,49,49,49,49,49],"card_choices":[{"not_picked":["Go for the Eyes","Fusion"],"picked":"Doom and Gloom","floor":1},{"not_picked":["Double Energy","Beam Cell"],"picked":"Coolheaded","floor":2},{"not_picked":["Beam Cell","Auto Shields"],"picked":"Streamline","floor":4},{"not_picked":["Reinforced Body","Storm"],"picked":"Glacier","floor":7},{"not_picked":["Stack","Hologram"],"picked":"Rebound","floor":8},{"not_picked":["Stack","Double Energy"],"picked":"Gash","floor":10},{"not_picked":["Sweeping Beam","Go for the Eyes"],"picked":"Ball Lightning","floor":13},{"not_picked":["Rebound","Redo","Sweeping Beam"],"picked":"SKIP","floor":14},{"not_picked":["Meteor Strike","Multi-Cast"],"picked":"Echo Form","floor":16},{"not_picked":["Sweeping Beam","Static Discharge"],"picked":"Conserve Battery","floor":18},{"not_picked":["Leap","Conserve Battery"],"picked":"Hologram","floor":19},{"not_picked":["Streamline","Darkness"],"picked":"Compile Driver","floor":21}],"player_experience":720496,"relics_obtained":[{"floor":8,"key":"FossilizedHelix"},{"floor":9,"key":"Shuriken"}],"event_choices":[{"damage_healed":0,"gold_gain":0,"cards_transformed":["Strike_B"],"player_choice":"Transformed","damage_taken":0,"max_hp_gain":0,"max_hp_loss":0,"event_name":"Transmorgrifier","floor":3,"gold_loss":0,"cards_obtained":["Sweeping Beam"]},{"damage_healed":0,"gold_gain":150,"player_choice":"AGREE","damage_taken":0,"max_hp_gain":0,"max_hp_loss":0,"event_name":"Liars Game","floor":5,"gold_loss":0,"cards_obtained":["Doubt"]},{"damage_healed":0,"gold_gain":0,"player_choice":"Became a vampire","damage_taken":0,"max_hp_gain":0,"max_hp_loss":22,"event_name":"Vampires","floor":20,"gold_loss":0,"cards_obtained":["Bite","Bite","Bite","Bite","Bite"]}],"is_beta":false,"boss_relics":[{"not_picked":["Calling Bell","SlaversCollar"],"picked":"Philosopher\u0027s Stone"}],"items_purged_floors":[11,22],"is_endless":false,"potions_floor_spawned":[2,7,13,14,16],"killed_by":"Book of Stabbing","ascension_level":20}}