{"host":"sum4dy402bbv9y4o","time":1608669290,"event":{"mods":["Aspiration","BaseMod","Conspire","Highlight Path","Minty Spire (QoL Compilation)","StSLib"],"gold_per_floor":[112,4,4,24,39,39,64,64,64,84,84,95,121,153,165,253,265,291,38,38,38,57,57,83,100,123,135,166,182,182,82,82,156,156,169,44,44,44,58,58,73,73,98,113,113,113],"floor_reached":45,"playtime":1830,"items_purged":["Strike_P","Strike_P","Strike_P"],"score":1005,"play_id":"cf7d4efb-368f-4c77-9476-3adf878f4693","local_time":"20201222233450","is_ascension_mode":true,"campfire_choices":[{"data":"Eruption","floor":6,"key":"SMITH"},{"data":"TalkToTheHand","floor":8,"key":"SMITH"},{"data":"Wallop","floor":15,"key":"SMITH"},{"data":"ConjureBlade","floor":23,"key":"SMITH"},{"floor":32,"key":"REST"},{"data":"Madness","floor":40,"key":"SMITH"},{"data":"Madness","floor":42,"key":"SMITH"}],"circlet_count":0,"master_deck":["AscendersBane","Eruption+1","Vigilance","Swift Strike","Wallop+1","EmptyFist","Meditate","Evaluate","TalkToTheHand+1","Perseverance","Adaptation","FlurryOfBlows","FlurryOfBlows","ConjureBlade+1","LikeWater","MentalFortress","BowlingBash","WheelKick","FlurryOfBlows","EmptyFist","Protect","Tantrum+1","FollowUp+1","TalkToTheHand+1","FlurryOfBlows","Crippling Poison","Defend_G","Blur","Madness+1","Madness+1"],"relics":["PureWater","aspiration:HummingbirdHeart","GoldenEye","MawBank","conspire:SpecialSausage","Toy Ornithopter","MealTicket","Juzu Bracelet","aspiration:SecretTechniqueScroll","Potion Belt"],"acts_visited":["Exordium","TheCity","TheBeyond"],"potions_floor_usage":[7,7,16,16,24,24,33,33,33,33,45],"damage_taken":[{"damage":2,"enemies":"Cultist","floor":1,"turns":3},{"damage":0,"enemies":"Jaw Worm","floor":4,"turns":3},{"damage":2,"enemies":"conspire:RoseBush","floor":5,"turns":3},{"damage":0,"enemies":"3 Sentries","floor":7,"turns":6},{"damage":0,"enemies":"3 Louse","floor":10,"turns":2},{"damage":4,"enemies":"Exordium Thugs","floor":12,"turns":4},{"damage":14,"enemies":"Lagavulin","floor":13,"turns":5},{"damage":0,"enemies":"2 Fungi Beasts","floor":14,"turns":3},{"damage":12,"enemies":"Hexaghost","floor":16,"turns":7},{"damage":10,"enemies":"Shell Parasite","floor":18,"turns":5},{"damage":2,"enemies":"2 Thieves","floor":22,"turns":3},{"damage":3,"enemies":"conspire:Head Lice","floor":24,"turns":7},{"damage":7,"enemies":"Shelled Parasite and Fungi","floor":25,"turns":5},{"damage":0,"enemies":"Centurion and Healer","floor":27,"turns":5},{"damage":10,"enemies":"Slavers","floor":28,"turns":3},{"damage":7,"enemies":"Snake Plant","floor":29,"turns":4},{"damage":2,"enemies":"conspire:MysteriousRune","floor":33,"turns":8},{"damage":2,"enemies":"3 Shapes","floor":35,"turns":2},{"damage":0,"enemies":"3 Darklings","floor":39,"turns":4},{"damage":4,"enemies":"Jaw Worm Horde","floor":41,"turns":4},{"damage":32,"enemies":"Transient","floor":44,"turns":6},{"damage":25,"enemies":"Reptomancer","floor":45,"turns":2}],"seed_played":"2656141607813232927","potions_obtained":[{"floor":1,"key":"EssenceOfSteel"},{"floor":13,"key":"Regen Potion"},{"floor":14,"key":"ColorlessPotion"},{"floor":18,"key":"AttackPotion"},{"floor":25,"key":"FearPotion"},{"floor":29,"key":"EntropicBrew"},{"floor":44,"key":"Swift Potion"}],"is_trial":false,"path_per_floor":["M","$","?","M","M","R","E","R","T","M","?","M","E","M","R","B",null,"M","$","?","?","M","R","E","M","T","M","E","M","?","$","R","B",null,"M","$","?","?","M","R","M","R","T","M","E"],"character_chosen":"WATCHER","items_purchased":["EmptyFist","BlessingOfTheForge","AttackPotion","MentalFortress","BowlingBash"],"campfire_rested":1,"item_purchase_floors":[2,2,19,19,19],"current_hp_per_floor":[59,59,59,59,57,57,57,57,57,57,57,53,39,39,39,42,62,52,52,52,52,50,50,47,40,40,40,30,23,23,38,58,66,68,66,68,68,56,56,56,52,52,52,20,0,0],"gold":113,"neow_bonus":"RANDOM_COLORLESS","is_daily":false,"chose_seed":false,"campfire_upgraded":6,"win_rate":0.0,"timestamp":1608669290,"path_taken":["M","$","?","M","M","R","E","R","T","M","?","M","E","M","R","BOSS","M","$","?","?","M","R","E","M","T","M","E","M","?","$","R","BOSS","M","$","?","?","M","R","M","R","T","M","E"],"items_purchased_type":["Card","Potion","Potion","Card","Card"],"build_version":"2020-12-13","purchased_purges":3,"victory":false,"max_hp_per_floor":[68,68,68,68,68,68,68,68,68,68,68,68,68,68,68,68,68,68,68,68,68,68,68,68,68,68,68,68,68,68,68,68,68,68,68,68,68,68,68,68,68,68,68,68,68,68],"card_choices":[{"not_picked":["conspire:Banana","Enlightenment"],"picked":"Swift Strike","floor":0},{"not_picked":["CarveReality","FlurryOfBlows"],"picked":"Wallop","floor":1},{"not_picked":["Wireheading","Collect"],"picked":"Meditate","floor":4},{"not_picked":["ThirdEye","Prostrate"],"picked":"Evaluate","floor":5},{"not_picked":["Protect","EmptyFist"],"picked":"TalkToTheHand","floor":7},{"not_picked":["SashWhip","Collect"],"picked":"Perseverance","floor":10},{"not_picked":["Conclude","CutThroughFate"],"picked":"Adaptation","floor":12},{"not_picked":["Evaluate","Protect"],"picked":"FlurryOfBlows","floor":13},{"not_picked":["PathToVictory","Prostrate"],"picked":"FlurryOfBlows","floor":14},{"not_picked":["Alpha","Ragnarok"],"picked":"ConjureBlade","floor":16},{"not_picked":["PathToVictory","EmptyFist+1"],"picked":"LikeWater","floor":18},{"not_picked":["ReachHeaven","JustLucky"],"picked":"FlurryOfBlows","floor":22},{"not_picked":["SashWhip","PathToVictory","CrushJoints"],"picked":"SKIP","floor":24},{"not_picked":["ForeignInfluence","CrushJoints"],"picked":"EmptyFist","floor":25},{"not_picked":["Adaptation","Wireheading+1"],"picked":"Protect","floor":27},{"not_picked":["SignatureMove","Crescendo"],"picked":"Tantrum+1","floor":28},{"not_picked":["PathToVictory","BowlingBash+1"],"picked":"FollowUp+1","floor":29},{"not_picked":["ThirdEye","ClearTheMind"],"picked":"FlurryOfBlows","floor":35},{"not_picked":["WindmillStrike","Sanctity","FlurryOfBlows"],"picked":"SKIP","floor":39},{"not_picked":["MentalFortress","FlyingSleeves","Protect"],"picked":"SKIP","floor":41},{"not_picked":["BowlingBash","Study","Fasting2+1"],"picked":"SKIP","floor":44}],"player_experience":2829876,"relics_obtained":[{"floor":7,"key":"aspiration:HummingbirdHeart"},{"floor":9,"key":"GoldenEye"},{"floor":13,"key":"MawBank"},{"floor":24,"key":"Toy Ornithopter"},{"floor":26,"key":"MealTicket"},{"floor":28,"key":"Juzu Bracelet"},{"floor":43,"key":"Potion Belt"}],"event_choices":[{"cards_removed":["Defend_P"],"damage_healed":0,"gold_gain":0,"player_choice":"Purged","damage_taken":0,"max_hp_gain":0,"max_hp_loss":0,"event_name":"Purifier","floor":11,"gold_loss":0},{"damage_healed":0,"gold_gain":0,"player_choice":"Ignored","damage_taken":0,"max_hp_gain":0,"max_hp_loss":0,"event_name":"The Mausoleum","floor":20,"gold_loss":0},{"damage_healed":0,"gold_gain":0,"cards_transformed":["Strike_P","Defend_P"],"player_choice":"Became Test Subject","damage_taken":0,"max_hp_gain":0,"max_hp_loss":0,"event_name":"Drug Dealer","floor":21,"gold_loss":0,"cards_obtained":["WheelKick","Omniscience"]},{"damage_healed":0,"gold_gain":0,"player_choice":"Copied","damage_taken":0,"max_hp_gain":0,"max_hp_loss":0,"event_name":"Duplicator","floor":30,"gold_loss":0,"cards_obtained":["TalkToTheHand"]},{"damage_healed":0,"gold_gain":0,"player_choice":"Embrace Madness","damage_taken":12,"max_hp_gain":0,"max_hp_loss":0,"event_name":"Winding Halls","floor":38,"gold_loss":0,"cards_obtained":["Madness","Madness"]}],"is_beta":false,"boss_relics":[{"not_picked":["Ectoplasm","aspiration:RitualDagger"],"picked":"conspire:SpecialSausage"},{"not_picked":["aspiration:FutureDiary","HolyWater"],"picked":"aspiration:SecretTechniqueScroll"}],"items_purged_floors":[19,31,36],"is_endless":false,"potions_floor_spawned":[1,5,13,14,18,22,25,29,44],"killed_by":"Reptomancer","ascension_level":20}}