{"host":"bg8va46pgqgvtzim","time":1608643058,"event":{"mods":["BaseMod","Minty Spire (QoL Compilation)","Quick Restart","StSLib","SuperFastMode"],"gold_per_floor":[113,113,131,131,149,149,194,226,226,226,226],"floor_reached":10,"playtime":159,"items_purged":[],"score":71,"play_id":"a55046be-1a5a-4d8e-8869-385a828325b8","local_time":"20201222211738","is_ascension_mode":true,"campfire_choices":[{"data":"Eruption","floor":6.0,"key":"SMITH"}],"circlet_count":0,"master_deck":["Strike_P","Strike_P","Strike_P","Strike_P","Defend_P","Defend_P","Defend_P","Defend_P","Eruption+1","Vigilance","Madness","Tantrum","MentalFortress","DevaForm","BowlingBash"],"relics":["PureWater","Golden Idol","CeramicFish","Blood Vial"],"acts_visited":["Exordium"],"potions_floor_usage":[],"damage_taken":[{"damage":0.0,"enemies":"2 Louse","floor":1.0,"turns":2.0},{"damage":1.0,"enemies":"Jaw Worm","floor":3.0,"turns":6.0},{"damage":0.0,"enemies":"Small Slimes","floor":5.0,"turns":5.0},{"damage":37.0,"enemies":"3 Sentries","floor":7.0,"turns":11.0},{"damage":14.0,"enemies":"Blue Slaver","floor":8.0,"turns":4.0},{"damage":38,"enemies":"Gremlin Nob","floor":10,"turns":3}],"seed_played":"2714929882184299046","potions_obtained":[{"floor":7.0,"key":"Energy Potion"}],"is_trial":false,"path_per_floor":["M","?","M","?","M","R","E","M","T","E"],"character_chosen":"WATCHER","items_purchased":[],"campfire_rested":0,"item_purchase_floors":[],"current_hp_per_floor":[72,77,76,57,57,57,20,6,6,0,0],"gold":226,"neow_bonus":"RANDOM_COLORLESS","is_daily":false,"chose_seed":false,"campfire_upgraded":1,"win_rate":0.0,"timestamp":1608643058,"path_taken":["M","?","M","?","M","R","E","M","T","E"],"items_purchased_type":[],"build_version":"2020-12-13","purchased_purges":0,"victory":false,"max_hp_per_floor":[72,77,77,77,77,77,77,77,77,77,77],"card_choices":[{"not_picked":["Impatience","Forethought"],"picked":"Madness","floor":0.0},{"not_picked":["Weave","JustLucky","Evaluate"],"picked":"SKIP","floor":1.0},{"not_picked":["EmptyFist","FlyingSleeves"],"picked":"Tantrum","floor":3.0},{"not_picked":["FollowUp","Crescendo"],"picked":"MentalFortress","floor":5.0},{"not_picked":["CutThroughFate","Scrawl"],"picked":"DevaForm","floor":7.0},{"not_picked":["FlyingSleeves","EmptyBody"],"picked":"BowlingBash","floor":8.0}],"player_experience":2133658,"relics_obtained":[{"floor":7.0,"key":"CeramicFish"},{"floor":9.0,"key":"Blood Vial"}],"event_choices":[{"damage_healed":0.0,"max_hp_gain":5.0,"max_hp_loss":0.0,"gold_gain":0.0,"event_name":"Big Fish","player_choice":"Donut","floor":2.0,"gold_loss":0.0,"damage_taken":0.0},{"damage_healed":0.0,"max_hp_gain":0.0,"max_hp_loss":0.0,"gold_gain":0.0,"event_name":"Golden Idol","player_choice":"Take Damage","floor":4.0,"gold_loss":0.0,"damage_taken":19.0,"relics_obtained":["Golden Idol"]}],"is_beta":false,"boss_relics":[],"items_purged_floors":[],"is_endless":false,"potions_floor_spawned":[7],"killed_by":"Gremlin Nob","ascension_level":1}}