{"host":"a61r67bv2jut9r88","time":1608608337,"event":{"mods":["AchievementEnabler","BaseMod","Downfall","Marisa£®ÏF”Í°°ƒß¿Ì…≥£©","Minty Spire (QoL Compilation)","Replay The Spire","Shop Mod","StSLib","SuperFastMode","The Bug Knight","The Cursed","The Servant 0.9.4"],"gold_per_floor":[112,59,71,21,21,54,54,54,54,65,65,92,92,92,109,124,124,124,124],"floor_reached":18,"playtime":546,"items_purged":[],"score":110,"play_id":"a3b32c79-bcda-423b-9bee-fc62a199ccc2","local_time":"20201222113857","is_ascension_mode":false,"campfire_choices":[{"floor":7,"key":"REST"},{"data":"Ricochet","floor":13,"key":"SMITH"},{"floor":17,"key":"REST"}],"circlet_count":0,"master_deck":["Strike_S","Strike_S","Strike_S","Defend_S","Defend_S","Defend_S","KidneyShot","Exchange","Spin","ShatteredReality","Ricochet+1","Defy"],"relics":["Uniform","ReplayTheSpireMod:TigerMarble","Turnip","Mirror","ReplayTheSpireMod:Lightbulb","GremlinMask"],"acts_visited":["Exordium"],"potions_floor_usage":[6,15,18],"damage_taken":[{"damage":9,"enemies":"Small Slimes","floor":1,"turns":4},{"damage":5,"enemies":"Jaw Worm","floor":3,"turns":3},{"damage":21,"enemies":"Gremlin Nob","floor":6,"turns":4},{"damage":0,"enemies":"2 Louse","floor":10,"turns":1},{"damage":0,"enemies":"Lots of Slimes","floor":15,"turns":2},{"damage":0,"enemies":"3 Louse","floor":16,"turns":1},{"damage":77,"enemies":"Slime Boss","floor":18,"turns":9}],"seed_played":"1855047342923438493","potions_obtained":[{"floor":3,"key":"Explosive Potion"},{"floor":6,"key":"Fruit Juice"},{"floor":15,"key":"Venom Potion"}],"is_trial":false,"path_per_floor":["M","$","M","?","?","E","R","PTL","PTL","M","T","T","R","?","M","M","R","B"],"character_chosen":"THE_SERVANT","items_purchased":["Spin"],"campfire_rested":2,"item_purchase_floors":[2],"current_hp_per_floor":[56,56,51,51,51,30,49,49,49,49,49,49,49,49,54,54,70,0,0],"gold":124,"neow_bonus":"RANDOM_COMMON_RELIC","is_daily":false,"chose_seed":false,"campfire_upgraded":1,"win_rate":0.0,"timestamp":1608608337,"path_taken":["M","$","M","?","?","E","R","PTL","PTL","M","T","?","R","?","M","M","R","BOSS"],"items_purchased_type":["Card"],"build_version":"2020-12-13","purchased_purges":0,"victory":false,"max_hp_per_floor":[65,65,65,65,65,65,65,65,65,65,65,65,65,65,70,70,70,70,70],"card_choices":[{"not_picked":["Revamp","MoonPhase","Read"],"picked":"SKIP","floor":1},{"not_picked":["Spin","Rearm"],"picked":"ShatteredReality","floor":3},{"not_picked":["Starlight","Alleviate","Reset"],"picked":"SKIP","floor":6},{"not_picked":["Rewind","BottledTime"],"picked":"Ricochet","floor":10},{"not_picked":["ShiftingGears","Replace","ReturningBlade"],"picked":"SKIP","floor":15},{"not_picked":["Starlight","RealityMarble"],"picked":"Defy","floor":16}],"player_experience":413974,"relics_obtained":[{"floor":6,"key":"Turnip"},{"floor":11,"key":"Mirror"},{"floor":12,"key":"ReplayTheSpireMod:Lightbulb"}],"event_choices":[{"cards_removed":["Strike_S"],"damage_healed":0,"gold_gain":0,"player_choice":"Card Removal","damage_taken":0,"max_hp_gain":0,"max_hp_loss":0,"event_name":"The Cleric","floor":4,"gold_loss":50},{"cards_removed":["Defend_S"],"damage_healed":0,"gold_gain":0,"player_choice":"Forget","damage_taken":0,"max_hp_gain":0,"max_hp_loss":0,"event_name":"Living Wall","floor":5,"gold_loss":0},{"damage_healed":0,"gold_gain":0,"player_choice":"Trade","damage_taken":0,"relics_obtained":["GremlinMask"],"max_hp_gain":0,"max_hp_loss":0,"event_name":"FaceTrader","floor":14,"gold_loss":0}],"is_beta":false,"boss_relics":[],"items_purged_floors":[],"is_endless":false,"potions_floor_spawned":[3,6,15],"killed_by":"Slime Boss","ascension_level":0}}