{"host":"6gwm7y0tp7acoxay","time":1608641773,"event":{"mods":["BaseMod","Colored Map","Keyboard Shortcuts","Minty Spire (QoL Compilation)","Quick Restart","StSLib","SuperFastMode","everything is the same but u backflip on backflip"],"gold_per_floor":[410,69,83,101,176,176,203,233,233,261,296,296,321,331,331,403,403,417,437,111,111,111,139,166,200,200,229,262,274,316,358,370,461,473,501,538,60,111,128,160,460,489,541,570,599,499,532,552,552,552,552,552,552,150,177,177],"floor_reached":57,"playtime":2832,"items_purged":["Spot Weakness","Pommel Strike"],"score":4036,"play_id":"5f2b4a6f-2a56-4a24-b3ab-88e94f216bb7","local_time":"20201222215613","daily_mods":["SealedDeck","Heirloom","Flight"],"is_ascension_mode":true,"campfire_choices":[{"data":"Armaments","floor":6.0,"key":"SMITH"},{"data":"Battle Trance","floor":15.0,"key":"SMITH"},{"floor":29.0,"key":"RECALL"},{"data":"Feel No Pain","floor":32.0,"key":"SMITH"},{"floor":49.0,"key":"DIG"},{"data":"Entrench","floor":53.0,"key":"SMITH"}],"circlet_count":0,"master_deck":["AscendersBane","True Grit","Ghostly Armor+1","Body Slam+1","Entrench+1","Disarm+1","Battle Trance+1","Armaments+1","Flame Barrier","Feel No Pain+1","Power Through","Uppercut","Impervious","Immolate+1","Shrug It Off+1","Whirlwind+1","Fiend Fire+1","Exhume","Impervious","Burning Pact+1","Second Wind","Evolve+1"],"relics":["Burning Blood","Old Coin","HornCleat","Self Forming Clay","Prayer Wheel","Ornamental Fan","Molten Egg 2","Bag of Preparation","SlaversCollar","War Paint","Paper Frog","Frozen Egg 2","Toy Ornithopter","Gremlin Horn","Lizard Tail","MawBank","Nunchaku","Regal Pillow","Coffee Dripper","CaptainsWheel","Lantern","Ice Cream","Champion Belt","Dead Branch","Shovel","Boot","Pen Nib","Mercury Hourglass","Smiling Mask","Vajra","Medical Kit","Art of War","Kunai"],"acts_visited":["Exordium","TheCity","TheBeyond","TheEnding"],"potions_floor_usage":[56,56],"damage_taken":[{"damage":0.0,"enemies":"Cultist","floor":1.0,"turns":3.0},{"damage":0.0,"enemies":"2 Louse","floor":3.0,"turns":2.0},{"damage":2.0,"enemies":"Jaw Worm","floor":4.0,"turns":3.0},{"damage":6.0,"enemies":"Lagavulin","floor":7.0,"turns":10.0},{"damage":21.0,"enemies":"Gremlin Nob","floor":8.0,"turns":5.0},{"damage":1.0,"enemies":"3 Sentries","floor":10.0,"turns":12.0},{"damage":8.0,"enemies":"Lagavulin","floor":11.0,"turns":11.0},{"damage":20.0,"enemies":"Gremlin Nob","floor":13.0,"turns":4.0},{"damage":0.0,"enemies":"Gremlin Gang","floor":14.0,"turns":5.0},{"damage":0.0,"enemies":"Hexaghost","floor":16.0,"turns":8.0},{"damage":0.0,"enemies":"Spheric Guardian","floor":18.0,"turns":3.0},{"damage":0.0,"enemies":"3 Byrds","floor":19.0,"turns":5.0},{"damage":11.0,"enemies":"Slavers","floor":23.0,"turns":3.0},{"damage":0.0,"enemies":"Book of Stabbing","floor":24.0,"turns":6.0},{"damage":0.0,"enemies":"Gremlin Leader","floor":25.0,"turns":6.0},{"damage":0.0,"enemies":"Book of Stabbing","floor":27.0,"turns":6.0},{"damage":0.0,"enemies":"Slavers","floor":28.0,"turns":4.0},{"damage":0.0,"enemies":"Gremlin Leader","floor":30.0,"turns":3.0},{"damage":0.0,"enemies":"Book of Stabbing","floor":31.0,"turns":6.0},{"damage":9.0,"enemies":"Collector","floor":33.0,"turns":10.0},{"damage":0.0,"enemies":"3 Shapes","floor":35.0,"turns":4.0},{"damage":0.0,"enemies":"Mind Bloom Boss Battle","floor":36.0,"turns":5.0},{"damage":27.0,"enemies":"2 Orb Walkers","floor":38.0,"turns":6.0},{"damage":0.0,"enemies":"3 Darklings","floor":39.0,"turns":3.0},{"damage":0.0,"enemies":"Giant Head","floor":40.0,"turns":6.0},{"damage":0.0,"enemies":"Nemesis","floor":42.0,"turns":7.0},{"damage":0.0,"enemies":"Reptomancer","floor":44.0,"turns":4.0},{"damage":6.0,"enemies":"Nemesis","floor":45.0,"turns":1.0},{"damage":0.0,"enemies":"Giant Head","floor":47.0,"turns":3.0},{"damage":0.0,"enemies":"Sphere and 2 Shapes","floor":48.0,"turns":6.0},{"damage":0.0,"enemies":"Donu and Deca","floor":50.0,"turns":11.0},{"damage":3.0,"enemies":"Time Eater","floor":51.0,"turns":10.0},{"damage":0.0,"enemies":"Shield and Spear","floor":55.0,"turns":3.0},{"damage":54,"enemies":"The Heart","floor":56,"turns":9}],"seed_played":"-968705708269998763","potions_obtained":[{"floor":3.0,"key":"Ancient Potion"},{"floor":4.0,"key":"SneckoOil"},{"floor":14.0,"key":"Weak Potion"},{"floor":24.0,"key":"AttackPotion"},{"floor":28.0,"key":"EntropicBrew"},{"floor":39.0,"key":"BloodPotion"}],"is_trial":true,"path_per_floor":["M","$","M","M","?","R","E","E","T","E","E","?","E","M","R","B",null,"M","M","$","?","?","E","E","E","T","E","E","R","E","E","R","B",null,"M","?","$","?","M","E","?","E","T","E","E","$","E","M","R","B","B",null,"R","$","E","B",null],"character_chosen":"IRONCLAD","items_purchased":["Feel No Pain","HornCleat","War Paint","Whirlwind+1","Lantern","Ice Cream","Evolve+1","Medical Kit","Art of War"],"campfire_rested":0,"item_purchase_floors":[2,2,20,20,37,37,54,54,54],"current_hp_per_floor":[74,74,75,75,64,64,64,49,49,54,52,52,38,44,44,50,69,75,75,75,75,75,70,75,75,75,75,75,75,75,75,75,72,74,75,75,75,54,60,66,66,72,72,75,75,75,75,75,75,75,75,75,75,75,75,49],"gold":177,"neow_bonus":"","is_daily":false,"chose_seed":false,"campfire_upgraded":4,"win_rate":0.0,"timestamp":1608641773,"path_taken":["M","$","?","M","?","R","E","E","T","E","E","?","E","?","R","BOSS","M","?","$","?","?","E","E","E","T","E","E","R","E","E","R","BOSS","M","?","$","?","?","E","?","E","T","E","E","$","E","M","R","BOSS","BOSS","R","$","E","BOSS"],"items_purchased_type":["Card","Relic","Relic","Card","Relic","Relic","Card","Relic","Relic"],"build_version":"2020-12-13","purchased_purges":2,"victory":true,"max_hp_per_floor":[75,75,75,75,75,75,75,75,75,75,75,75,75,75,75,75,75,75,75,75,75,75,75,75,75,75,75,75,75,75,75,75,75,75,75,75,75,75,75,75,75,75,75,75,75,75,75,75,75,75,75,75,75,75,75,75],"card_choices":[{"not_picked":["Intimidate","Disarm"],"picked":"Flame Barrier","floor":1.0},{"not_picked":["Perfected Strike","Cleave","Armaments"],"picked":"SKIP","floor":3.0},{"not_picked":["Perfected Strike","Rage"],"picked":"Power Through","floor":4.0},{"not_picked":["Power Through","Flex"],"picked":"Uppercut","floor":7.0},{"not_picked":["Brutality","Dark Embrace","Warcry"],"picked":"SKIP","floor":8.0},{"not_picked":["Entrench","Clothesline","Flex"],"picked":"SKIP","floor":10.0},{"not_picked":["Blood for Blood+1","Iron Wave+1"],"picked":"Impervious","floor":11.0},{"not_picked":["Flex","Battle Trance","Reckless Charge+1"],"picked":"SKIP","floor":13.0},{"not_picked":["Clash+1","Metallicize","Thunderclap+1"],"picked":"SKIP","floor":14.0},{"not_picked":["Flex","Metallicize","Armaments"],"picked":"SKIP","floor":14.0},{"not_picked":["Berserk","Brutality"],"picked":"Immolate+1","floor":16.0},{"not_picked":["Perfected Strike+1","Iron Wave+1","Dropkick+1"],"picked":"SKIP","floor":18.0},{"not_picked":["Power Through","Dual Wield","Burning Pact"],"picked":"SKIP","floor":18.0},{"not_picked":["Perfected Strike+1","Sword Boomerang+1"],"picked":"Shrug It Off+1","floor":19.0},{"not_picked":["Headbutt+1","Entrench","Armaments"],"picked":"SKIP","floor":19.0},{"not_picked":["Infernal Blade","Ghostly Armor","Perfected Strike+1"],"picked":"SKIP","floor":23.0},{"not_picked":["Searing Blow+1","Warcry","Iron Wave+1"],"picked":"SKIP","floor":24.0},{"not_picked":["Sever Soul+1","Entrench","Shrug It Off"],"picked":"SKIP","floor":25.0},{"not_picked":["Havoc+1","Twin Strike+1","Perfected Strike+1"],"picked":"SKIP","floor":27.0},{"not_picked":["Sever Soul+1","Reckless Charge+1"],"picked":"Fiend Fire+1","floor":28.0},{"not_picked":["Cleave+1","Rampage+1","Pommel Strike+1"],"picked":"SKIP","floor":30.0},{"not_picked":["Cleave+1","Spot Weakness"],"picked":"Exhume","floor":31.0},{"not_picked":["Feed+1","Demon Form+1"],"picked":"Impervious","floor":33.0},{"not_picked":["Armaments","Perfected Strike+1","Whirlwind+1"],"picked":"SKIP","floor":35.0},{"not_picked":["Seeing Red","Intimidate","Bloodletting"],"picked":"SKIP","floor":35.0},{"not_picked":["Body Slam+1","Metallicize+1","Headbutt+1"],"picked":"SKIP","floor":39.0},{"not_picked":["Rampage+1","Rupture+1","Metallicize+1"],"picked":"SKIP","floor":39.0},{"not_picked":["Iron Wave+1","Infernal Blade"],"picked":"Burning Pact+1","floor":40.0},{"not_picked":["True Grit","Limit Break","Sword Boomerang+1"],"picked":"SKIP","floor":42.0},{"not_picked":["Pummel+1","Headbutt+1","Ghostly Armor"],"picked":"SKIP","floor":44.0},{"not_picked":["Shrug It Off","Flex","Wild Strike+1"],"picked":"SKIP","floor":45.0},{"not_picked":["Berserk+1","True Grit"],"picked":"Second Wind","floor":47.0},{"not_picked":["Armaments","Flex","Iron Wave+1"],"picked":"SKIP","floor":48.0},{"not_picked":["Second Wind","Sword Boomerang+1","Rampage+1"],"picked":"SKIP","floor":48.0},{"not_picked":["Anger+1","Wild Strike+1","Inflame+1"],"picked":"SKIP","floor":55.0}],"player_experience":4306299,"relics_obtained":[{"floor":7.0,"key":"Self Forming Clay"},{"floor":8.0,"key":"Prayer Wheel"},{"floor":10.0,"key":"Ornamental Fan"},{"floor":11.0,"key":"Molten Egg 2"},{"floor":13.0,"key":"Bag of Preparation"},{"floor":23.0,"key":"Paper Frog"},{"floor":24.0,"key":"Frozen Egg 2"},{"floor":25.0,"key":"Toy Ornithopter"},{"floor":26.0,"key":"Gremlin Horn"},{"floor":27.0,"key":"Lizard Tail"},{"floor":28.0,"key":"MawBank"},{"floor":30.0,"key":"Nunchaku"},{"floor":31.0,"key":"Regal Pillow"},{"floor":36.0,"key":"CaptainsWheel"},{"floor":38.0,"key":"Champion Belt"},{"floor":40.0,"key":"Dead Branch"},{"floor":42.0,"key":"Shovel"},{"floor":43.0,"key":"Boot"},{"floor":44.0,"key":"Pen Nib"},{"floor":45.0,"key":"Mercury Hourglass"},{"floor":47.0,"key":"Smiling Mask"},{"floor":49.0,"key":"Vajra"},{"floor":55.0,"key":"Kunai"}],"event_choices":[{"damage_healed":0.0,"max_hp_gain":0.0,"max_hp_loss":0.0,"gold_gain":75.0,"event_name":"World of Goop","player_choice":"Gather Gold","floor":5.0,"gold_loss":0.0,"damage_taken":11.0},{"damage_healed":0.0,"max_hp_gain":0.0,"max_hp_loss":0.0,"gold_gain":0.0,"event_name":"Living Wall","player_choice":"Grow","floor":12.0,"gold_loss":0.0,"damage_taken":0.0,"cards_upgraded":["Body Slam"]},{"damage_healed":0.0,"max_hp_gain":0.0,"max_hp_loss":0.0,"gold_gain":0.0,"event_name":"Ghosts","player_choice":"Ignored","floor":21.0,"gold_loss":0.0,"damage_taken":0.0},{"cards_removed":["Infernal Blade"],"damage_healed":0.0,"max_hp_gain":0.0,"max_hp_loss":0.0,"gold_gain":0.0,"event_name":"Bonfire Elementals","player_choice":"Offered Uncommon","floor":22.0,"gold_loss":0.0,"damage_taken":0.0},{"damage_healed":0.0,"max_hp_gain":0.0,"max_hp_loss":0.0,"gold_gain":0.0,"event_name":"MindBloom","player_choice":"Fight","floor":36.0,"gold_loss":0.0,"damage_taken":0.0},{"damage_healed":0.0,"max_hp_gain":0.0,"max_hp_loss":0.0,"gold_gain":0.0,"event_name":"Mysterious Sphere","player_choice":"Fight","floor":38.0,"gold_loss":0.0,"damage_taken":0.0},{"damage_healed":0.0,"max_hp_gain":0.0,"max_hp_loss":0.0,"gold_gain":300.0,"event_name":"Wheel of Change","player_choice":"Gold","floor":41.0,"gold_loss":0.0,"damage_taken":0.0}],"is_beta":false,"boss_relics":[{"not_picked":["Runic Cube","Mark of Pain"],"picked":"SlaversCollar"},{"not_picked":["Black Blood","Astrolabe"],"picked":"Coffee Dripper"}],"items_purged_floors":[20,46],"is_endless":false,"potions_floor_spawned":[3,4,8,13,14,19,24,27,28,30,39,44,47,48],"ascension_level":20}}