{"host":"gh0nmty43e3htft0","time":1608612966,"event":{"mods":["BaseMod","Colored Powertips","Minty Spire (QoL Compilation)","StSLib","The Animator"],"gold_per_floor":[116,12,312,337,287,313,313,31,31,31,31,54,70,97,97,195,195,206,206,191,9,21,21,21],"floor_reached":23,"playtime":1774,"items_purged":[],"score":191,"play_id":"a329d95d-4bfe-480f-aac6-ffe22610cdd9","local_time":"20201221235606","is_ascension_mode":false,"campfire_choices":[{"floor":7,"key":"REST"},{"data":"animator:Alexander","floor":11,"key":"SMITH"},{"floor":15,"key":"REST"}],"circlet_count":0,"master_deck":["animator:Strike_Katanagatari","animator:Defend_Katanagatari","animator:Strike","animator:Strike","animator:Defend","animator:Defend","animator:Defend","animator:Azekura","animator:Emonzaemon+1","animator:Alexander+1","animator:Konayuki","animator:ElricAlphonse","animator:LeleiLaLalena","animator:Assassin","animator:HououinKyouma+1","animator:IchigoKurosaki","animator:Togame","animator:Bozes","animator:YaoHaDucy","animator:Biyorigo","CurseOfTheBell","animator:Togame","animator:Emonzaemon","animator:HarukoHaruhara","animator:ElricAlphonse+1"],"relics":["animator:LivingPicture","animator:TheMissingPiece","Old Coin","Bottled Flame","Art of War","Calling Bell","Orichalcum","Thread and Needle","animator:OldCoffin"],"acts_visited":["Exordium","TheCity"],"potions_floor_usage":[16,20,23],"damage_taken":[{"damage":7,"enemies":"2 Louse","floor":1,"turns":2},{"damage":7,"enemies":"Small Slimes","floor":4,"turns":4},{"damage":26,"enemies":"Gremlin Nob","floor":6,"turns":5},{"damage":3,"enemies":"Jaw Worm","floor":12,"turns":4},{"damage":16,"enemies":"Looter","floor":13,"turns":3},{"damage":8,"enemies":"Blue Slaver","floor":14,"turns":4},{"damage":29,"enemies":"Hexaghost","floor":16,"turns":11},{"damage":23,"enemies":"Spheric Guardian","floor":18,"turns":6},{"damage":20,"enemies":"2 Thieves","floor":20,"turns":4},{"damage":26,"enemies":"Snecko","floor":22,"turns":7},{"damage":25,"enemies":"Gremlin Leader","floor":23,"turns":2}],"seed_played":"3225557366730061892","potions_obtained":[{"floor":6,"key":"FearPotion"},{"floor":16,"key":"DistilledChaos"},{"floor":18,"key":"FairyPotion"},{"floor":22,"key":"LiquidBronze"}],"is_trial":false,"path_per_floor":["M","$","?","M","?","E","R","$","T","?","R","M","M","M","R","B",null,"M","?","M","$","M","E"],"character_chosen":"THE_ANIMATOR","items_purchased":["animator:Konayuki","animator:ElricAlphonse","animator:HououinKyouma","animator:IchigoKurosaki","animator:HarukoHaruhara"],"campfire_rested":2,"item_purchase_floors":[2,2,8,8,21],"current_hp_per_floor":[59,59,59,52,52,26,45,45,45,45,45,42,27,19,39,11,68,45,45,25,25,20,0,0],"gold":21,"neow_bonus":"UPGRADE_CARD","is_daily":false,"chose_seed":false,"campfire_upgraded":1,"win_rate":0.0,"timestamp":1608612966,"path_taken":["M","$","?","M","?","E","R","$","T","?","R","M","M","M","R","BOSS","M","?","M","$","M","E"],"items_purchased_type":["Card","Card","Card","Card","Card"],"build_version":"2020-12-13","purchased_purges":0,"victory":false,"max_hp_per_floor":[66,66,66,66,66,66,66,66,66,66,66,66,67,67,67,68,68,68,68,68,68,68,68,68],"card_choices":[{"not_picked":["animator:Raven","animator:Chung"],"picked":"animator:Alexander","floor":1},{"not_picked":["animator:RinTohsaka","animator:Benimaru"],"picked":"animator:LeleiLaLalena","floor":4},{"not_picked":["animator:SayakaMiki","animator:Sloth"],"picked":"animator:Assassin","floor":6},{"not_picked":["animator:Konayuki","animator:Hitei"],"picked":"animator:Togame","floor":12},{"not_picked":["animator:Raven","animator:SayakaMiki"],"picked":"animator:Bozes","floor":13},{"not_picked":["animator:Millim","animator:Raven"],"picked":"animator:YaoHaDucy","floor":14},{"not_picked":["animator:Envy","animator:Greed"],"picked":"animator:Biyorigo","floor":16},{"not_picked":["animator:Kaijin","animator:Rider+1"],"picked":"animator:Togame","floor":18},{"not_picked":["animator:Azekura","animator:Hitei"],"picked":"animator:Emonzaemon","floor":20},{"not_picked":["animator:Togame","animator:Souei"],"picked":"animator:ElricAlphonse+1","floor":22}],"player_experience":155169,"relics_obtained":[{"floor":6,"key":"Bottled Flame"},{"floor":9,"key":"Art of War"},{"floor":17,"key":"Orichalcum"},{"floor":17,"key":"Thread and Needle"},{"floor":17,"key":"animator:OldCoffin"}],"event_choices":[{"damage_healed":0,"gold_gain":0,"player_choice":"Box","damage_taken":0,"relics_obtained":["Old Coin"],"max_hp_gain":0,"max_hp_loss":0,"event_name":"Big Fish","floor":3,"gold_loss":0,"cards_obtained":["Regret"]},{"cards_removed":["Regret"],"damage_healed":0,"gold_gain":0,"player_choice":"Card Removal","damage_taken":0,"max_hp_gain":0,"max_hp_loss":0,"event_name":"The Cleric","floor":5,"gold_loss":50},{"damage_healed":0,"gold_gain":0,"player_choice":"Grow","damage_taken":0,"max_hp_gain":0,"max_hp_loss":0,"event_name":"Living Wall","floor":10,"gold_loss":0,"cards_upgraded":["animator:HououinKyouma"]},{"cards_removed":["animator:Strike"],"damage_healed":0,"gold_gain":0,"player_choice":"Elegance","damage_taken":0,"max_hp_gain":0,"max_hp_loss":0,"event_name":"Back to Basics","floor":19,"gold_loss":0}],"is_beta":false,"boss_relics":[{"not_picked":["Astrolabe","Mark of Pain"],"picked":"Calling Bell"}],"items_purged_floors":[],"is_endless":false,"potions_floor_spawned":[6,16,18,22],"killed_by":"Gremlin Leader","ascension_level":0}}