{"host":"ftwsn2kbtsx9x7xs","time":1608610250,"event":{"mods":["BaseMod","Hermit","Minty Spire (QoL Compilation)","Replay The Spire","StSLib","Td1madao Mod","The Dragon Tamer"],"gold_per_floor":[113,128,138,152,162,194,194,212,212,212,272,289,339,353,353,455,455,475,525,575,587,603,603,671,688,688,688,704,719,156,171,171,274,274,285,300,318,465,365,365,383,401,447,497,142,194,255,305,305,351],"floor_reached":51,"playtime":3704,"items_purged":["Shame","ReplayTheSpireMod:Splinters","Strike_B"],"score":638,"play_id":"942d9f74-d563-4c59-a284-c22adff6defb","local_time":"20201222131050","is_ascension_mode":false,"campfire_choices":[{"floor":7.0,"key":"REST"},{"floor":15.0,"key":"REST"},{"floor":23.0,"key":"RECALL"},{"floor":27.0,"key":"REST"},{"data":"Hologram","floor":32.0,"key":"SMITH"},{"data":"Fission","floor":40,"key":"SMITH"},{"floor":49,"key":"DIG"}],"circlet_count":0,"master_deck":["Defend_B","Defend_B","Defend_B","Zap","Dualcast","Gash","Capacitor","Go for the Eyes","Gash","Chill","Beam Cell","FTL","Self Repair","Reboot+1","Hologram","All For One","Rebound+1","Gash","Hologram+1","Self Repair","Go for the Eyes","ReplayGash","Sadistic Nature","Reboot","Conserve Battery+1","Core Surge","Skim","Fission+1","Static Discharge","Double Energy","Compile Driver","Parasite","Seek"],"relics":["Cracked Core","Replay:Antivirus Software","SsserpentHead","Empty Cage","Orichalcum","Incense Burner","Pen Nib","Ancient Tea Set","Replay:Bandana","ReplayTheSpireMod:Ring of Collecting","Ring of Chaos","Centennial Puzzle","Replay:Baseball"],"acts_visited":["Exordium","TheCity","TheBeyond"],"potions_floor_usage":[50],"damage_taken":[{"damage":1.0,"enemies":"Cultist","floor":1.0,"turns":4.0},{"damage":0.0,"enemies":"2 Louse","floor":2.0,"turns":2.0},{"damage":10.0,"enemies":"Small Slimes","floor":3.0,"turns":4.0},{"damage":5.0,"enemies":"2 Fungi Beasts","floor":4.0,"turns":3.0},{"damage":5.0,"enemies":"Large Slime","floor":5.0,"turns":5.0},{"damage":42.0,"enemies":"Gremlin Nob","floor":6.0,"turns":6.0},{"damage":0.0,"enemies":"Lots of Slimes","floor":8.0,"turns":5.0},{"damage":16.0,"enemies":"Exordium Thugs","floor":11.0,"turns":6.0},{"damage":7.0,"enemies":"Blue Slaver","floor":12.0,"turns":3.0},{"damage":5.0,"enemies":"Looter","floor":14.0,"turns":2.0},{"damage":35.0,"enemies":"Hexaghost","floor":16.0,"turns":10.0},{"damage":10.0,"enemies":"Spheric Guardian","floor":18.0,"turns":3.0},{"damage":19.0,"enemies":"2 Thieves","floor":21.0,"turns":4.0},{"damage":17.0,"enemies":"Snake Plant","floor":22.0,"turns":3.0},{"damage":15.0,"enemies":"Centurion and Healer","floor":24.0,"turns":5.0},{"damage":29.0,"enemies":"Sentry and Sphere","floor":25.0,"turns":6.0},{"damage":0.0,"enemies":"3 Cultists","floor":28.0,"turns":3.0},{"damage":13.0,"enemies":"Snake Plant","floor":29.0,"turns":6.0},{"damage":22.0,"enemies":"Centurion and Healer","floor":31.0,"turns":6.0},{"damage":53.0,"enemies":"Champ","floor":33.0,"turns":8.0},{"damage":15.0,"enemies":"3 Shapes","floor":35.0,"turns":11.0},{"damage":5.0,"enemies":"Orb Walker","floor":36.0,"turns":3.0},{"damage":4.0,"enemies":"Transient","floor":37.0,"turns":5.0},{"damage":9,"enemies":"Maw","floor":41,"turns":4},{"damage":16,"enemies":"Sphere and 2 Shapes","floor":42,"turns":8},{"damage":5,"enemies":"3 Darklings","floor":46,"turns":3},{"damage":23,"enemies":"Writhing Mass","floor":47,"turns":6},{"damage":51,"enemies":"Awakened One","floor":50,"turns":7}],"seed_played":"1201350697748888675","potions_obtained":[{"floor":1.0,"key":"Adrenaline Potion"},{"floor":4.0,"key":"ColorlessPotion"},{"floor":11.0,"key":"Elixir"},{"floor":12.0,"key":"FocusPotion"},{"floor":22.0,"key":"Flashbang"},{"floor":25.0,"key":"Swift Potion"},{"floor":29.0,"key":"Explosive Potion"},{"floor":33.0,"key":"Strength Potion"}],"is_trial":false,"path_per_floor":["M","M","M","M","M","E","R","M","T","?","M","M","?","M","R","B",null,"M","?","?","M","M","R","M","M","T","R","M","M","$","M","R","B",null,"M","M","M","?","$","R","M","M","T","?","$","M","M","$","R","B",null],"character_chosen":"DEFECT","items_purchased":["Pen Nib","Sadistic Nature","Reboot","Centennial Puzzle","Double Energy"],"campfire_rested":3,"item_purchase_floors":[30,30,30,45,45],"current_hp_per_floor":[81,81,71,66,61,19,43,43,43,43,27,20,20,22,46,18,82,79,79,79,67,57,57,49,34,34,58,72,73,73,65,65,26,82,81,82,82,82,82,82,80,78,78,78,78,80,71,71,71,34],"gold":351,"neow_bonus":"TEN_PERCENT_HP_BONUS","is_daily":false,"chose_seed":false,"campfire_upgraded":2,"win_rate":0.0,"timestamp":1608610250,"path_taken":["M","?","M","?","M","E","R","M","T","?","?","M","?","M","R","BOSS","M","?","?","M","M","R","?","M","T","R","M","M","$","M","R","BOSS","M","M","M","?","$","R","M","M","T","?","$","M","M","?","R","BOSS"],"items_purchased_type":["Relic","Card","Card","Relic","Card"],"build_version":"2020-12-13","purchased_purges":3,"victory":true,"max_hp_per_floor":[82,82,82,82,82,82,82,82,82,82,82,82,82,82,82,82,82,82,82,82,82,82,82,82,82,82,82,82,82,82,82,82,82,82,82,82,82,82,82,82,82,82,82,82,82,82,82,82,82,82],"card_choices":[{"not_picked":["Glacier","Barrage"],"picked":"Gash","floor":1.0},{"not_picked":["Barrage","Rip and Tear"],"picked":"Capacitor","floor":2.0},{"not_picked":["Streamline","Beam Cell"],"picked":"Go for the Eyes","floor":3.0},{"not_picked":["Rebound","Capacitor"],"picked":"Gash","floor":4.0},{"not_picked":["Redo","Thunder Strike","Turbo"],"picked":"SKIP","floor":5.0},{"not_picked":["Panic Button","Conserve Battery"],"picked":"Chill","floor":6.0},{"not_picked":["Doom and Gloom","Ball Lightning"],"picked":"Beam Cell","floor":8.0},{"not_picked":["Steam","Gash"],"picked":"FTL","floor":11.0},{"not_picked":["Stack","Barrage"],"picked":"Self Repair","floor":12.0},{"not_picked":["FIFO Queue","Redo"],"picked":"Hologram","floor":14.0},{"not_picked":["Thunder Strike","Echo Form"],"picked":"All For One","floor":16.0},{"not_picked":["Ball Lightning","Darkness"],"picked":"Rebound+1","floor":18.0},{"not_picked":["Panic Button","ReplaySort"],"picked":"Gash","floor":21.0},{"not_picked":["Coolheaded","Amplify"],"picked":"Hologram","floor":22.0},{"not_picked":["Chill","ReplaySolidLightProjector"],"picked":"Self Repair","floor":24.0},{"not_picked":["Compile Driver","Streamline+1"],"picked":"Go for the Eyes","floor":25.0},{"not_picked":["Redo","ReplaySort","Leap"],"picked":"SKIP","floor":28.0},{"not_picked":["Compile Driver","Storm"],"picked":"ReplayGash","floor":29.0},{"not_picked":["Genetic Algorithm+1","Sweeping Beam"],"picked":"Conserve Battery+1","floor":31.0},{"not_picked":["Mirror Shield","Echo Form"],"picked":"Core Surge","floor":33.0},{"not_picked":["Rip and Tear+1","Conserve Battery","Streamline"],"picked":"SKIP","floor":35.0},{"not_picked":["Streamline+1","Sweeping Beam","Ball Lightning"],"picked":"SKIP","floor":36.0},{"not_picked":["Barrage+1","Redo"],"picked":"Skim","floor":37.0},{"not_picked":["Rebound+1","Streamline+1"],"picked":"Fission","floor":38},{"not_picked":["Beam Cell+1","ReplayTheSpireMod:Calculation Training+1"],"picked":"Static Discharge","floor":41},{"not_picked":["Amplify","Leap+1","BasicCrystalCard"],"picked":"SKIP","floor":42},{"not_picked":["Coolheaded","Go for the Eyes"],"picked":"Compile Driver","floor":46},{"not_picked":["Lockon+1","ReplayTheSpireMod:Calculation Training"],"picked":"Seek","floor":47}],"player_experience":154333,"relics_obtained":[{"floor":6.0,"key":"Replay:Antivirus Software"},{"floor":26.0,"key":"Incense Burner"},{"floor":38,"key":"Ancient Tea Set"},{"floor":43,"key":"Replay:Bandana"},{"floor":44,"key":"ReplayTheSpireMod:Ring of Collecting"},{"floor":44,"key":"Ring of Chaos"},{"floor":49,"key":"Replay:Baseball"}],"event_choices":[{"damage_healed":0.0,"max_hp_gain":0.0,"max_hp_loss":0.0,"gold_gain":0.0,"event_name":"FaceTrader","player_choice":"Trade","floor":10.0,"gold_loss":0.0,"damage_taken":0.0,"relics_obtained":["SsserpentHead"]},{"damage_healed":0.0,"max_hp_gain":0.0,"max_hp_loss":0.0,"gold_gain":0.0,"event_name":"Addict","player_choice":"Stole Relic","floor":19.0,"gold_loss":0.0,"damage_taken":0.0,"relics_obtained":["Orichalcum"],"cards_obtained":["Shame"]},{"cards_removed":["Strike_B"],"damage_healed":0.0,"max_hp_gain":0.0,"max_hp_loss":0.0,"gold_gain":0.0,"event_name":"Bonfire Elementals","player_choice":"Offered Basic","floor":20.0,"gold_loss":0.0,"damage_taken":0.0}],"is_beta":false,"boss_relics":[{"not_picked":["Honey Jar","Painkiller Herb"],"picked":"Empty Cage"},{"not_picked":["ChewingGum","Philosopher\u0027s Stone","Replay:Drink Me"]}],"items_purged_floors":[30,39,45],"is_endless":false,"potions_floor_spawned":[1,4,11,12,22,25,29,31,33,42],"ascension_level":0}}