{"host":"wwt2ezt6nhdbor27","time":1608622956,"event":{"mods":["Act Like it!","Bard","BaseMod","Beaked The Cultist","Colored Map","Downfall","Glutton Mod","Hermit","Highlight Path","Jorbs\u0027s Wanderer Trilogy","Koishi","Mad Scientist","Marisa????????","Minty Spire (QoL Compilation)","Relic Stats","StSLib","The Administrix","The Bug Knight","The Construct","The Cursed","The Marked","The Mystic","The Servant 0.9.4","The Witch"],"gold_per_floor":[99,115,126,138,77,252,252,307,307,335,350,365,365,376,394,394,394,394],"floor_reached":16,"playtime":1651,"items_purged":[],"score":129,"play_id":"891cb97e-6168-4b58-b6ff-cfe9158a59b2","local_time":"20201221234236","is_ascension_mode":false,"campfire_choices":[{"data":"Slimebound:Split","floor":1,"key":"SMITH"},{"floor":13,"key":"REST"}],"circlet_count":0,"master_deck":["Slimebound:Strike_Slimebound","Slimebound:Strike_Slimebound","Slimebound:Tackle","Slimebound:Defend_Slimebound","Slimebound:Defend_Slimebound","Slimebound:Defend_Slimebound","Slimebound:Defend_Slimebound","Slimebound:Split+1","Slimebound:CorrosiveSpit","Slimebound:PressTheAttack","Slimebound:LeadByExample","Slimebound:MassRepurpose","Slimebound:Equalize","Slimebound:ComboTackle","Doubt","Slimebound:SplitBruiser","Slimebound:Dissolve","Slimebound:SlimeSlap","Slimebound:SplitLeeching","Slimebound:LeechingTouch","Slimebound:Gluttony"],"relics":["Slimebound:AbsorbEndCombat","Gremlin Horn","Juzu Bracelet","Regal Pillow"],"acts_visited":["Exordium"],"potions_floor_usage":[8,11,12,12,16],"damage_taken":[{"damage":21,"enemies":"Jaw Worm","floor":2,"turns":5},{"damage":9,"enemies":"Small Slimes","floor":3,"turns":3},{"damage":11,"enemies":"2 Louse","floor":4,"turns":3},{"damage":19,"enemies":"downfall:FleeingMerchant","floor":5,"turns":4},{"damage":32,"enemies":"Gremlin Nob","floor":8,"turns":5},{"damage":43,"enemies":"HollowMod:MossKnight","floor":10,"turns":8},{"damage":24,"enemies":"2 Fungi Beasts","floor":11,"turns":4},{"damage":8,"enemies":"3 Louse","floor":12,"turns":3},{"damage":32,"enemies":"Exordium Thugs","floor":14,"turns":5},{"damage":26,"enemies":"Blue Slaver","floor":15,"turns":4},{"damage":78,"enemies":"downfall:Ironclad","floor":16,"turns":9}],"seed_played":"4926582355794185318","potions_obtained":[{"floor":4,"key":"Slimebound:ThreeZeroPotion"},{"floor":8,"key":"Fire Potion"},{"floor":10,"key":"Fruit Juice"},{"floor":11,"key":"Fruit Juice"},{"floor":12,"key":"EssenceOfSteel"}],"is_trial":false,"path_per_floor":["R","M","M","M","$","?","T","?","?","E","M","M","R","M","M","B"],"character_chosen":"SLIMEBOUND","items_purchased":["Slimebound:ComboTackle"],"campfire_rested":1,"item_purchase_floors":[5],"current_hp_per_floor":[66,57,58,57,52,52,52,34,34,19,14,27,64,58,52,0,0,0],"gold":394,"neow_bonus":"TEN_PERCENT_HP_BONUS","is_daily":false,"chose_seed":false,"campfire_upgraded":1,"win_rate":0.0,"timestamp":1608622956,"path_taken":["R","M","M","M","$","?","T","?","?","E","M","M","R","M","M","BOSS"],"items_purchased_type":["Card"],"build_version":"2020-12-13","purchased_purges":0,"victory":false,"max_hp_per_floor":[66,66,66,66,66,66,66,66,66,66,71,76,76,76,76,76,76,76],"relic_stats":{"Regal Pillow":15,"Gremlin Horn":[5,5],"counters":[11,50],"Juzu Bracelet":0,"obtain_stats":[{"Regal Pillow":10,"Gremlin Horn":7,"Slimebound:AbsorbEndCombat":0,"Juzu Bracelet":8},{"Regal Pillow":6,"Gremlin Horn":4,"Slimebound:AbsorbEndCombat":0,"Juzu Bracelet":5},{"Regal Pillow":27,"Gremlin Horn":15,"Slimebound:AbsorbEndCombat":0,"Juzu Bracelet":19}]},"card_choices":[{"not_picked":["Slimebound:Schlurp","Slimebound:SplitAcid"],"picked":"Slimebound:PressTheAttack","floor":2},{"not_picked":["Slimebound:Chomp","Slimebound:ComboTackle"],"picked":"Slimebound:LeadByExample","floor":3},{"not_picked":["Slimebound:RollThrough","Slimebound:SlimeSpikes"],"picked":"Slimebound:MassRepurpose","floor":4},{"not_picked":["Slimebound:GoopSpray","Slimebound:RollThrough"],"picked":"Slimebound:Equalize","floor":5},{"not_picked":["Slimebound:PressTheAttack","Slimebound:FirmFortitude"],"picked":"Slimebound:SplitBruiser","floor":8},{"not_picked":["Slimebound:FinishingTackle","Slimebound:ViciousTackle"],"picked":"Slimebound:Dissolve","floor":10},{"not_picked":["Slimebound:RollThrough","Slimebound:SplitLeeching"],"picked":"Slimebound:SlimeSlap","floor":11},{"not_picked":["Slimebound:ComboTackle","Slimebound:Dissolve"],"picked":"Slimebound:SplitLeeching","floor":12},{"not_picked":["Slimebound:ProtectTheBoss","Slimebound:Schlurp"],"picked":"Slimebound:LeechingTouch","floor":14},{"not_picked":["Slimebound:SamplingLick","Slimebound:SplitLeeching"],"picked":"Slimebound:Gluttony","floor":15}],"player_experience":160135,"relics_obtained":[{"floor":7,"key":"Gremlin Horn"},{"floor":8,"key":"Juzu Bracelet"},{"floor":10,"key":"Regal Pillow"}],"event_choices":[],"is_beta":false,"boss_relics":[],"items_purged_floors":[],"is_endless":false,"potions_floor_spawned":[4,8,10,11,12],"killed_by":"downfall:Ironclad","ascension_level":0}}