{"host":"dth8fvkfiulu86fi","time":1608638428,"event":{"mods":["2.2 Compatiblity","AchievementEnabler","BaseMod","Better Third Choice","Colored Map","Colored Powertips","Minty Spire (QoL Compilation)","Rare Cards Sparkle","StSLib","SuperFastMode","Synergy Search"],"gold_per_floor":[114,129,144,159,174,174,204,204,204,219,234,10,10,25,25,125,125,140,140,155,170,185,185,9,9,9],"floor_reached":25,"playtime":825,"items_purged":[],"score":209,"play_id":"4481edc2-88f0-4239-8e66-ae148e5645fa","local_time":"20201222130028","daily_mods":["Allstar","Diverse","DeadlyEvents"],"is_ascension_mode":false,"campfire_choices":[{"floor":6,"key":"REST"},{"floor":13,"key":"REST"},{"floor":15,"key":"REST"},{"floor":23,"key":"REST"}],"circlet_count":0,"master_deck":["Strike_B","Strike_B","Strike_B","Strike_B","Defend_B","Defend_B","Defend_B","Defend_B","Zap","Dualcast","Chrysalis","Enlightenment","Good Instincts","The Bomb","Thinking Ahead","BootSequence","Shrug It Off","Consecrate","Streamline","Anger+1","Anger"],"relics":["Cracked Core","Unceasing Top","Ginger","Strawberry","Letter Opener","HandDrill","Black Star","CultistMask","Bronze Scales"],"acts_visited":["Exordium","TheCity"],"potions_floor_usage":[7,7,14,18,18],"damage_taken":[{"damage":1,"enemies":"Jaw Worm","floor":1,"turns":4},{"damage":0,"enemies":"2 Louse","floor":2,"turns":3},{"damage":9,"enemies":"Cultist","floor":3,"turns":4},{"damage":24,"enemies":"2 Fungi Beasts","floor":4,"turns":6},{"damage":5,"enemies":"3 Louse","floor":5,"turns":3},{"damage":24,"enemies":"Lagavulin","floor":7,"turns":5},{"damage":0,"enemies":"Looter","floor":10,"turns":3},{"damage":0,"enemies":"2 Fungi Beasts","floor":11,"turns":3},{"damage":0,"enemies":"Exordium Thugs","floor":14,"turns":3},{"damage":9,"enemies":"Slime Boss","floor":16,"turns":7},{"damage":6,"enemies":"2 Thieves","floor":18,"turns":4},{"damage":25,"enemies":"Shell Parasite","floor":20,"turns":5},{"damage":32,"enemies":"Snake Plant","floor":21,"turns":4},{"damage":7,"enemies":"Chosen and Byrds","floor":22,"turns":5},{"damage":38,"enemies":"Book of Stabbing","floor":25,"turns":5}],"seed_played":"-7682526130134428503","potions_obtained":[{"floor":4,"key":"AttackPotion"},{"floor":5,"key":"Fire Potion"},{"floor":10,"key":"Fire Potion"},{"floor":11,"key":"BlessingOfTheForge"},{"floor":14,"key":"Weak Potion"}],"is_trial":false,"path_per_floor":["M","M","M","M","M","R","E","?","T","M","M","$","R","M","R","B",null,"M","?","M","M","M","R","$","E"],"character_chosen":"DEFECT","items_purchased":["HandDrill","Consecrate","Streamline","Bronze Scales","Anger"],"campfire_rested":4,"item_purchase_floors":[12,12,12,24,24],"current_hp_per_floor":[74,74,65,41,36,58,34,26,26,26,26,26,50,50,74,65,82,76,76,51,19,12,36,36,0,0],"gold":9,"neow_bonus":"","is_daily":true,"chose_seed":false,"campfire_upgraded":0,"win_rate":0.0,"timestamp":1608638428,"path_taken":["M","M","M","M","M","R","E","?","T","M","M","$","R","M","R","BOSS","M","?","M","M","M","R","$","?"],"items_purchased_type":["Relic","Card","Card","Relic","Card"],"build_version":"2020-12-13","purchased_purges":0,"victory":false,"max_hp_per_floor":[75,75,75,75,75,75,75,82,82,82,82,82,82,82,82,82,82,82,82,82,82,82,82,82,82,82],"card_choices":[{"not_picked":["Shrug It Off","Skewer"],"picked":"BootSequence","floor":1},{"not_picked":["Prostrate","Coolheaded","EmptyFist"],"picked":"SKIP","floor":2},{"not_picked":["Grand Finale","Leap"],"picked":"Shrug It Off","floor":3},{"not_picked":["Distraction","Wireheading","Sanctity"],"picked":"SKIP","floor":4},{"not_picked":["True Grit","Iron Wave","Streamline"],"picked":"SKIP","floor":5},{"not_picked":["Heatsinks","Redo","Skim"],"picked":"SKIP","floor":7},{"not_picked":["Adaptation","Acrobatics","Steam"],"picked":"SKIP","floor":10},{"not_picked":["Redo","Creative AI","ClearTheMind"],"picked":"SKIP","floor":11},{"not_picked":["Poisoned Stab","WindmillStrike","Defragment"],"picked":"SKIP","floor":14},{"not_picked":["Capacitor","Barrage"],"picked":"Anger+1","floor":18},{"not_picked":["Bouncing Flask","Heavy Blade+1","Leg Sweep"],"picked":"SKIP","floor":20},{"not_picked":["Flying Knee","Gash","Fusion"],"picked":"SKIP","floor":21},{"not_picked":["Halt","Combust","Flying Knee"],"picked":"SKIP","floor":22}],"player_experience":1114655,"relics_obtained":[{"floor":7,"key":"Unceasing Top"},{"floor":9,"key":"Letter Opener"}],"event_choices":[{"damage_healed":0,"gold_gain":1,"player_choice":"Relic Relic ","damage_taken":15,"max_hp_gain":0,"max_hp_loss":0,"event_name":"betterThird:BetterScrap","floor":8,"gold_loss":0,"cards_obtained":["Brilliance"]},{"damage_healed":0,"gold_gain":0,"player_choice":"Trade","damage_taken":0,"relics_obtained":["CultistMask"],"max_hp_gain":0,"max_hp_loss":0,"event_name":"FaceTrader","floor":19,"gold_loss":0}],"is_beta":false,"boss_relics":[{"not_picked":["Cursed Key","Inserter"],"picked":"Black Star"}],"items_purged_floors":[],"is_endless":false,"potions_floor_spawned":[4,5,10,11,14],"killed_by":"Book of Stabbing","ascension_level":0}}