{"host":"684z1xpuwaoqmmh1","time":1608640420,"event":{"mods":["BaseMod","Downfall","Hermit","Jorbs\u0027s Wanderer Trilogy","Marisa????????","Minty Spire (QoL Compilation)","StSLib","The Hierophant","The Mystic"],"gold_per_floor":[99,116,136,136,154,188,188,188,98,98,58,68,78,78,88,160,160,85,101,115,0,11,26,26,26,54,54,67,67,79,79,79,79],"floor_reached":31,"playtime":1816,"items_purged":["Regret","Pain"],"score":504,"play_id":"e24c2e94-33da-449d-9af2-ffe7cd86ddc3","local_time":"20201222143340","is_ascension_mode":true,"campfire_choices":[{"data":"hexamod:Float","floor":1.0,"key":"SMITH"},{"floor":10.0,"key":"RECALL"},{"data":"hexamod:GhostOfSpireFuture","floor":18,"key":"SMITH"},{"floor":27,"key":"REST"}],"circlet_count":0,"master_deck":["AscendersBane","hexamod:Defend+1","hexamod:Defend+1","hexamod:Defend+1","hexamod:Defend","hexamod:Sear","hexamod:Float+1","hexamod:FastForward","hexamod:Hexaguard+1","hexamod:SwordOfDarkness+1","hexamod:SwordOfDarkness","hexamod:ThirdSeal","hexamod:Hexaguard","hexamod:GhostOfSpirePresent+1","hexamod:GhostOfSpireFuture+1","hexamod:SixthSeal","hexamod:Incineration+1","hexamod:FourthSeal","hexamod:StepThrough","hexamod:ShieldOfDarkness+1","hexamod:ChargedBarrage","Bite","Bite","Bite","Bite","Bite+1","hexamod:FastForward","hexamod:TurnItUp","hexamod:FirstSeal","hexamod:ShieldOfDarkness+1"],"relics":["hexamod:SpiritBrand","MealTicket","White Beast Statue","Bottled Flame","Singing Bowl","WarpedTongs","Philosopher\u0027s Stone","downfall:HeartBlessingRed","PreservedInsect"],"acts_visited":["Exordium","TheCity"],"potions_floor_usage":[12,16,19,22,23,26],"damage_taken":[{"damage":1.0,"enemies":"Jaw Worm","floor":2.0,"turns":3.0},{"damage":0.0,"enemies":"Small Slimes","floor":3.0,"turns":3.0},{"damage":0.0,"enemies":"Cultist","floor":5.0,"turns":3.0},{"damage":17.0,"enemies":"Gremlin Nob","floor":6.0,"turns":4.0},{"damage":5.0,"enemies":"downfall:FleeingMerchant","floor":9.0,"turns":4.0},{"damage":4.0,"enemies":"downfall:FleeingMerchant","floor":11.0,"turns":4.0},{"damage":4,"enemies":"Large Slime","floor":12,"turns":5},{"damage":6,"enemies":"Exordium Wildlife","floor":13,"turns":5},{"damage":1,"enemies":"3 Louse","floor":15,"turns":4},{"damage":17,"enemies":"downfall:Watcher","floor":16,"turns":10},{"damage":30,"enemies":"Chosen","floor":19,"turns":6},{"damage":6,"enemies":"Spheric Guardian","floor":20,"turns":4},{"damage":11,"enemies":"downfall:FleeingMerchant","floor":21,"turns":4},{"damage":13,"enemies":"Centurion and Healer","floor":22,"turns":7},{"damage":5,"enemies":"Shelled Parasite and Fungi","floor":23,"turns":5},{"damage":14,"enemies":"Gremlin Leader","floor":26,"turns":9},{"damage":23,"enemies":"Snake Plant","floor":28,"turns":3},{"damage":11,"enemies":"Sentry and Sphere","floor":30,"turns":4},{"damage":42,"enemies":"Book of Stabbing","floor":31,"turns":5}],"seed_played":"4678990011699759486","potions_obtained":[{"floor":3.0,"key":"PowerPotion"},{"floor":5.0,"key":"Energy Potion"},{"floor":12,"key":"Ancient Potion"},{"floor":15,"key":"AttackPotion"},{"floor":16,"key":"Strength Potion"},{"floor":19,"key":"SteroidPotion"},{"floor":22,"key":"Ancient Potion"},{"floor":23,"key":"Fire Potion"},{"floor":26,"key":"Dexterity Potion"}],"is_trial":false,"path_per_floor":["R","M","M","?","M","E","T","?","$","R","$","M","M","?","M","B",null,"R","M","M","$","M","M","T","?","E","R","M","?","M","E"],"character_chosen":"THE_SPIRIT","items_purchased":["hexamod:Hexaguard"],"campfire_rested":1,"item_purchase_floors":[11],"current_hp_per_floor":[57,56,56,45,45,28,28,28,40,40,51,49,45,45,48,31,63,63,35,31,35,24,21,21,21,33,51,36,29,31,0,0,0],"gold":79,"neow_bonus":"RANDOM_COMMON_RELIC","is_daily":false,"chose_seed":false,"campfire_upgraded":2,"win_rate":0.0,"timestamp":1608640420,"path_taken":["R","M","M","?","M","E","T","?","$","R","$","M","M","?","M","BOSS","R","M","M","$","M","?","T","?","E","R","M","?","M","E"],"items_purchased_type":["Card"],"build_version":"2020-12-13","purchased_purges":2,"victory":false,"max_hp_per_floor":[63,63,63,63,63,63,63,63,65,65,65,67,69,69,73,73,73,73,75,77,77,79,81,81,56,60,60,60,60,62,62,62,62],"card_choices":[{"not_picked":["hexamod:RetreatToShadows","hexamod:BacktrackSmack"],"picked":"hexamod:FastForward","floor":2.0},{"not_picked":["hexamod:RainOfEmbers","hexamod:GhostLash"],"picked":"hexamod:Hexaguard","floor":3.0},{"not_picked":["hexamod:NightmareGuise","hexamod:SpectersWail"],"picked":"hexamod:SwordOfDarkness","floor":5.0},{"not_picked":["hexamod:PowerFromBeyond","hexamod:CatchUp"],"picked":"hexamod:SwordOfDarkness","floor":6.0},{"not_picked":["hexamod:SpectersWail","hexamod:HauntingEcho","hexamod:InspiringFlames"],"picked":"Singing Bowl","floor":9.0},{"not_picked":["hexamod:UnleashSpirits","hexamod:GhostOfSpirePast"],"picked":"hexamod:ThirdSeal","floor":11.0},{"not_picked":["hexamod:InspiringFlames","hexamod:SpectersWail","hexamod:GhostShield"],"picked":"Singing Bowl","floor":12},{"not_picked":["hexamod:InspiringFlames","hexamod:SwordOfDarkness"],"picked":"hexamod:GhostOfSpirePresent","floor":12},{"not_picked":["hexamod:PhantomFireball","hexamod:SoulSteal"],"picked":"hexamod:GhostOfSpireFuture","floor":13},{"not_picked":["hexamod:InspiringFlames","hexamod:RainOfEmbers","hexamod:SpectersWail"],"picked":"Singing Bowl","floor":13},{"not_picked":["hexamod:NightmareStrike","hexamod:GhostLash","hexamod:NecessarySacrifice"],"picked":"Singing Bowl","floor":15},{"not_picked":["hexamod:Firestarter","hexamod:RainOfEmbers","hexamod:NightmareStrike"],"picked":"Singing Bowl","floor":15},{"not_picked":["hexamod:UnlimitedPower","hexamod:GhostflameInferno"],"picked":"hexamod:SixthSeal","floor":16},{"not_picked":["hexamod:SkipABeat","hexamod:BacktrackSmack"],"picked":"hexamod:Incineration+1","floor":19},{"not_picked":["hexamod:GhostShield+1","hexamod:GhostLash","hexamod:Hexaguard"],"picked":"Singing Bowl","floor":19},{"not_picked":["hexamod:SpectersWail","hexamod:Again"],"picked":"hexamod:FourthSeal","floor":20},{"not_picked":["hexamod:BacktrackSmack+1","hexamod:Toasty","hexamod:NightmareStrike"],"picked":"Singing Bowl","floor":20},{"not_picked":["hexamod:DynamicBlow","hexamod:SwordOfDarkness"],"picked":"hexamod:StepThrough","floor":21},{"not_picked":["hexamod:FlamesFromBeyond","hexamod:BurningTouch+1","hexamod:HeatCrush+1"],"picked":"Singing Bowl","floor":22},{"not_picked":["hexamod:SwordOfDarkness","hexamod:Rewind"],"picked":"hexamod:ShieldOfDarkness","floor":22},{"not_picked":["hexamod:BurningTouch","hexamod:GhostShield","hexamod:HeatMetal"],"picked":"Singing Bowl","floor":23},{"not_picked":["hexamod:DynamicBlow","hexamod:RetreatToShadows"],"picked":"hexamod:ChargedBarrage","floor":23},{"not_picked":["hexamod:SwordOfDarkness","hexamod:BurningTouch","hexamod:AdvancingGuard"],"picked":"Singing Bowl","floor":26},{"not_picked":["hexamod:RainOfEmbers","hexamod:GhostShield","hexamod:Again"],"picked":"Singing Bowl","floor":26},{"not_picked":["hexamod:NightmareGuise","hexamod:RainOfEmbers"],"picked":"hexamod:FastForward","floor":28},{"not_picked":["hexamod:SwordOfDarkness+1","hexamod:FlamesFromBeyond"],"picked":"hexamod:TurnItUp","floor":28},{"not_picked":["hexamod:SpectersWail","hexamod:HauntingEcho+1","hexamod:Firestarter"],"picked":"Singing Bowl","floor":30},{"not_picked":["hexamod:FastForward","hexamod:BurningTouch"],"picked":"hexamod:ShieldOfDarkness+1","floor":30}],"player_experience":2365457,"relics_obtained":[{"floor":6.0,"key":"Bottled Flame"},{"floor":7.0,"key":"Singing Bowl"},{"floor":26,"key":"PreservedInsect"}],"event_choices":[{"damage_healed":0.0,"max_hp_gain":0.0,"max_hp_loss":0.0,"gold_gain":0.0,"event_name":"Scrap Ooze","player_choice":"Success","floor":4.0,"gold_loss":0.0,"damage_taken":11.0,"relics_obtained":["White Beast Statue"]},{"damage_healed":0,"gold_gain":0,"player_choice":"Rummage","damage_taken":0,"relics_obtained":["WarpedTongs"],"max_hp_gain":0,"max_hp_loss":0,"event_name":"Accursed Blacksmith","floor":14,"gold_loss":0,"cards_obtained":["Pain"]},{"damage_healed":0,"gold_gain":0,"player_choice":"Became a vampire","damage_taken":0,"max_hp_gain":0,"max_hp_loss":25,"event_name":"Vampires","floor":25,"gold_loss":0,"cards_obtained":["Bite","Bite","Bite","Bite","Bite"]}],"is_beta":false,"boss_relics":[{"not_picked":["Busted Crown","Runic Dome"],"picked":"Philosopher\u0027s Stone"}],"items_purged_floors":[9,21],"is_endless":false,"potions_floor_spawned":[3,5,6,9,11,12,13,15,16,19,20,21,22,23,28,30],"killed_by":"Book of Stabbing","ascension_level":17}}