{"host":"8a3g9edf69u3epoz","time":1608618704,"event":{"mods":["BaseMod","Minty Spire (QoL Compilation)","MostiFishMod","Relic Stats","Remilia（蕾米莉亚）","StSLib","TestMod","UnlockEverythingMod","WarShipGirlsR/战舰少女R mod"],"gold_per_floor":[119,131,131,145,320,320,350,370,424,424,462,291,291,330,330,448,448,470,492,492,512,119,119,155,254,280,320,320,95,95,123,123,218,218,234,253,263,276,11,11,36,49,71,97,97,97,97,126,126,126,126,126,6,39,39],"floor_reached":56,"playtime":2507,"items_purged":["Doubt","Strike_RM","Strike_RM","Pain"],"score":2239,"play_id":"0d254147-5ed7-4592-8385-cef3c5e84935","local_time":"20201222143144","is_ascension_mode":true,"campfire_choices":[{"data":"MillenniumVampire","floor":6.0,"key":"SMITH"},{"data":"DemonKingCradle","floor":13.0,"key":"SMITH"},{"data":"testmod-SubstituteBySubterfuge","floor":15.0,"key":"SMITH"},{"data":"QueenOfMidnight","floor":23.0,"key":"SMITH"},{"data":"BloodyCatastrophe","floor":28,"key":"SMITH"},{"data":"CurseOfVladTepes","floor":30,"key":"SMITH"},{"data":"FitfulNightmare","floor":32,"key":"SMITH"},{"floor":40,"key":"RECALL"},{"data":"testmod-TaurusBlackCat","floor":45,"key":"SMITH"},{"data":"MastersStateliness","floor":49,"key":"SMITH"},{"data":"KillingBlow","floor":52,"key":"SMITH"}],"circlet_count":0,"master_deck":["AscendersBane","Strike_RM+1","Strike_RM+1","Defend_RM","Defend_RM","Defend_RM","Defend_RM","RedMoon","ScarletShoot","MillenniumVampire+1","Ultimatum","DiffusionOfMisfortune","MastersStateliness+1","DemonKingCradle+1","FitfulNightmare+1","testmod-SubstituteBySubterfuge+1","QueenOfMidnight+1","BloodAndWine+1","KillingBlow+1","VampirishNight+1","BloodyCatastrophe+1","CurseOfVladTepes+1","ScarletMeister+1","TwelveNightmare+1","RedRainbow","ScarletMeister+1","testmod-TaurusBlackCat+1","ScarletSymphony+1","Septette+1"],"relics":["DaveBox","testmod-TestBox","RhineCircuit","testmod-RealStoneCalender","Sozu","Question Card","Ornamental Fan","testmod-Acrobat","Ancient Tea Set","Bottled Tornado","Unceasing Top","ImportantClient","RhineSuit","testmod-ArcanaOfDestiny","Orrery","Darkstone Periapt","testmod-LifeArmor","Eternal Feather","testmod-Charity","Oddly Smooth Stone","testmod-CardMagician","Technique","FossilizedHelix","Gremlin Horn","WarpedTongs","testmod-Antiphasic","testmod-TurbochargingSystem"],"acts_visited":["Exordium","TheCity","TheBeyond","TheEnding"],"potions_floor_usage":[],"damage_taken":[{"damage":0.0,"enemies":"2 Louse","floor":1.0,"turns":2.0},{"damage":0.0,"enemies":"Small Slimes","floor":2.0,"turns":3.0},{"damage":0.0,"enemies":"Cultist","floor":4.0,"turns":4.0},{"damage":9.0,"enemies":"Gremlin Nob","floor":7.0,"turns":4.0},{"damage":11.0,"enemies":"Exordium Wildlife","floor":8.0,"turns":3.0},{"damage":0.0,"enemies":"Lagavulin","floor":11.0,"turns":6.0},{"damage":0.0,"enemies":"Gremlin Nob","floor":14.0,"turns":3.0},{"damage":0.0,"enemies":"Hexaghost","floor":16.0,"turns":7.0},{"damage":7.0,"enemies":"3 Byrds","floor":18.0,"turns":4.0},{"damage":18.0,"enemies":"2 Thieves","floor":19.0,"turns":3.0},{"damage":14.0,"enemies":"Centurion and Healer","floor":21.0,"turns":4.0},{"damage":15.0,"enemies":"Gremlin Leader","floor":24.0,"turns":3.0},{"damage":40,"enemies":"Book of Stabbing","floor":27,"turns":4},{"damage":11,"enemies":"Gremlin Leader","floor":31,"turns":4},{"damage":38,"enemies":"Collector","floor":33,"turns":4},{"damage":34,"enemies":"3 Shapes","floor":35,"turns":4},{"damage":8,"enemies":"3 Darklings","floor":36,"turns":3},{"damage":18,"enemies":"Spire Growth","floor":37,"turns":2},{"damage":14,"enemies":"4 Shapes","floor":38,"turns":4},{"damage":13,"enemies":"Reptomancer","floor":41,"turns":3},{"damage":20,"enemies":"Sphere and 2 Shapes","floor":42,"turns":3},{"damage":44,"enemies":"Giant Head","floor":44,"turns":3},{"damage":11,"enemies":"Nemesis","floor":48,"turns":4},{"damage":64,"enemies":"Awakened One","floor":50,"turns":5},{"damage":39,"enemies":"Shield and Spear","floor":54,"turns":4},{"damage":133,"enemies":"The Heart","floor":55,"turns":4}],"seed_played":"-3519908862332962524","potions_obtained":[],"is_trial":false,"path_per_floor":["M","M","?","M","?","R","E","M","T","?","E","$","R","E","R","B",null,"M","M","?","M","$","R","E","?","T","E","R","$","R","E","R","B",null,"M","M","M","M","$","R","E","M","T","E","R","?","?","E","R","B",null,"R","$","E","B",null],"character_chosen":"REMILIA","items_purchased":["testmod-SubstituteBySubterfuge","testmod-ArcanaOfDestiny","Orrery","testmod-Charity","Technique","testmod-TaurusBlackCat"],"campfire_rested":0,"item_purchase_floors":[12,22,22,29,39,39],"current_hp_per_floor":[68,68,53,53,53,53,48,38,38,26,29,29,29,29,29,36,65,62,47,47,33,33,33,40,40,40,53,65,65,75,81,83,90,90,98,104,109,103,103,113,118,123,124,131,131,124,130,139,140,148,148,148,148,144,194],"gold":39,"neow_bonus":"BOSS_RELIC","is_daily":false,"chose_seed":false,"campfire_upgraded":10,"win_rate":0.0,"timestamp":1608618704,"path_taken":["M","M","?","M","?","R","E","M","T","?","E","?","R","E","R","BOSS","M","M","?","M","$","R","E","?","T","E","R","$","R","E","R","BOSS","M","M","M","M","$","R","E","M","T","E","R","?","?","E","R","BOSS","R","$","E","BOSS"],"items_purchased_type":["Card","Relic","Relic","Relic","Relic","Card"],"build_version":"2020-12-13","purchased_purges":4,"victory":true,"max_hp_per_floor":[75,75,75,75,75,75,75,75,75,75,75,75,75,75,75,75,75,75,75,75,75,75,75,75,75,75,75,75,75,75,83,83,90,90,98,104,110,113,113,113,119,123,124,131,131,124,130,140,140,148,148,148,148,159,194],"relic_stats":{"Sozu":10,"Darkstone Periapt":6,"Gremlin Horn":[4,4],"counters":[26,97],"Ornamental Fan":[96],"Eternal Feather":35,"Question Card":31,"obtain_stats":[{"Darkstone Periapt":24,"DaveBox":0,"Gremlin Horn":44,"RhineSuit":17,"testmod-LifeArmor":26,"Bottled Tornado":11,"Ancient Tea Set":10,"ScarletHat":0,"testmod-Charity":29,"Sozu":0,"testmod-ArcanaOfDestiny":22,"ImportantClient":16,"testmod-TestBox":0,"Oddly Smooth Stone":31,"Eternal Feather":27,"testmod-CardMagician":34,"testmod-TurbochargingSystem":54,"Question Card":1,"RhineCircuit":0,"WarpedTongs":47,"testmod-RealStoneCalender":0,"testmod-Antiphasic":48,"Ornamental Fan":7,"testmod-Acrobat":9,"Orrery":22,"Technique":39,"Unceasing Top":14,"FossilizedHelix":41},{"Darkstone Periapt":12,"DaveBox":0,"Gremlin Horn":22,"RhineSuit":8,"testmod-LifeArmor":12,"Bottled Tornado":6,"Ancient Tea Set":5,"ScarletHat":0,"testmod-Charity":13,"Sozu":0,"testmod-ArcanaOfDestiny":11,"ImportantClient":8,"testmod-TestBox":0,"Oddly Smooth Stone":14,"Eternal Feather":13,"testmod-CardMagician":15,"testmod-TurbochargingSystem":25,"Question Card":1,"RhineCircuit":0,"WarpedTongs":22,"testmod-RealStoneCalender":0,"testmod-Antiphasic":23,"Ornamental Fan":4,"testmod-Acrobat":5,"Orrery":11,"Technique":19,"Unceasing Top":7,"FossilizedHelix":20},{"Darkstone Periapt":46,"DaveBox":0,"Gremlin Horn":80,"RhineSuit":32,"testmod-LifeArmor":46,"Bottled Tornado":22,"Ancient Tea Set":16,"ScarletHat":0,"testmod-Charity":50,"Sozu":0,"testmod-ArcanaOfDestiny":43,"ImportantClient":32,"testmod-TestBox":0,"Oddly Smooth Stone":54,"Eternal Feather":50,"testmod-CardMagician":58,"testmod-TurbochargingSystem":93,"Question Card":2,"RhineCircuit":0,"WarpedTongs":80,"testmod-RealStoneCalender":0,"testmod-Antiphasic":84,"Ornamental Fan":13,"testmod-Acrobat":16,"Orrery":43,"Technique":71,"Unceasing Top":25,"FossilizedHelix":74}],"Unceasing Top":[44],"WarpedTongs":[16]},"card_choices":[{"not_picked":["Stigmanizer","VampireKiss"],"picked":"MillenniumVampire","floor":1.0},{"not_picked":["EndlessAdversity","VampireKiss","ScarletDevil","BombardNight"],"picked":"SKIP","floor":2.0},{"not_picked":["DiffusionOfMisfortune","TwelveNightmare","ScarletGensokyo"],"picked":"Ultimatum","floor":4.0},{"not_picked":["ScarletImprint","RedRainbow","EmergencyRegeneration"],"picked":"DiffusionOfMisfortune","floor":7.0},{"not_picked":["UnderTheZenith","LeisurelyOfLord","ScarletImprint"],"picked":"MastersStateliness","floor":8.0},{"not_picked":["UltimateOffering","StarOfDavid","MastersStateliness"],"picked":"DemonKingCradle","floor":11.0},{"not_picked":["ScarletImprint","EndlessAdversity","CharismaGuard"],"picked":"FitfulNightmare","floor":11.0},{"not_picked":["NightDance","MastersStateliness","BombardNight","VampireSweep"],"picked":"SKIP","floor":14.0},{"not_picked":["BloodySeventeenLaser","TransientEternity","BloodyCatastrophe"],"picked":"QueenOfMidnight","floor":16.0},{"not_picked":["ScarletDevil+1","UnstableMagic","BombardNight","EndlessAdversity+1"],"picked":"SKIP","floor":18.0},{"not_picked":["EmergencyRegeneration","MastersStateliness","DevilSight","NightLord+1"],"picked":"SKIP","floor":19.0},{"not_picked":["ScarletDevilSign","BloodHunter","VampirishNight"],"picked":"BloodAndWine+1","floor":21.0},{"not_picked":["MastersStateliness","ScarletDevil","DiffusionOfMisfortune"],"picked":"KillingBlow","floor":22.0},{"not_picked":["BlasphemousPunishment+1","BloodyTrap","CharismaGuard"],"picked":"VampirishNight+1","floor":22.0},{"not_picked":["MiserableFate","NightLord","CurseOfVladTepes"],"picked":"BloodyCatastrophe","floor":22.0},{"not_picked":["Stigmanizer","ScarletNetherworld+1","FavorOfDestiny+1"],"picked":"CurseOfVladTepes","floor":22.0},{"not_picked":["QueenOfMidnight","VampireKiss","BombardNight","StarOfDavid+1"],"picked":"SKIP","floor":24.0},{"not_picked":["UnderTheZenith","EndlessAdversity+1","FavorOfDestiny","Ultimatum"],"picked":"SKIP","floor":27},{"not_picked":["CurseOfVladTepes","UnderTheZenith","MillenniumVampire","KillingBlow"],"picked":"SKIP","floor":31},{"not_picked":["QueenOfMidnight","ForecastOfChange","EquivalentExchange"],"picked":"ScarletMeister","floor":33},{"not_picked":["MillenniumVampire","UnderTheZenith","SuperhumanBloodyKnife+1","BloodyTrap"],"picked":"SKIP","floor":35},{"not_picked":["NightDance+1","Maim+1","Stigmanizer"],"picked":"TwelveNightmare+1","floor":36},{"not_picked":["StarOfDavid","Maim+1","FavorOfDestiny"],"picked":"RedRainbow","floor":36},{"not_picked":["ScarletImprint+1","StarOfDavid","BlasphemousPunishment"],"picked":"ScarletMeister","floor":37},{"not_picked":["ScarletImprint","Stigmanizer","MiserableFate","VampireKiss+1"],"picked":"SKIP","floor":38},{"not_picked":["Ultimatum+1","DiffusionOfMisfortune","ScarletDevil","Maim+1"],"picked":"SKIP","floor":41},{"not_picked":["BlasphemousPunishment","Maim","BadLadyScramble+1","FavorOfDestiny+1"],"picked":"SKIP","floor":42},{"not_picked":["StarOfDavid+1","RedNightlessCastle","BadLadyScramble+1","ScarletImprint"],"picked":"SKIP","floor":42},{"not_picked":["CharismaGuard+1","MastersStateliness+1","MillenniumVampire"],"picked":"ScarletSymphony+1","floor":44},{"not_picked":["UnderTheZenith+1","Stigmanizer","AfternoonTea+1"],"picked":"Septette+1","floor":48},{"not_picked":["ScarletImprint","BloodHunter","ScarletMeister","Ultimatum"],"picked":"SKIP","floor":54}],"player_experience":76357,"relics_obtained":[{"floor":1.0,"key":"Question Card"},{"floor":7.0,"key":"Ornamental Fan"},{"floor":9.0,"key":"testmod-Acrobat"},{"floor":11.0,"key":"Bottled Tornado"},{"floor":14.0,"key":"Unceasing Top"},{"floor":16.0,"key":"ImportantClient"},{"floor":24.0,"key":"Darkstone Periapt"},{"floor":26.0,"key":"testmod-LifeArmor"},{"floor":27,"key":"Eternal Feather"},{"floor":31,"key":"Oddly Smooth Stone"},{"floor":41,"key":"FossilizedHelix"},{"floor":44,"key":"Gremlin Horn"},{"floor":48,"key":"testmod-Antiphasic"},{"floor":54,"key":"testmod-TurbochargingSystem"}],"event_choices":[{"damage_healed":0.0,"max_hp_gain":0.0,"max_hp_loss":0.0,"gold_gain":0.0,"event_name":"Shining Light","player_choice":"Entered Light","floor":3.0,"gold_loss":0.0,"damage_taken":15.0,"cards_upgraded":["Strike_RM","Strike_RM"]},{"damage_healed":0.0,"max_hp_gain":0.0,"max_hp_loss":0.0,"gold_gain":175.0,"event_name":"Liars Game","player_choice":"AGREE","floor":5.0,"gold_loss":0.0,"damage_taken":0.0,"cards_obtained":["Doubt"]},{"damage_healed":0.0,"max_hp_gain":0.0,"max_hp_loss":0.0,"gold_gain":0.0,"event_name":"Scrap Ooze","player_choice":"Success","floor":10.0,"gold_loss":0.0,"damage_taken":12.0,"relics_obtained":["Ancient Tea Set"]},{"damage_healed":0.0,"max_hp_gain":0.0,"max_hp_loss":0.0,"gold_gain":0.0,"event_name":"Ghosts","player_choice":"Ignored","floor":20.0,"gold_loss":0.0,"damage_taken":0.0},{"damage_healed":0.0,"max_hp_gain":0.0,"max_hp_loss":0.0,"gold_gain":99.0,"event_name":"Nest","player_choice":"Stole From Cult","floor":25.0,"gold_loss":0.0,"damage_taken":0.0},{"damage_healed":0,"gold_gain":0,"player_choice":"Max HP","damage_taken":0,"max_hp_gain":0,"max_hp_loss":7,"event_name":"Winding Halls","floor":46,"gold_loss":0},{"damage_healed":0,"gold_gain":0,"player_choice":"Rummage","damage_taken":0,"relics_obtained":["WarpedTongs"],"max_hp_gain":0,"max_hp_loss":0,"event_name":"Accursed Blacksmith","floor":47,"gold_loss":0,"cards_obtained":["Pain"]}],"is_beta":false,"boss_relics":[{"not_picked":["MoonlightInvasionPlan","ChiXiaoBlade"],"picked":"RhineSuit"},{"not_picked":["Snecko Eye","Velvet Choker"],"picked":"testmod-CardMagician"}],"items_purged_floors":[12,22,29,53],"is_endless":false,"potions_floor_spawned":[7,8,16,19,24,31,38,42,44,48],"ascension_level":10}}