{"host":"dbo0lztt1pyfwysk","time":1608658397,"event":{"mods":["Act Like it!","BaseMod","Conspire","Downfall","Gensokyo","GifTheSpireLib","Hubris","Infinite Spire","KinomotoSakuraMod(????)","Koishi","Luminous","Marisa????????","Minty Spire (QoL Compilation)","Prisma Mod","Remilia??????","Replay The Spire","Shade Mod","Shop Mod","StSLib","The Gatherer"],"gold_per_floor":[119,119,119,219,238,271,271,25,25,42,52,12,39,53,53,152,152,166,176,176,66,76,76,106,123,174,174,193,193,204,40,40,139,139,154,154,166,108,118,147,147,175,256,287,338,367,379,379,379,379],"floor_reached":51,"playtime":2095,"items_purged":["conspire:Blindness","ReplayTheSpireMod:Splinters","Defend_B"],"score":1007,"play_id":"7928fe34-9020-4a34-b43b-3916dc763e4c","local_time":"20201222183317","is_ascension_mode":true,"campfire_choices":[{"data":"Defragment","floor":7,"key":"SMITH"},{"data":"infinitespire:Oblivion","floor":15,"key":"SMITH"},{"data":"FIFO Queue","floor":23,"key":"SMITH"},{"data":"Ball Lightning","floor":27,"key":"SMITH"},{"data":"Self Repair","floor":29,"key":"SMITH"},{"data":"Zap","floor":32,"key":"SMITH"},{"data":"Echo Form","floor":41,"key":"SMITH"},{"data":"Mayhem","floor":49,"key":"SMITH"}],"circlet_count":0,"master_deck":["Defend_B+1","Defend_B+1","Zap+1","Auto Shields+1","Leap","infinitespire:Oblivion+1","ReplayTheSpireMod:Calculation Training+1","Defragment+1","Apotheosis+1","Self Repair+1","FIFO Queue+1","Ball Lightning+1","Echo Form+1","Mayhem+1","infinitespire:Fortify"],"relics":["Cracked Core","infinitespire:Joker Card","Membership Card","Singing Bowl","Pantograph","Bag of Preparation","Bronze Scales","Toy Ornithopter","Lee\u0027s Waffle","Nuclear Battery","MerchantsRug","Garlic","Sundial","Replay:Mystery Machine","War Paint","Blue Doll"],"acts_visited":["Exordium","TheCity","TheBeyond"],"potions_floor_usage":[16,18,22,33,44,50,50],"damage_taken":[{"damage":0,"enemies":"conspire:RoseBush","floor":1,"turns":3},{"damage":0,"enemies":"Jaw Worm","floor":5,"turns":2},{"damage":5,"enemies":"3 Sentries","floor":6,"turns":7},{"damage":0,"enemies":"Cultist","floor":10,"turns":3},{"damage":1,"enemies":"Gremlin Gang","floor":11,"turns":3},{"damage":1,"enemies":"Replay:BlueRogue","floor":13,"turns":5},{"damage":0,"enemies":"3 Louse","floor":14,"turns":3},{"damage":8,"enemies":"Fading Forest","floor":16,"turns":11},{"damage":10,"enemies":"3 Byrds","floor":18,"turns":3},{"damage":26,"enemies":"2 Thieves","floor":19,"turns":5},{"damage":10,"enemies":"Shelled Parasite and Fungi","floor":22,"turns":5},{"damage":3,"enemies":"conspire:SneckoGhost","floor":24,"turns":9},{"damage":11,"enemies":"3 Cultists","floor":25,"turns":4},{"damage":0,"enemies":"conspire:HollyBat","floor":28,"turns":5},{"damage":0,"enemies":"Snecko","floor":30,"turns":4},{"damage":18,"enemies":"Champ","floor":33,"turns":9},{"damage":3,"enemies":"3 Darklings","floor":35,"turns":4},{"damage":3,"enemies":"3 Shapes","floor":37,"turns":7},{"damage":34,"enemies":"Jaw Worm Horde","floor":39,"turns":4},{"damage":14,"enemies":"Giant Head","floor":40,"turns":7},{"damage":6,"enemies":"R_Hoarder","floor":42,"turns":8},{"damage":29,"enemies":"Nemesis","floor":44,"turns":7},{"damage":17,"enemies":"Nightmare","floor":46,"turns":6},{"damage":9,"enemies":"Sphere and 2 Shapes","floor":47,"turns":4},{"damage":50,"enemies":"Donu and Deca","floor":50,"turns":7}],"seed_played":"-1817636881255106675","potions_obtained":[{"floor":5,"key":"hexamod:EctoCoolerPotion"},{"floor":10,"key":"LiquidBronze"},{"floor":16,"key":"DuplicationPotion"},{"floor":18,"key":"PotionOfCapacity"},{"floor":24,"key":"SkillPotion"},{"floor":25,"key":"LiquidBronze"},{"floor":35,"key":"FearPotion"},{"floor":40,"key":"DistilledChaos"},{"floor":47,"key":"EssenceOfDarkness"}],"is_trial":false,"path_per_floor":["M","?","?","?","M","E","R","$","T","M","M","$","E","M","R","B",null,"M","M","?","$","M","R","E","M","T","R","M","R","M","$","R","B",null,"M","?","M","$","M","E","R","E","T","E","T","NM","M","AVR","R","B",null],"character_chosen":"DEFECT","items_purchased":["Membership Card","Apotheosis","Self Repair","Bag of Preparation","DuplicationPotion","Lee\u0027s Waffle","MerchantsRug","Mayhem"],"campfire_rested":0,"item_purchase_floors":[8,8,12,21,31,31,38,38],"current_hp_per_floor":[75,60,42,42,42,37,37,37,37,39,40,40,46,55,55,83,83,75,56,56,56,58,58,67,68,68,68,80,80,92,102,102,94,102,104,104,106,106,94,102,102,108,108,96,96,101,114,114,114,78],"gold":379,"neow_bonus":"TRANSFORM_CARD","is_daily":false,"chose_seed":false,"campfire_upgraded":8,"win_rate":0.0,"timestamp":1608658397,"path_taken":["M","?","?","?","M","E","R","$","T","M","?","$","E","M","R","BOSS","M","?","?","$","M","R","E","M","T","R","M","R","M","?","R","BOSS","M","?","?","$","M","E","R","E","T","E","?","NM","M","AVR","R","BOSS"],"items_purchased_type":["Relic","Card","Card","Relic","Potion","Relic","Relic","Card"],"build_version":"2020-12-13","purchased_purges":3,"victory":true,"max_hp_per_floor":[75,75,75,75,75,75,75,75,75,77,79,79,79,81,81,83,83,85,85,85,85,87,87,89,91,91,91,93,93,95,102,102,102,102,104,104,106,106,108,110,110,112,112,114,114,116,118,118,118,118],"card_choices":[{"not_picked":["Static Discharge","Stack"],"picked":"Leap","floor":1},{"not_picked":["ReplayTheSpireMod:Chaos Vortex","infinitespire:DeathsTouch"],"picked":"infinitespire:Oblivion","floor":3},{"not_picked":["hubris:PowerSurge","Barrage"],"picked":"ReplayTheSpireMod:Calculation Training","floor":5},{"not_picked":["BasicCrystalCard","Fusion"],"picked":"Defragment","floor":6},{"not_picked":["FTL","Aggregate","Sweeping Beam"],"picked":"Singing Bowl","floor":10},{"not_picked":["conspire:SharedLibrary","ReplayTheSpireMod:Repulse","Sweeping Beam"],"picked":"Singing Bowl","floor":11},{"not_picked":["Streamline","Stack"],"picked":"FIFO Queue","floor":13},{"not_picked":["FTL","Cold Snap","Gash"],"picked":"Singing Bowl","floor":14},{"not_picked":["Core Surge","hubris:Prefetch","Mirror Shield"],"picked":"Singing Bowl","floor":16},{"not_picked":["ReplaySolidLightProjector","Barrage","Gash"],"picked":"Singing Bowl","floor":18},{"not_picked":["Chaos","Compile Driver+1"],"picked":"Ball Lightning","floor":19},{"not_picked":["Rebound","ReplayTheSpireMod:Dual Polarity+1","Hologram+1"],"picked":"Singing Bowl","floor":22},{"not_picked":["Compile Driver","BasicCrystalCard+1","ReplayTheSpireMod:Omega Cannon"],"picked":"Singing Bowl","floor":24},{"not_picked":["Sweeping Beam","Hologram","ReplayTheSpireMod:Reroute Power"],"picked":"Singing Bowl","floor":25},{"not_picked":["Reinforced Body","hubris:Ukulele","Go for the Eyes+1"],"picked":"Singing Bowl","floor":28},{"not_picked":["Sweeping Beam","Compile Driver","Auto Shields"],"picked":"Singing Bowl","floor":30},{"not_picked":["Amplify","Core Surge"],"picked":"Echo Form","floor":33},{"not_picked":["Lockon+1","Turbo","Heatsinks+1"],"picked":"Singing Bowl","floor":35},{"not_picked":["ReplaySolidLightProjector+1","BasicCrystalCard+1","Streamline+1"],"picked":"Singing Bowl","floor":37},{"not_picked":["Sweeping Beam","Leap","Stack+1"],"picked":"Singing Bowl","floor":39},{"not_picked":["Time Bomb+1","hubris:Ukulele","White Noise"],"picked":"Singing Bowl","floor":40},{"not_picked":["Beam Cell+1","Heatsinks","Ball Lightning+1"],"picked":"Singing Bowl","floor":42},{"not_picked":["Coolheaded+1","hubris:SpecializedCircuitry","Stack"],"picked":"Singing Bowl","floor":44},{"not_picked":["Replay:Fractal Strike","hubris:Fate"],"picked":"infinitespire:Fortify","floor":46},{"not_picked":["Rebound+1","Lockon","Streamline"],"picked":"Singing Bowl","floor":46},{"not_picked":["Streamline+1","Barrage","Coolheaded+1"],"picked":"Singing Bowl","floor":47}],"player_experience":608273,"relics_obtained":[{"floor":6,"key":"infinitespire:Joker Card"},{"floor":9,"key":"Singing Bowl"},{"floor":13,"key":"Pantograph"},{"floor":24,"key":"Bronze Scales"},{"floor":26,"key":"Toy Ornithopter"},{"floor":40,"key":"Garlic"},{"floor":43,"key":"Sundial"},{"floor":44,"key":"Replay:Mystery Machine"},{"floor":45,"key":"War Paint"},{"floor":46,"key":"Blue Doll"}],"event_choices":[{"damage_healed":0,"gold_gain":0,"player_choice":"Entered Light","damage_taken":15,"max_hp_gain":0,"max_hp_loss":0,"event_name":"Shining Light","floor":2,"gold_loss":0,"cards_upgraded":["Defend_B","Auto Shields"]},{"damage_healed":0,"gold_gain":100,"player_choice":"Pray","damage_taken":0,"max_hp_gain":0,"max_hp_loss":0,"event_name":"Golden Shrine","floor":4,"gold_loss":0},{"damage_healed":0,"gold_gain":0,"player_choice":"Gave Potion","damage_taken":0,"relics_obtained":["infinitespire:Satchel"],"max_hp_gain":0,"max_hp_loss":0,"event_name":"WeMeetAgain","floor":36,"gold_loss":0}],"is_beta":false,"boss_relics":[{"not_picked":["Calling Bell","Abe\u0027s Treasure"],"picked":"Kintsugi"},{"not_picked":["Painkiller Herb","Fusion Hammer"],"picked":"Nuclear Battery"}],"items_purged_floors":[21,31,38],"is_endless":false,"potions_floor_spawned":[5,10,16,18,24,25,35,40,47],"ascension_level":1}}