{"host":"rolltorest","time":1608605590,"event":{"mods":["BaseMod","Minty Spire (QoL Compilation)","StSLib"],"gold_per_floor":[116,41,116,266,279,279,304,321,348,367,383,416,426,13,13,86,86,104,118,118,79,79,79,79,79],"floor_reached":24,"playtime":730,"items_purged":["Doubt"],"score":462,"play_id":"32e9509a-8d7f-4f1b-800a-90e99c274d7a","local_time":"20201221185310","is_ascension_mode":true,"campfire_choices":[{"data":"Darkness","floor":6,"key":"SMITH"},{"data":"Streamline","floor":15,"key":"SMITH"},{"data":"Defragment","floor":23,"key":"SMITH"}],"circlet_count":0,"master_deck":["AscendersBane","Strike_B","Strike_B","Strike_B","Defend_B","Defend_B","Defend_B","Defend_B","Zap","Dualcast","Darkness+1","Self Repair","Compile Driver","Undo","Self Repair","Seek","Streamline+1","Buffer","Defragment+1","Force Field","Glacier"],"relics":["Cracked Core","NeowsBlessing","Centennial Puzzle","Akabeko","CaptainsWheel","HornCleat","Runic Pyramid"],"acts_visited":["Exordium","TheCity"],"potions_floor_usage":[12,12,16,19,24],"damage_taken":[{"damage":0,"enemies":"Small Slimes","floor":1,"turns":1},{"damage":0,"enemies":"Jaw Worm","floor":5,"turns":1},{"damage":0,"enemies":"Lagavulin","floor":7,"turns":1},{"damage":1,"enemies":"2 Louse","floor":8,"turns":3},{"damage":7,"enemies":"2 Fungi Beasts","floor":10,"turns":4},{"damage":22,"enemies":"Exordium Thugs","floor":11,"turns":4},{"damage":31,"enemies":"Gremlin Nob","floor":12,"turns":4},{"damage":6,"enemies":"Looter","floor":13,"turns":3},{"damage":12,"enemies":"Hexaghost","floor":16,"turns":7},{"damage":0,"enemies":"Shell Parasite","floor":18,"turns":5},{"damage":0,"enemies":"Chosen","floor":19,"turns":5},{"damage":81,"enemies":"Slavers","floor":24,"turns":6}],"seed_played":"-2079898293284417115","potions_obtained":[{"floor":1,"key":"PowerPotion"},{"floor":5,"key":"Ancient Potion"},{"floor":7,"key":"FocusPotion"},{"floor":12,"key":"EntropicBrew"},{"floor":13,"key":"BlessingOfTheForge"},{"floor":18,"key":"Fire Potion"}],"is_trial":false,"path_per_floor":["M","?","?","?","M","R","E","M","T","M","M","E","M","$","R","B",null,"M","M","?","$","?","R","E"],"character_chosen":"DEFECT","items_purchased":["HornCleat","Streamline","Force Field"],"campfire_rested":0,"item_purchase_floors":[14,14,21],"current_hp_per_floor":[64,64,53,53,53,53,53,52,52,52,37,13,21,21,21,23,59,71,71,71,71,71,71,0,0],"gold":79,"neow_bonus":"THREE_ENEMY_KILL","is_daily":false,"chose_seed":false,"campfire_upgraded":3,"win_rate":0.0,"timestamp":1608605590,"path_taken":["M","?","?","?","?","R","E","M","T","M","M","E","M","$","R","BOSS","M","M","?","$","?","R","E"],"items_purchased_type":["Relic","Card","Card"],"build_version":"2020-12-18","purchased_purges":1,"victory":false,"max_hp_per_floor":[71,71,71,71,71,71,71,71,71,71,71,71,71,71,71,71,71,71,71,71,71,71,71,71,71],"card_choices":[{"not_picked":["Aggregate","Recycle"],"picked":"Darkness","floor":1},{"not_picked":["Blizzard","Barrage","Go for the Eyes"],"picked":"SKIP","floor":5},{"not_picked":["Scrape","Force Field","Go for the Eyes"],"picked":"SKIP","floor":7},{"not_picked":["Redo","Reprogram"],"picked":"Self Repair","floor":8},{"not_picked":["Stack","Recycle"],"picked":"Compile Driver","floor":10},{"not_picked":["Redo","Aggregate"],"picked":"Undo","floor":11},{"not_picked":["Barrage","Gash"],"picked":"Self Repair","floor":12},{"not_picked":["Hologram","Beam Cell"],"picked":"Seek","floor":13},{"not_picked":["Reboot","Multi-Cast"],"picked":"Buffer","floor":16},{"not_picked":["Sweeping Beam","Gash"],"picked":"Defragment","floor":18},{"not_picked":["Chaos","Leap","Undo"],"picked":"SKIP","floor":19}],"player_experience":1703060,"relics_obtained":[{"floor":7,"key":"Centennial Puzzle"},{"floor":9,"key":"Akabeko"},{"floor":12,"key":"CaptainsWheel"}],"event_choices":[{"cards_removed":["Strike_B"],"damage_healed":0,"gold_gain":0,"player_choice":"Card Removal","damage_taken":0,"max_hp_gain":0,"max_hp_loss":0,"event_name":"The Cleric","floor":2,"gold_loss":75},{"damage_healed":0,"gold_gain":75,"player_choice":"Gather Gold","damage_taken":11,"max_hp_gain":0,"max_hp_loss":0,"event_name":"World of Goop","floor":3,"gold_loss":0},{"damage_healed":0,"gold_gain":150,"player_choice":"AGREE","damage_taken":0,"max_hp_gain":0,"max_hp_loss":0,"event_name":"Liars Game","floor":4,"gold_loss":0,"cards_obtained":["Doubt"]},{"damage_healed":0,"gold_gain":0,"player_choice":"Ignored","damage_taken":0,"max_hp_gain":0,"max_hp_loss":0,"event_name":"Vampires","floor":20,"gold_loss":0},{"damage_healed":0,"gold_gain":0,"player_choice":"Read","damage_taken":0,"max_hp_gain":0,"max_hp_loss":0,"event_name":"The Library","floor":22,"gold_loss":0,"cards_obtained":["Glacier"]}],"is_beta":true,"boss_relics":[{"not_picked":["Fusion Hammer","SacredBark"],"picked":"Runic Pyramid"}],"items_purged_floors":[14],"is_endless":false,"potions_floor_spawned":[1,5,7,12,13,18],"killed_by":"Slavers","ascension_level":20}}