{"host":"y56d1fjpgcjsodvy","time":1608630539,"event":{"mods":["BaseMod","Colored Powertips","GifTheSpireLib","Highlight Path","Minty Spire (QoL Compilation)","StSLib","SuperFastMode","everything is the same but u backflip on backflip"],"gold_per_floor":[116,116,116,41,53,82,82,101,101,130,46,76,76,90,90,90,90],"floor_reached":16,"playtime":328,"items_purged":["Strike_R"],"score":236,"play_id":"85725461-e409-478b-a8e5-2f5bfa00e931","local_time":"20201222184859","is_ascension_mode":true,"campfire_choices":[{"data":"Whirlwind","floor":7,"key":"SMITH"},{"data":"Havoc","floor":15,"key":"SMITH"}],"circlet_count":0,"master_deck":["AscendersBane","Strike_R","Strike_R","Defend_R+1","Defend_R+1","Defend_R","Bash","Clothesline","Whirlwind+1","Wild Strike","Battle Trance","Havoc+1","Shrug It Off"],"relics":["Burning Blood","Singing Bowl","Toy Ornithopter","Darkstone Periapt","Golden Idol"],"acts_visited":["Exordium"],"potions_floor_usage":[6,12,12],"damage_taken":[{"damage":11,"enemies":"Jaw Worm","floor":1,"turns":4},{"damage":1,"enemies":"2 Louse","floor":5,"turns":2},{"damage":22,"enemies":"3 Sentries","floor":6,"turns":8},{"damage":0,"enemies":"Cultist","floor":8,"turns":3},{"damage":29,"enemies":"Gremlin Nob","floor":10,"turns":4},{"damage":20,"enemies":"Lagavulin","floor":12,"turns":8},{"damage":0,"enemies":"Looter","floor":14,"turns":4},{"damage":24,"enemies":"Slime Boss","floor":16,"turns":5}],"seed_played":"55876877439518341","potions_obtained":[{"floor":5,"key":"HeartOfIron"},{"floor":10,"key":"Fire Potion"},{"floor":14,"key":"Ancient Potion"}],"is_trial":false,"path_per_floor":["M","?","?","$","M","E","R","M","T","E","$","E","?","M","R","B"],"character_chosen":"IRONCLAD","items_purchased":["Energy Potion","Havoc"],"campfire_rested":0,"item_purchase_floors":[11,11],"current_hp_per_floor":[63,43,36,36,41,25,25,33,33,12,12,10,10,16,16,0,0],"gold":90,"neow_bonus":"TRANSFORM_TWO_CARDS","is_daily":false,"chose_seed":false,"campfire_upgraded":2,"win_rate":0.0,"timestamp":1608630539,"path_taken":["M","?","?","?","?","E","R","M","T","E","$","E","?","M","R","BOSS"],"items_purchased_type":["Potion","Card"],"build_version":"2020-12-13","purchased_purges":1,"victory":false,"max_hp_per_floor":[68,68,68,68,68,68,68,70,70,72,72,74,67,67,67,67,67],"card_choices":[{"not_picked":["Clothesline","Headbutt"],"picked":"Wild Strike","floor":1},{"not_picked":["Flame Barrier","Spot Weakness","Sentinel"],"picked":"SKIP","floor":5},{"not_picked":["Warcry","Iron Wave"],"picked":"Battle Trance","floor":6},{"not_picked":["Flex","Clash","Warcry"],"picked":"Singing Bowl","floor":8},{"not_picked":["Headbutt","True Grit","Whirlwind"],"picked":"Singing Bowl","floor":10},{"not_picked":["Heavy Blade","Anger","Warcry"],"picked":"Singing Bowl","floor":12},{"not_picked":["Body Slam","Anger"],"picked":"Shrug It Off","floor":14}],"player_experience":1175376,"relics_obtained":[{"floor":6,"key":"Singing Bowl"},{"floor":10,"key":"Toy Ornithopter"},{"floor":12,"key":"Darkstone Periapt"}],"event_choices":[{"damage_healed":0,"gold_gain":0,"player_choice":"Entered Light","damage_taken":20,"max_hp_gain":0,"max_hp_loss":0,"event_name":"Shining Light","floor":2,"gold_loss":0,"cards_upgraded":["Defend_R","Defend_R"]},{"cards_removed":["Strike_R"],"damage_healed":0,"gold_gain":0,"player_choice":"Card Removal","damage_taken":7,"max_hp_gain":0,"max_hp_loss":0,"event_name":"Golden Wing","floor":3,"gold_loss":0},{"damage_healed":0,"gold_gain":0,"player_choice":"Lose Max HP","damage_taken":0,"relics_obtained":["Golden Idol"],"max_hp_gain":0,"max_hp_loss":7,"event_name":"Golden Idol","floor":13,"gold_loss":0}],"is_beta":false,"boss_relics":[],"items_purged_floors":[4],"is_endless":false,"potions_floor_spawned":[5,10,14],"killed_by":"Slime Boss","ascension_level":20}}