{"host":"y94psiiulyl24n05","time":1608623177,"event":{"mods":["AchievementEnabler","Aspiration","BaseMod","Better Altar","Better Match","Better Note","Better Sensory Stone","Better Skull","Better Third Choice","BetterRewards","Colored Map","Colored Powertips","Downfall","GifTheSpireLib","Googly Eyes","Halation","Highlight Path","Hubris","Mimic Mod","Minty Spire (QoL Compilation)","Replay The Spire","Shop Mod","Spicy Shops","StSLib","Stuff the Spire","Unceasing Turn Reminder","everything is the same but u backflip on backflip","slay the spire mod where everything is the same but ironclad has a cowboy hat"],"gold_per_floor":[119,139,139,139,158,158,168,168,168,184,47,47,132,148,148,253,253,268,278,295,295,245,245,245],"floor_reached":23,"playtime":947,"items_purged":[],"score":233,"play_id":"7d0e0f42-8164-43ca-9c0b-66d82aa2c34c","local_time":"20201222084617","is_ascension_mode":false,"campfire_choices":[{"data":"1","floor":6.0,"key":"LIFT"},{"data":"2","floor":8.0,"key":"LIFT"},{"data":"3","floor":12.0,"key":"LIFT"},{"data":"BattleHymn","floor":15.0,"key":"SMITH"}],"circlet_count":0,"master_deck":["Strike_P","Strike_P","Strike_P","Strike_P","Defend_P","Defend_P","Defend_P","Defend_P","Eruption","Vigilance","FlyingSleeves","CutThroughFate","BattleHymn+1","TalkToTheHand","SashWhip","StuffTheSpire:PlasmaPunch","Consecrate","EmptyFist","JustLucky","DeusExMachina","DeusExMachina","FollowUp","Replay:BluntJabs","Replay:Battleflow","Strike_R"],"relics":["PureWater","Girya","hubris:Towel","StuffTheSpire:EmeraldSignet","halation:PrussianBluePaint","SlaversCollar"],"acts_visited":["Exordium","TheCity"],"potions_floor_usage":[18,20,23,23],"damage_taken":[{"damage":1.0,"enemies":"Jaw Worm","floor":1.0,"turns":4.0},{"damage":0.0,"enemies":"Small Slimes","floor":2.0,"turns":3.0},{"damage":0.0,"enemies":"Cultist","floor":5.0,"turns":2.0},{"damage":0.0,"enemies":"Large Slime","floor":7.0,"turns":3.0},{"damage":5.0,"enemies":"Red Slaver","floor":10.0,"turns":4.0},{"damage":0.0,"enemies":"2 Fungi Beasts","floor":14.0,"turns":2.0},{"damage":0.0,"enemies":"Slime Boss","floor":16.0,"turns":4.0},{"damage":18,"enemies":"2 Thieves","floor":18,"turns":2},{"damage":6,"enemies":"3 Byrds","floor":19,"turns":4},{"damage":15,"enemies":"Shelled Parasite and Fungi","floor":20,"turns":3},{"damage":35,"enemies":"Replay:Snechameleon","floor":23,"turns":3}],"seed_played":"2571066148315749154","potions_obtained":[{"floor":1.0,"key":"Energy Potion"},{"floor":5.0,"key":"Toxic Potion"},{"floor":16.0,"key":"Reflective Coating"},{"floor":19,"key":"Block Potion"}],"is_trial":false,"path_per_floor":["M","M","?","?","M","R","M","R","T","M","$","R","?","M","R","B",null,"M","M","M","?","?","E"],"character_chosen":"WATCHER","items_purchased":["StuffTheSpire:PlasmaPunch","Consecrate"],"campfire_rested":0,"item_purchase_floors":[11,11],"current_hp_per_floor":[64,64,64,69,69,69,69,69,69,64,64,64,47,47,47,47,70,52,46,31,31,31,0,0],"gold":245,"neow_bonus":"ONE_RARE_RELIC","is_daily":false,"chose_seed":false,"campfire_upgraded":1,"win_rate":0.0,"timestamp":1608623177,"path_taken":["M","M","?","?","M","R","M","R","T","M","$","R","?","M","R","BOSS","M","M","M","?","?","E"],"items_purchased_type":["Card","Card"],"build_version":"2020-12-13","purchased_purges":0,"victory":false,"max_hp_per_floor":[65,65,65,70,70,70,70,70,70,70,70,70,70,70,70,70,70,70,70,70,70,70,70,70],"card_choices":[{"not_picked":["EmptyFist","PathToVictory"],"picked":"FlyingSleeves","floor":1.0},{"not_picked":["ClearTheMind","ThirdEye"],"picked":"CutThroughFate","floor":2.0},{"not_picked":["Evaluate","CutThroughFate"],"picked":"BattleHymn","floor":5.0},{"not_picked":["Replay:Battleflow","Replay:Anticipation"],"picked":"TalkToTheHand","floor":7.0},{"not_picked":["CrushJoints","ConjureBlade"],"picked":"SashWhip","floor":10.0},{"not_picked":["Adaptation","BowlingBash"],"picked":"EmptyFist","floor":13.0},{"not_picked":["CutThroughFate","CrushJoints"],"picked":"JustLucky","floor":13.0},{"not_picked":["FlyingSleeves","Replay:BluntJabs"],"picked":"DeusExMachina","floor":14.0},{"not_picked":["Wish","SpiritShield"],"picked":"DeusExMachina","floor":16.0},{"not_picked":["SashWhip","Replay:AtTheReady+1"],"picked":"FollowUp","floor":18},{"not_picked":["FlyingSleeves","SpiritShield"],"picked":"Replay:BluntJabs","floor":19},{"not_picked":["Replay:BluntJabs","Adaptation"],"picked":"Replay:Battleflow","floor":20}],"player_experience":159002,"relics_obtained":[{"floor":9.0,"key":"StuffTheSpire:EmeraldSignet"},{"floor":13.0,"key":"halation:PrussianBluePaint"}],"event_choices":[{"damage_healed":0.0,"max_hp_gain":5.0,"max_hp_loss":0.0,"gold_gain":0.0,"event_name":"Big Fish","player_choice":"Donut","floor":4.0,"gold_loss":0.0,"damage_taken":0.0},{"cards_removed":["Strike_P"],"damage_healed":0,"gold_gain":0,"player_choice":"Take \u0026 Give","damage_taken":0,"max_hp_gain":0,"max_hp_loss":0,"event_name":"betterNote:BetterNote","floor":21,"gold_loss":0,"cards_obtained":["Strike_R"]},{"damage_healed":0,"gold_gain":0,"player_choice":"Bet on Murderer","damage_taken":0,"max_hp_gain":0,"max_hp_loss":0,"event_name":"The Joust","floor":22,"gold_loss":50}],"is_beta":false,"boss_relics":[{"not_picked":["Sozu","Honey Jar"],"picked":"SlaversCollar"}],"items_purged_floors":[],"is_endless":false,"potions_floor_spawned":[1,5,16,19],"killed_by":"Replay:Snechameleon","ascension_level":0}}