{"host":"uwh382mre4waz4ff","time":1608605744,"event":{"mods":["AchievementEnabler","BaseMod","Better Note","Better Third Choice","BetterRewards","Highlight Path","HololiveMod","Minty Spire (QoL Compilation)","Shop Mod","StSLib"],"gold_per_floor":[99,119,136,147,175,204,214,260,284,559,609,644,687,722,722,793,793,793,793,793,793,793,793,793,793,793,793,793,793,793,793,793,793,793,793,793,793,793,793,793,793,793,793,793,793,793,793,793,793,793,793,793,131,131,131],"floor_reached":56,"playtime":3026,"items_purged":["Regret"],"score":3869,"play_id":"6f3959ed-b217-48f3-97eb-598808bcca79","local_time":"20201222105543","is_ascension_mode":true,"campfire_choices":[{"data":"Hololive_CallHoshimachiSuisei","floor":15.0,"key":"SMITH"},{"data":"Hololive_CallShiroganeNoel","floor":23.0,"key":"SMITH"},{"floor":32.0,"key":"RECALL"},{"data":"1","floor":41.0,"key":"LIFT"},{"data":"2","floor":49.0,"key":"LIFT"},{"data":"3","floor":52.0,"key":"LIFT"}],"circlet_count":0,"master_deck":["AscendersBane","Hololive_CallHoushouMarine","Hololive_CallShiroganeNoel+1","Hololive_CallUruhaRushia","Hololive_CallShiranuiFlare","Hololive_CallUsadaPekora","Hololive_StrengthChampion","Hololive_Strike","Hololive_Defend+1","Hololive_Defend","Hololive_CallOzoraSubaru","Secret Weapon","Hololive_OvertimeWork+1","Apotheosis+1","Hololive_CallAkiRosenthal","Hololive_CallNatsuiroMatsuri","Hololive_CallMinatoAqua","Hololive_CocoNews+1","Hololive_CallHoshimachiSuisei+1","Hololive_CallTokinoSora","Hololive_CallNekomataOkayu","Hololive_Nanodesu","Hololive_CallYukihanaLamy","Hololive_CallShirakamiFubuki","Hololive_DiamondStrike","Hololive_CallOmaruPolka","Hololive_CallSakuraMiko","Hololive_CallMomosuzuNene+15","Hololive_DDD+1","Hololive_CallSpadeEcho+1","Hololive_CallNatsuiroMatsuri+1","Hololive_CallShishiroBotan+1","Hololive_CallTokinoSora+1","Hololive_CallAiraniIofifteen+1","Hololive_Rebirth","Hololive_StrengthChampion","Hololive_CocoNews+1","Hololive_CallFriendA+1","Hololive_CallYozoraMel+1","Hololive_CallHimemoriLuna+1","Hololive_CallTokoyamiTowa+1","Hololive_CallRosalyn+1","Mayhem+1","Hololive_CallAkiRosenthal+1","Apotheosis+1","Hololive_CallNakiriAyame+1"],"relics":["Hololive_TheStar","Kunai","Tiny Chest","Pear","War Paint","Lantern","Bag of Preparation","Happy Flower","Oddly Smooth Stone","Shuriken","Ectoplasm","Orichalcum","Frozen Egg 2","Bottled Tornado","Whetstone","Black Star","Girya","Nunchaku","Bronze Scales","Toy Ornithopter","Hololive_LightStick","Strawberry","Letter Opener","Prayer Wheel","Ginger","Anchor","DollysMirror","Bag of Marbles","Vajra"],"acts_visited":["Exordium","TheCity","TheBeyond","TheEnding"],"potions_floor_usage":[55,55,55],"damage_taken":[{"damage":0.0,"enemies":"2 Louse","floor":1.0,"turns":2.0},{"damage":0.0,"enemies":"Cultist","floor":2.0,"turns":3.0},{"damage":0.0,"enemies":"Small Slimes","floor":3.0,"turns":2.0},{"damage":0.0,"enemies":"Exordium Thugs","floor":4.0,"turns":3.0},{"damage":0.0,"enemies":"Looter","floor":5.0,"turns":3.0},{"damage":0.0,"enemies":"Gremlin Nob","floor":6.0,"turns":3.0},{"damage":0.0,"enemies":"Lots of Slimes","floor":7.0,"turns":3.0},{"damage":0.0,"enemies":"3 Sentries","floor":8.0,"turns":4.0},{"damage":0.0,"enemies":"Gremlin Nob","floor":11.0,"turns":2.0},{"damage":0.0,"enemies":"Large Slime","floor":12.0,"turns":4.0},{"damage":0.0,"enemies":"Lagavulin","floor":13.0,"turns":4.0},{"damage":0.0,"enemies":"Exordium Thugs","floor":14.0,"turns":3.0},{"damage":0.0,"enemies":"Slime Boss","floor":16.0,"turns":5.0},{"damage":0.0,"enemies":"3 Byrds","floor":18.0,"turns":2.0},{"damage":0.0,"enemies":"Shell Parasite","floor":19.0,"turns":3.0},{"damage":0.0,"enemies":"Centurion and Healer","floor":20.0,"turns":4.0},{"damage":0.0,"enemies":"Chosen and Byrds","floor":21.0,"turns":2.0},{"damage":0.0,"enemies":"Cultist and Chosen","floor":22.0,"turns":3.0},{"damage":0.0,"enemies":"Slavers","floor":24.0,"turns":2.0},{"damage":0.0,"enemies":"Snake Plant","floor":25.0,"turns":2.0},{"damage":0.0,"enemies":"3 Cultists","floor":27.0,"turns":3.0},{"damage":0.0,"enemies":"Gremlin Leader","floor":28.0,"turns":2.0},{"damage":0.0,"enemies":"Chosen and Byrds","floor":29.0,"turns":2.0},{"damage":0.0,"enemies":"Slavers","floor":30.0,"turns":3.0},{"damage":0.0,"enemies":"Champ","floor":33.0,"turns":9.0},{"damage":0.0,"enemies":"3 Darklings","floor":35.0,"turns":4.0},{"damage":0.0,"enemies":"3 Shapes","floor":36.0,"turns":2.0},{"damage":0.0,"enemies":"Jaw Worm Horde","floor":38.0,"turns":3.0},{"damage":0.0,"enemies":"Nemesis","floor":40.0,"turns":5.0},{"damage":0.0,"enemies":"Giant Head","floor":42.0,"turns":4.0},{"damage":0.0,"enemies":"3 Darklings","floor":44.0,"turns":3.0},{"damage":0.0,"enemies":"Reptomancer","floor":45.0,"turns":3.0},{"damage":0.0,"enemies":"4 Shapes","floor":46.0,"turns":2.0},{"damage":0.0,"enemies":"Nemesis","floor":47.0,"turns":3.0},{"damage":0.0,"enemies":"Time Eater","floor":50.0,"turns":7.0},{"damage":0.0,"enemies":"Shield and Spear","floor":54.0,"turns":3.0},{"damage":37,"enemies":"The Heart","floor":55,"turns":8}],"seed_played":"7565357737777160455","potions_obtained":[{"floor":1.0,"key":"Block Potion"},{"floor":2.0,"key":"BlessingOfTheForge"},{"floor":11.0,"key":"PowerPotion"},{"floor":12.0,"key":"Block Potion"},{"floor":24.0,"key":"SneckoOil"},{"floor":25.0,"key":"LiquidBronze"},{"floor":29.0,"key":"EntropicBrew"}],"is_trial":false,"path_per_floor":["M","M","M","M","M","E","M","E","T","?","E","M","E","M","R","B",null,"M","M","M","M","M","R","E","M","T","M","E","M","E","?","R","B",null,"M","M","T","M","?","E","R","E","T","M","E","M","E","?","R","B",null,"R","$","E","B",null],"character_chosen":"Hololive_HololiveCharacter","items_purchased":["Apotheosis","War Paint","Mayhem+1","Hololive_CallAkiRosenthal+1","Anchor","DollysMirror"],"campfire_rested":0,"item_purchase_floors":[0,0,53,53,53,53],"current_hp_per_floor":[11,11,11,11,11,11,11,11,11,11,11,11,11,11,11,11,33,33,33,33,33,33,33,33,33,33,33,33,33,33,24,24,24,40,40,40,40,40,40,40,40,40,40,40,52,52,52,52,52,52,52,52,52,52,17],"gold":131,"neow_bonus":"","is_daily":false,"chose_seed":false,"campfire_upgraded":2,"win_rate":0.0,"timestamp":1608605743,"path_taken":["M","M","M","M","M","E","M","E","T","?","E","M","E","?","R","BOSS","M","M","M","M","M","R","E","M","T","M","E","M","E","?","R","BOSS","M","M","?","M","?","E","R","E","T","M","E","M","E","?","R","BOSS","R","$","E","BOSS"],"items_purchased_type":["Card","Relic","Card","Card","Relic","Relic"],"build_version":"2020-12-13","purchased_purges":1,"victory":true,"max_hp_per_floor":[40,40,40,40,40,40,40,40,40,40,40,40,40,40,40,40,40,40,40,40,40,40,40,40,40,40,40,40,40,40,45,45,45,45,45,45,45,45,45,45,45,45,45,45,52,52,52,52,52,52,52,52,52,52,52],"card_choices":[{"not_picked":["Hololive_CallManoAloe","Hololive_Rebound","Hololive_Breathe"],"picked":"Hololive_CallAkiRosenthal","floor":1.0},{"not_picked":["Hololive_CallInugamiKorone","Hololive_Watashimo","Hololive_CallMoonaHoshinova"],"picked":"Hololive_CallNatsuiroMatsuri","floor":2.0},{"not_picked":["Hololive_Drill","Hololive_FlyingPonyTail","Hololive_Sequa","Hololive_Psychosis"],"picked":"SKIP","floor":3.0},{"not_picked":["Hololive_CallAZKi","Hololive_OvertimeWork","Hololive_StrengthChampion"],"picked":"Hololive_CallMinatoAqua","floor":4.0},{"not_picked":["Hololive_StrengthChampion","Hololive_LuckPotion","Hololive_Sequa"],"picked":"Hololive_CocoNews","floor":5.0},{"not_picked":["Hololive_DDD","Hololive_Thief","Hololive_Rebound"],"picked":"Hololive_CallHoshimachiSuisei","floor":6.0},{"not_picked":["Hololive_Yoholoon","Hololive_LuckPotion","Hololive_CallUruhaRushia"],"picked":"Hololive_CallTokinoSora","floor":7.0},{"not_picked":["Hololive_Trident","Hololive_Sequa","Hololive_Drill","Hololive_RevenueBasedLive"],"picked":"SKIP","floor":8.0},{"not_picked":["Hololive_CallRosalyn","Hololive_HuntDinosaur","Hololive_RevenueBasedLive"],"picked":"Hololive_CallNekomataOkayu","floor":11.0},{"not_picked":["Hololive_Trident","Hololive_Drill","Hololive_Rebound"],"picked":"Hololive_Nanodesu","floor":12.0},{"not_picked":["Hololive_CallShiroganeNoel","Hololive_CallNekomataOkayu","Hololive_StrengthChampion"],"picked":"Hololive_CallYukihanaLamy","floor":13.0},{"not_picked":["Hololive_CallMomosuzuNene","Hololive_Sequa","Hololive_Drill"],"picked":"Hololive_CallShirakamiFubuki","floor":14.0},{"not_picked":["Hololive_AWSL","Hololive_WolfAndLamb","Hololive_ScarfAndHalo"],"picked":"Hololive_DiamondStrike","floor":16.0},{"not_picked":["Hololive_OvertimeWork","Hololive_HuntDinosaur","Hololive_Psychosis"],"picked":"Hololive_CallOmaruPolka","floor":18.0},{"not_picked":["Hololive_CallOzoraSubaru","Hololive_Psychosis","Hololive_DiamondStrike"],"picked":"Hololive_CallSakuraMiko","floor":19.0},{"not_picked":["Hololive_RevenueBasedLive","Hololive_Rebound","Hololive_Sequa","Hololive_Psychosis"],"picked":"SKIP","floor":20.0},{"not_picked":["Hololive_CallTokoyamiTowa","Hololive_Psychosis","Hololive_OvertimeWork"],"picked":"Hololive_CallMomosuzuNene+1","floor":21.0},{"not_picked":["Hololive_LuckPotion","Hololive_Rebound","Hololive_Sequa","Hololive_Drill"],"picked":"SKIP","floor":22.0},{"not_picked":["Hololive_HuntDinosaur","Hololive_BringToTrial","Hololive_OpenUp"],"picked":"Hololive_DDD","floor":24.0},{"not_picked":["Hololive_Drill","Hololive_CocoNews","Hololive_Breathe"],"picked":"Hololive_CallSpadeEcho+1","floor":25.0},{"not_picked":["Hololive_RevenueBasedLive","Hololive_LuckPotion","Hololive_SoulCatcher"],"picked":"Hololive_CallNatsuiroMatsuri+1","floor":27.0},{"not_picked":["Hololive_Psychosis","Hololive_CallUsadaPekora+1","Hololive_FlyingPonyTail"],"picked":"Hololive_CallShishiroBotan+1","floor":28.0},{"not_picked":["Hololive_Trident","Hololive_OvertimeWork","Hololive_FlyingPonyTail"],"picked":"Hololive_CallTokinoSora+1","floor":29.0},{"not_picked":["Hololive_WolfAndLamb","Hololive_Sequa","Hololive_CallMoonaHoshinova+1"],"picked":"Hololive_CallAiraniIofifteen+1","floor":30.0},{"not_picked":["Hololive_ScarfAndHalo","Hololive_FlareMind","Hololive_Thief"],"picked":"Hololive_Rebirth","floor":33.0},{"not_picked":["Hololive_HuntDinosaur","Hololive_Drill","Hololive_FlyingPonyTail","Hololive_Breathe"],"picked":"SKIP","floor":35.0},{"not_picked":["Hololive_Drill","Hololive_Sequa+1","Hololive_Rebound"],"picked":"Hololive_StrengthChampion","floor":36.0},{"not_picked":["Hololive_HuntDinosaur","Hololive_Drill+1","Hololive_Sequa"],"picked":"Hololive_CocoNews+1","floor":38.0},{"not_picked":["Hololive_LuckPotion+1","Hololive_ScarfAndHalo","Hololive_Watashimo"],"picked":"Hololive_CallFriendA+1","floor":40.0},{"not_picked":["Hololive_LuckPotion+1","Hololive_CallYukihanaLamy+1","Hololive_StrengthChampion"],"picked":"Hololive_CallYozoraMel+1","floor":42.0},{"not_picked":["Hololive_SoulCatcher","Hololive_OvertimeWork","Hololive_FlyingPonyTail","Hololive_Sequa+1"],"picked":"SKIP","floor":44.0},{"not_picked":["Hololive_CallMomosuzuNene+1","Hololive_Recruit","Hololive_CallSakuraMiko+1"],"picked":"Hololive_CallHimemoriLuna+1","floor":45.0},{"not_picked":["Hololive_CallNekomataOkayu+1","Hololive_LuckPotion","Hololive_Psychosis+1"],"picked":"Hololive_CallTokoyamiTowa+1","floor":46.0},{"not_picked":["Hololive_BeCareful","Hololive_StrengthChampion+1","Hololive_FlyingPonyTail+1"],"picked":"Hololive_CallRosalyn+1","floor":47.0},{"not_picked":["Hololive_HuntDinosaur","Hololive_CallMomosuzuNene+1","Hololive_IdolExercise"],"picked":"Hololive_CallNakiriAyame+1","floor":54.0}],"player_experience":160542,"relics_obtained":[{"floor":6.0,"key":"Lantern"},{"floor":8.0,"key":"Bag of Preparation"},{"floor":9.0,"key":"Happy Flower"},{"floor":11.0,"key":"Oddly Smooth Stone"},{"floor":13.0,"key":"Shuriken"},{"floor":24.0,"key":"Orichalcum"},{"floor":26.0,"key":"Frozen Egg 2"},{"floor":28.0,"key":"Bottled Tornado"},{"floor":30.0,"key":"Whetstone"},{"floor":40.0,"key":"Girya"},{"floor":40.0,"key":"Nunchaku"},{"floor":42.0,"key":"Bronze Scales"},{"floor":42.0,"key":"Toy Ornithopter"},{"floor":43.0,"key":"Hololive_LightStick"},{"floor":45.0,"key":"Strawberry"},{"floor":45.0,"key":"Letter Opener"},{"floor":47.0,"key":"Prayer Wheel"},{"floor":47.0,"key":"Ginger"},{"floor":54.0,"key":"Bag of Marbles"},{"floor":54.0,"key":"Vajra"}],"event_choices":[{"damage_healed":0.0,"max_hp_gain":0.0,"max_hp_loss":0.0,"gold_gain":275.0,"event_name":"Golden Shrine","player_choice":"Desecrate","floor":10.0,"gold_loss":0.0,"damage_taken":0.0,"cards_obtained":["Regret"]},{"damage_healed":0.0,"max_hp_gain":5.0,"max_hp_loss":0.0,"gold_gain":0.0,"event_name":"Forgotten Altar","player_choice":"Shed Blood","floor":31.0,"gold_loss":0.0,"damage_taken":14.0},{"damage_healed":0.0,"max_hp_gain":0.0,"max_hp_loss":0.0,"gold_gain":0.0,"event_name":"Tomb of Lord Red Mask","player_choice":"Ignored","floor":39.0,"gold_loss":0.0,"damage_taken":0.0},{"damage_healed":0.0,"max_hp_gain":0.0,"max_hp_loss":0.0,"gold_gain":0.0,"event_name":"Upgrade Shrine","player_choice":"Upgraded","floor":48.0,"gold_loss":0.0,"damage_taken":0.0,"cards_upgraded":["Hololive_DDD"]}],"is_beta":false,"boss_relics":[{"not_picked":["SacredBark","Hololive_ChaosS"],"picked":"Ectoplasm"},{"not_picked":["Snecko Eye","Hololive_TopUpMoneyS"],"picked":"Black Star"}],"items_purged_floors":[53],"is_endless":false,"potions_floor_spawned":[1,2,5,11,12,14,18,24,25,29,33,40,42,45,46,47,54],"ascension_level":19}}