{"host":"jksa5rawk3m4gilz","time":1608654516,"event":{"mods":["BaseMod","Colored Map","Highlight Path","Minty Spire (QoL Compilation)","Quick Restart"],"gold_per_floor":[113,126,140,205,216,256,256,282,282,302,312,350,350,376,376,462,462,462,462],"floor_reached":18,"playtime":697,"items_purged":[],"score":304,"play_id":"342545b5-94ba-42b4-b8e6-0f2941b59275","local_time":"20201222172836","is_ascension_mode":true,"campfire_choices":[{"floor":7.0,"key":"REST"},{"floor":13,"key":"REST"},{"data":"SignatureMove","floor":15,"key":"SMITH"}],"circlet_count":0,"master_deck":["AscendersBane","Strike_P","Strike_P","Defend_P","Defend_P","Defend_P","Defend_P","Eruption","Vigilance","Writhe","SignatureMove+1","Meditate","Crescendo","DeusExMachina","ClearTheMind","Swivel","SpiritShield","Blasphemy"],"relics":["PureWater","Bird Faced Urn","CeramicFish","Darkstone Periapt","TeardropLocket","FossilizedHelix","Empty Cage"],"acts_visited":["Exordium","TheCity"],"potions_floor_usage":[11,12],"damage_taken":[{"damage":0.0,"enemies":"Cultist","floor":1.0,"turns":3.0},{"damage":0.0,"enemies":"Small Slimes","floor":2.0,"turns":3.0},{"damage":5.0,"enemies":"Jaw Worm","floor":3.0,"turns":4.0},{"damage":16.0,"enemies":"Blue Slaver","floor":5.0,"turns":3.0},{"damage":7.0,"enemies":"Gremlin Nob","floor":6.0,"turns":3.0},{"damage":13.0,"enemies":"Red Slaver","floor":8.0,"turns":3.0},{"damage":0,"enemies":"Gremlin Gang","floor":10,"turns":5},{"damage":0,"enemies":"Large Slime","floor":11,"turns":3},{"damage":14,"enemies":"3 Sentries","floor":12,"turns":7},{"damage":12,"enemies":"Gremlin Nob","floor":14,"turns":3},{"damage":22,"enemies":"The Guardian","floor":16,"turns":9},{"damage":12,"enemies":"3 Byrds","floor":18,"turns":3}],"seed_played":"-7731405409883494482","potions_obtained":[{"floor":5.0,"key":"Fire Potion"},{"floor":10,"key":"ColorlessPotion"},{"floor":11,"key":"Strength Potion"},{"floor":12,"key":"Strength Potion"},{"floor":14,"key":"Strength Potion"}],"is_trial":false,"path_per_floor":["M","M","M","?","M","E","R","M","T","M","M","E","R","E","R","B",null,"M"],"character_chosen":"WATCHER","items_purchased":[],"campfire_rested":2,"item_purchase_floors":[],"current_hp_per_floor":[65,65,60,60,44,37,58,45,45,45,45,31,52,40,40,18,59,47,47],"gold":462,"neow_bonus":"ONE_RARE_RELIC","is_daily":false,"chose_seed":false,"campfire_upgraded":1,"win_rate":0.0,"timestamp":1608654516,"path_taken":["M","M","M","?","M","E","R","M","T","M","M","E","R","E","R","BOSS","M"],"items_purchased_type":[],"build_version":"2020-12-13","purchased_purges":0,"victory":false,"max_hp_per_floor":[72,72,72,72,72,72,72,72,72,72,72,72,72,72,72,72,72,72,72],"card_choices":[{"not_picked":["FlurryOfBlows","SandsOfTime"],"picked":"SignatureMove","floor":1.0},{"not_picked":["EmptyMind","DeceiveReality"],"picked":"Meditate","floor":2.0},{"not_picked":["WheelKick","Evaluate","Consecrate"],"picked":"SKIP","floor":3.0},{"not_picked":["SignatureMove","Worship"],"picked":"Crescendo","floor":5.0},{"not_picked":["JustLucky","ClearTheMind"],"picked":"DeusExMachina","floor":6.0},{"not_picked":["Evaluate","EmptyBody"],"picked":"ClearTheMind","floor":8.0},{"not_picked":["CarveReality","Wallop"],"picked":"Swivel","floor":10},{"not_picked":["EmptyBody","CutThroughFate","BowlingBash"],"picked":"SKIP","floor":11},{"not_picked":["EmptyFist","Evaluate"],"picked":"SpiritShield","floor":12},{"not_picked":["PathToVictory","EmptyBody","Consecrate"],"picked":"SKIP","floor":14},{"not_picked":["Devotion","Alpha"],"picked":"Blasphemy","floor":16}],"player_experience":2056722,"relics_obtained":[{"floor":6.0,"key":"CeramicFish"},{"floor":9.0,"key":"Darkstone Periapt"},{"floor":12,"key":"TeardropLocket"},{"floor":14,"key":"FossilizedHelix"}],"event_choices":[{"damage_healed":0.0,"max_hp_gain":0.0,"max_hp_loss":0.0,"gold_gain":65.0,"event_name":"Golden Wing","player_choice":"Gained Gold","floor":4.0,"gold_loss":0.0,"damage_taken":0.0}],"is_beta":false,"boss_relics":[{"not_picked":["Velvet Choker","SlaversCollar"],"picked":"Empty Cage"}],"items_purged_floors":[],"is_endless":false,"potions_floor_spawned":[5,10,11,12,14],"killed_by":"3 Byrds","ascension_level":13}}