{"host":"i09pxcjttd31eh4q","time":1608639481,"event":{"mods":["AchievementEnabler","BaseMod","Colored Map","Keyboard Shortcuts","Minty Spire (QoL Compilation)","StSLib","SuperFastMode"],"gold_per_floor":[112,112,126,146,146,146,126,51,77,93,171,171,189,203,203,323,323,348,366,366,379,404,404,404,404,459,459,280,300,313,338,338,458,458,477,477,493,516,516,516,547,560,609,622,622,189,204,54,54,54],"floor_reached":51,"playtime":1358,"items_purged":["Strike_B","Defend_B","Writhe","Parasite"],"score":673,"play_id":"7f3b281c-e097-4465-90be-4d000de480fe","local_time":"20201222211801","is_ascension_mode":false,"campfire_choices":[{"data":"Lockon","floor":6.0,"key":"SMITH"},{"data":"Barrage","floor":15.0,"key":"SMITH"},{"data":"Chill","floor":23.0,"key":"SMITH"},{"data":"Dualcast","floor":25.0,"key":"SMITH"},{"data":"Undo","floor":27.0,"key":"SMITH"},{"data":"Blizzard","floor":32.0,"key":"SMITH"},{"floor":40,"key":"REST"},{"floor":49,"key":"REST"}],"circlet_count":0,"master_deck":["Defend_B+1","Defend_B+1","Zap+1","Dualcast+1","Undo+1","Cold Snap+1","Lockon+1","Chill+1","Barrage+1","Blizzard+1","Fission+1","Aggregate+1","Consume+1","Aggregate+1","Redo+1","Glacier+1","Conserve Battery+1"],"relics":["Cracked Core","Symbiotic Virus","Golden Idol","Blood Vial","HornCleat","Inserter","PreservedInsect","Astrolabe","Mark of the Bloom","Anchor","Vajra","TungstenRod"],"acts_visited":["Exordium","TheCity","TheBeyond"],"potions_floor_usage":[33,33,47,50,50],"damage_taken":[{"damage":1.0,"enemies":"Jaw Worm","floor":1.0,"turns":5.0},{"damage":5.0,"enemies":"Small Slimes","floor":3.0,"turns":4.0},{"damage":0.0,"enemies":"Cultist","floor":4.0,"turns":3.0},{"damage":0.0,"enemies":"Large Slime","floor":10.0,"turns":2.0},{"damage":4.0,"enemies":"Gremlin Nob","floor":11.0,"turns":3.0},{"damage":0.0,"enemies":"3 Louse","floor":13.0,"turns":3.0},{"damage":5.0,"enemies":"Exordium Thugs","floor":14.0,"turns":3.0},{"damage":17.0,"enemies":"Slime Boss","floor":16.0,"turns":9.0},{"damage":15.0,"enemies":"2 Thieves","floor":18.0,"turns":4.0},{"damage":0.0,"enemies":"Spheric Guardian","floor":19.0,"turns":3.0},{"damage":8.0,"enemies":"Snecko","floor":21.0,"turns":5.0},{"damage":3.0,"enemies":"Shelled Parasite and Fungi","floor":22.0,"turns":6.0},{"damage":14.0,"enemies":"Snake Plant","floor":29.0,"turns":5.0},{"damage":1.0,"enemies":"Centurion and Healer","floor":30.0,"turns":7.0},{"damage":10.0,"enemies":"Shelled Parasite and Fungi","floor":31.0,"turns":6.0},{"damage":16,"enemies":"Collector","floor":33,"turns":9},{"damage":0,"enemies":"Orb Walker","floor":35,"turns":3},{"damage":0,"enemies":"3 Darklings","floor":37,"turns":5},{"damage":34,"enemies":"Sphere and 2 Shapes","floor":38,"turns":4},{"damage":5,"enemies":"Reptomancer","floor":41,"turns":7},{"damage":0,"enemies":"4 Shapes","floor":42,"turns":5},{"damage":27,"enemies":"Spire Growth","floor":44,"turns":6},{"damage":0,"enemies":"Writhing Mass","floor":47,"turns":7},{"damage":6,"enemies":"Time Eater","floor":50,"turns":22}],"seed_played":"2435655546945516566","potions_obtained":[{"floor":7.0,"key":"SkillPotion"},{"floor":10.0,"key":"SteroidPotion"},{"floor":11.0,"key":"FocusPotion"},{"floor":13.0,"key":"Block Potion"},{"floor":24.0,"key":"Fire Potion"},{"floor":30.0,"key":"AttackPotion"},{"floor":33,"key":"GamblersBrew"},{"floor":35,"key":"BlessingOfTheForge"},{"floor":37,"key":"ColorlessPotion"}],"is_trial":false,"path_per_floor":["M","?","M","M","?","R","?","$","T","M","?","?","M","M","R","B",null,"M","M","?","M","M","R","?","R","T","R","$","M","M","M","R","B",null,"M","?","M","M","?","R","E","M","T","M","?","$","M","$","R","B",null],"character_chosen":"DEFECT","items_purchased":["Blizzard","TungstenRod"],"campfire_rested":2,"item_purchase_floors":[28,46],"current_hp_per_floor":[74,67,62,62,44,44,44,44,44,46,44,44,46,43,43,28,75,60,62,62,56,55,55,55,55,55,55,55,43,44,36,36,22,75,75,75,75,41,41,41,36,36,36,9,9,9,9,9,9,3],"gold":54,"neow_bonus":"TRANSFORM_CARD","is_daily":false,"chose_seed":false,"campfire_upgraded":6,"win_rate":0.0,"timestamp":1608639481,"path_taken":["M","?","M","M","?","R","?","$","T","?","?","?","M","M","R","BOSS","M","M","?","?","?","R","?","R","T","R","$","M","M","M","R","BOSS","M","?","M","M","?","R","E","M","T","M","?","$","M","?","R","BOSS"],"items_purchased_type":["Card","Relic"],"build_version":"2020-12-13","purchased_purges":4,"victory":true,"max_hp_per_floor":[75,75,75,75,75,75,75,75,75,75,75,75,75,75,75,75,75,75,75,75,75,75,75,75,75,75,75,75,75,75,75,75,75,75,75,75,75,75,75,75,75,75,75,75,75,75,75,72,72,72],"card_choices":[{"not_picked":["Turbo","Sweeping Beam"],"picked":"Cold Snap","floor":1.0},{"not_picked":["Genetic Algorithm","Stack","Steam"],"picked":"SKIP","floor":3.0},{"not_picked":["FTL","Sweeping Beam"],"picked":"Lockon","floor":4.0},{"not_picked":["Beam Cell","Steam"],"picked":"Chill","floor":10.0},{"not_picked":["Ball Lightning","Cold Snap"],"picked":"Barrage","floor":11.0},{"not_picked":["Cold Snap","Darkness","Rip and Tear"],"picked":"SKIP","floor":13.0},{"not_picked":["Leap","Compile Driver","FTL"],"picked":"SKIP","floor":14.0},{"not_picked":["Compile Driver","Redo","Rebound"],"picked":"SKIP","floor":18.0},{"not_picked":["Cold Snap","Go for the Eyes+1","Chill"],"picked":"SKIP","floor":19.0},{"not_picked":["Streamline","White Noise","Loop"],"picked":"SKIP","floor":21.0},{"not_picked":["Cold Snap","Thunder Strike","Turbo+1"],"picked":"SKIP","floor":22.0},{"not_picked":["Lockon+1","Reprogram","Tempest+1"],"picked":"SKIP","floor":29.0},{"not_picked":["Capacitor+1","Stack","Sweeping Beam"],"picked":"SKIP","floor":30.0},{"not_picked":["Reprogram","Beam Cell+1","Chill"],"picked":"SKIP","floor":31.0},{"not_picked":["Machine Learning","Multi-Cast"],"picked":"Fission","floor":33},{"not_picked":["Barrage","Sunder"],"picked":"Redo","floor":35},{"not_picked":["Go for the Eyes+1","Darkness"],"picked":"Glacier+1","floor":37},{"not_picked":["White Noise","Cold Snap+1"],"picked":"BootSequence+1","floor":38},{"not_picked":["Undo+1","Rebound","Sweeping Beam+1"],"picked":"SKIP","floor":41},{"not_picked":["Undo","Skim","Stack"],"picked":"SKIP","floor":42},{"not_picked":["Streamline+1","Force Field","Heatsinks+1"],"picked":"SKIP","floor":44},{"not_picked":["Steam","Aggregate+1"],"picked":"Conserve Battery+1","floor":47}],"player_experience":758176,"relics_obtained":[{"floor":9.0,"key":"Blood Vial"},{"floor":11.0,"key":"HornCleat"},{"floor":26.0,"key":"PreservedInsect"},{"floor":41,"key":"Anchor"},{"floor":43,"key":"Vajra"}],"event_choices":[{"damage_healed":0.0,"max_hp_gain":0.0,"max_hp_loss":0.0,"gold_gain":0.0,"event_name":"Scrap Ooze","player_choice":"Success","floor":2.0,"gold_loss":0.0,"damage_taken":7.0,"relics_obtained":["Symbiotic Virus"]},{"damage_healed":0.0,"max_hp_gain":0.0,"max_hp_loss":0.0,"gold_gain":0.0,"event_name":"Golden Idol","player_choice":"Take Damage","floor":5.0,"gold_loss":0.0,"damage_taken":18.0,"relics_obtained":["Golden Idol"]},{"damage_healed":0.0,"max_hp_gain":0.0,"max_hp_loss":0.0,"gold_gain":0.0,"event_name":"The Woman in Blue","player_choice":"Bought 1 Potion","floor":7.0,"gold_loss":0.0,"damage_taken":0.0},{"damage_healed":0.0,"max_hp_gain":0.0,"max_hp_loss":0.0,"gold_gain":0.0,"event_name":"Dead Adventurer","player_choice":"Searched \u00271\u0027 times","floor":11.0,"gold_loss":0.0,"damage_taken":0.0},{"damage_healed":0.0,"max_hp_gain":0.0,"max_hp_loss":0.0,"gold_gain":0.0,"event_name":"NoteForYourself","player_choice":"Ignored","floor":12.0,"gold_loss":0.0,"damage_taken":0.0},{"damage_healed":0.0,"max_hp_gain":0.0,"max_hp_loss":0.0,"gold_gain":0.0,"event_name":"Accursed Blacksmith","player_choice":"Forge","floor":20.0,"gold_loss":0.0,"damage_taken":0.0,"cards_upgraded":["Zap"]},{"damage_healed":0.0,"max_hp_gain":0.0,"max_hp_loss":0.0,"gold_gain":0.0,"event_name":"Lab","player_choice":"Got Potions","floor":24.0,"gold_loss":0.0,"damage_taken":0.0},{"damage_healed":0,"gold_gain":0,"player_choice":"Upgrade","damage_taken":0,"relics_obtained":["Mark of the Bloom"],"max_hp_gain":0,"max_hp_loss":0,"event_name":"MindBloom","floor":36,"gold_loss":0,"cards_upgraded":["Defend_B","Defend_B","Cold Snap","Fission","Redo"]},{"cards_removed":["BootSequence"],"damage_healed":0,"gold_gain":0,"player_choice":"Removed Skill","damage_taken":0,"max_hp_gain":0,"max_hp_loss":0,"event_name":"Falling","floor":39,"gold_loss":0},{"damage_healed":19,"gold_gain":0,"player_choice":"Writhe","damage_taken":0,"max_hp_gain":0,"max_hp_loss":0,"event_name":"Winding Halls","floor":45,"gold_loss":0,"cards_obtained":["Writhe"]}],"is_beta":false,"boss_relics":[{"not_picked":["Runic Pyramid","Snecko Eye"],"picked":"Inserter"},{"not_picked":["SlaversCollar","Fusion Hammer"],"picked":"Astrolabe"}],"items_purged_floors":[8,28,46,48],"is_endless":false,"potions_floor_spawned":[10,11,13,16,18,29,30,31,33,35,37,38,44],"ascension_level":0}}