{"host":"ec09novo68szpe7d","time":1608674833,"event":{"mods":["AchievementEnabler","BaseMod","Bestiary","Minty Spire (QoL Compilation)","Replay The Spire","StSLib"],"gold_per_floor":[111,127,146,164,174,202,220,220,220,220,247,265,275,275,275,403,403,421,421,421,434,50,81,124,124,147,186,204,204,229,252,252,377,377,400,300,313,336,157,67,67,105,105,105,105,220,220,220,220],"floor_reached":48,"playtime":4891,"items_purged":["Writhe","Strike_R","Strike_R"],"score":607,"play_id":"88c3ad59-0a4d-486c-9f1a-93d3b3d3a841","local_time":"20201222230713","is_ascension_mode":false,"campfire_choices":[{"data":"Feed","floor":8.0,"key":"SMITH"},{"data":"Armaments","floor":10.0,"key":"SMITH"},{"floor":15.0,"key":"REST"},{"floor":25.0,"key":"REST"},{"data":"Demon Form","floor":29.0,"key":"SMITH"},{"floor":32.0,"key":"REST"},{"data":"True Grit","floor":41.0,"key":"SMITH"},{"floor":44.0,"key":"REST"}],"circlet_count":0,"master_deck":["Strike_R","Strike_R","Defend_R","Defend_R","Defend_R","Defend_R+1","Bash","Armaments+1","Body Slam","Clothesline","Shrug It Off","Feed+1","Body Slam","True Grit+1","ReplayTheSpireMod:Stacked","Demon Form+1","Replay:Undeath\u0027s Touch","Heavy Blade","Barricade+1","Power Through+1","Feel No Pain+1","Ghostly Armor","True Grit","Berserk+1","Armaments+1","Sever Soul","Defy Death+1","Havoc+1","Pot Of Greed","Pot Of Greed","Limit Break+1"],"relics":["Burning Blood","Art of War","Nunchaku","Darkstone Periapt","Lantern","Golden Idol","Black Star","Orichalcum","WingedGreaves","Frozen Egg 2","Golden Egg","Bag of Preparation","TungstenRod","Kunai","ReplayFunnel","Mark of Pain","White Beast Statue","Grinning Jar","Champion Belt","Ancient Tea Set"],"acts_visited":["Exordium","TheCity","TheBeyond"],"potions_floor_usage":[48,48],"damage_taken":[{"damage":1.0,"enemies":"Cultist","floor":1.0,"turns":3.0},{"damage":2.0,"enemies":"Jaw Worm","floor":2.0,"turns":4.0},{"damage":0.0,"enemies":"Small Slimes","floor":3.0,"turns":3.0},{"damage":8.0,"enemies":"Exordium Wildlife","floor":4.0,"turns":5.0},{"damage":3.0,"enemies":"Looter","floor":5.0,"turns":4.0},{"damage":17.0,"enemies":"Lagavulin","floor":6.0,"turns":8.0},{"damage":19.0,"enemies":"Exordium Thugs","floor":7.0,"turns":6.0},{"damage":27.0,"enemies":"3 Sentries","floor":11.0,"turns":12.0},{"damage":4.0,"enemies":"Red Slaver","floor":12.0,"turns":6.0},{"damage":0.0,"enemies":"Large Slime","floor":13.0,"turns":6.0},{"damage":45.0,"enemies":"The Guardian","floor":16.0,"turns":14.0},{"damage":23.0,"enemies":"3 Byrds","floor":18.0,"turns":8.0},{"damage":10.0,"enemies":"Shell Parasite","floor":21.0,"turns":11.0},{"damage":18.0,"enemies":"Replay:Snechameleon","floor":23.0,"turns":6.0},{"damage":71.0,"enemies":"Slavers","floor":24.0,"turns":10.0},{"damage":38.0,"enemies":"Gremlin Leader","floor":27.0,"turns":10.0},{"damage":6.0,"enemies":"Snake Plant","floor":28.0,"turns":6.0},{"damage":20.0,"enemies":"Chosen and Byrds","floor":30.0,"turns":8.0},{"damage":15.0,"enemies":"3 Cultists","floor":31.0,"turns":7.0},{"damage":18.0,"enemies":"Collector","floor":33.0,"turns":11.0},{"damage":3.0,"enemies":"Orb Walker","floor":35.0,"turns":5.0},{"damage":26.0,"enemies":"3 Darklings","floor":37.0,"turns":8.0},{"damage":0.0,"enemies":"Maw","floor":38.0,"turns":7.0},{"damage":83.0,"enemies":"Reptomancer","floor":42.0,"turns":8.0},{"damage":35,"enemies":"Transient","floor":48,"turns":5}],"seed_played":"8804604721550843217","potions_obtained":[{"floor":3.0,"key":"Regen Potion"},{"floor":4.0,"key":"Fire Potion"},{"floor":11.0,"key":"Venom Potion"},{"floor":12.0,"key":"Strength Potion"},{"floor":13.0,"key":"Elixir"},{"floor":23.0,"key":"Energy Potion"},{"floor":24.0,"key":"Regen Potion"},{"floor":31.0,"key":"ColorlessPotion"},{"floor":33.0,"key":"Adrenaline Potion"},{"floor":42.0,"key":"Weak Potion"}],"is_trial":false,"path_per_floor":["M","M","M","M","M","E","M","R","T","R","E","M","M","?","R","B",null,"M","?","?","M","$","E","E","R","T","E","M","R","M","M","R","B",null,"M","$","M","M","$","?","R","E","T","R","T","?","?","M"],"character_chosen":"IRONCLAD","items_purchased":["WingedGreaves","Havoc"],"campfire_rested":4,"item_purchase_floors":[22,39],"current_hp_per_floor":[80,80,80,78,80,69,59,59,59,59,42,48,58,35,63,24,95,82,82,88,88,88,76,26,58,58,26,40,40,26,17,49,37,109,113,113,93,99,99,99,99,26,26,61,61,16,16,0,0],"gold":220,"neow_bonus":"RANDOM_COMMON_RELIC","is_daily":false,"chose_seed":false,"campfire_upgraded":4,"win_rate":0.0,"timestamp":1608674833,"path_taken":["M","M","M","M","M","E","?","R","T","R","E","M","M","?","R","BOSS","M","?","?","M","$","E","E","R","T","E","M","R","M","M","R","BOSS","M","$","M","M","$","?","R","E","T","R","?","?","?","M"],"items_purchased_type":["Relic","Card"],"build_version":"2020-12-13","purchased_purges":3,"victory":false,"max_hp_per_floor":[80,80,80,80,80,80,83,83,83,83,87,91,95,95,95,95,95,99,99,105,109,109,109,109,109,109,109,109,109,109,109,109,109,109,113,113,113,113,113,113,113,117,117,117,117,117,117,117,117],"card_choices":[{"not_picked":["ReplayTheSpireMod:Limb From Limb","Ghostly Armor"],"picked":"Armaments","floor":1.0},{"not_picked":["Flex","Second Wind"],"picked":"Body Slam","floor":2.0},{"not_picked":["Warcry","Thunderclap"],"picked":"Clothesline","floor":3.0},{"not_picked":["ReplayTheSpireMod:Corrosion Curse","Evolve"],"picked":"Shrug It Off","floor":4.0},{"not_picked":["Sword Boomerang","ReplayTheSpireMod:Strike From Hell","Searing Blow"],"picked":"SKIP","floor":5.0},{"not_picked":["Bloodletting","Clothesline"],"picked":"Feed","floor":6.0},{"not_picked":["Warcry","Twin Strike"],"picked":"Body Slam","floor":7.0},{"not_picked":["Massacre","Wild Strike","Twin Strike"],"picked":"SKIP","floor":11.0},{"not_picked":["Anger","Havoc"],"picked":"True Grit","floor":12.0},{"not_picked":["Wild Strike","Reckless Charge"],"picked":"ReplayTheSpireMod:Stacked","floor":13.0},{"not_picked":["Double Tap","Limit Break"],"picked":"Demon Form","floor":16.0},{"not_picked":["Twin Strike","Flex"],"picked":"Replay:Undeath\u0027s Touch","floor":18.0},{"not_picked":["Searing Blow+1","Pommel Strike","Armaments"],"picked":"SKIP","floor":21.0},{"not_picked":["Replay:Undeath\u0027s Touch","Clothesline"],"picked":"Barricade+1","floor":23.0},{"not_picked":["Perfected Strike","Life Link+1"],"picked":"Power Through+1","floor":24.0},{"not_picked":["Warcry+1","Dual Wield"],"picked":"Feel No Pain+1","floor":27.0},{"not_picked":["Wild Strike","Replay:Undeath\u0027s Touch+1"],"picked":"Ghostly Armor","floor":28.0},{"not_picked":["Armaments","Shrug It Off","Iron Wave"],"picked":"SKIP","floor":30.0},{"not_picked":["Bloodletting","Heavy Blade"],"picked":"True Grit","floor":31.0},{"not_picked":["Demon Form+1","Brutality+1"],"picked":"Berserk+1","floor":33.0},{"not_picked":["Sword Boomerang","Twin Strike+1"],"picked":"Armaments+1","floor":35.0},{"not_picked":["Anger","Perfected Strike+1"],"picked":"Sever Soul","floor":37.0},{"not_picked":["Run Through","Brutality+1"],"picked":"Defy Death+1","floor":38.0},{"not_picked":["Uppercut+1","Inflame+1","Anger"],"picked":"SKIP","floor":42.0},{"not_picked":["Body Slam+1","Sentinel+1"],"picked":"Limit Break","floor":46.0}],"player_experience":171170,"relics_obtained":[{"floor":6.0,"key":"Nunchaku"},{"floor":9.0,"key":"Darkstone Periapt"},{"floor":11.0,"key":"Lantern"},{"floor":23.0,"key":"Frozen Egg 2"},{"floor":23.0,"key":"Golden Egg"},{"floor":24.0,"key":"Bag of Preparation"},{"floor":24.0,"key":"TungstenRod"},{"floor":27.0,"key":"Kunai"},{"floor":27.0,"key":"ReplayFunnel"},{"floor":42.0,"key":"White Beast Statue"},{"floor":42.0,"key":"Grinning Jar"},{"floor":43.0,"key":"Champion Belt"},{"floor":45.0,"key":"Ancient Tea Set"}],"event_choices":[{"damage_healed":0.0,"max_hp_gain":0.0,"max_hp_loss":0.0,"gold_gain":0.0,"event_name":"Golden Idol","player_choice":"Take Damage","floor":14.0,"gold_loss":0.0,"damage_taken":23.0,"relics_obtained":["Golden Idol"]},{"damage_healed":0.0,"max_hp_gain":0.0,"max_hp_loss":0.0,"gold_gain":0.0,"event_name":"The Library","player_choice":"Read","floor":19.0,"gold_loss":0.0,"damage_taken":0.0,"cards_obtained":["Heavy Blade"]},{"damage_healed":0.0,"max_hp_gain":0.0,"max_hp_loss":0.0,"gold_gain":0.0,"event_name":"The Mausoleum","player_choice":"Opened","floor":20.0,"gold_loss":0.0,"damage_taken":0.0,"relics_obtained":["Orichalcum"],"cards_obtained":["Writhe"]},{"cards_removed":["Strike_R"],"damage_healed":0.0,"max_hp_gain":0.0,"max_hp_loss":0.0,"gold_gain":0.0,"event_name":"Designer","player_choice":"Upgrade and Remove","floor":40.0,"gold_loss":90.0,"damage_taken":0.0,"cards_upgraded":["Defend_R"]},{"cards_removed":["Pot Of Greed"],"damage_healed":0.0,"max_hp_gain":0.0,"max_hp_loss":0.0,"gold_gain":0.0,"event_name":"Falling","player_choice":"Removed Skill","floor":47.0,"gold_loss":0.0,"damage_taken":0.0}],"is_beta":false,"boss_relics":[{"not_picked":["Replay:Bronze Core","Black Blood"],"picked":"Black Star"},{"not_picked":["ReplayTheSpireMod:DimensionalGlitch","Runic Pyramid"],"picked":"Mark of Pain"}],"items_purged_floors":[22,36,39],"is_endless":false,"potions_floor_spawned":[3,4,11,12,13,23,24,31,33,42],"killed_by":"Transient","ascension_level":0}}