{"host":"cbnfbo28eyz4xcn1","time":1608609530,"event":{"mods":["BaseMod","Colored Map","Colored Powertips","Infinite Spire","Minty Spire (QoL Compilation)","Replay The Spire","StSLib"],"gold_per_floor":[111,37,37,48,61,61,91,91,91,91,104,132,132,132,132,233,233,253,253,330,347,347,390,412,458,458,466,466],"floor_reached":27,"playtime":876,"items_purged":[],"score":451,"play_id":"840e946e-bbd2-472f-ad8e-5300934f9083","local_time":"20201222045850","is_ascension_mode":true,"campfire_choices":[{"data":"infinitespire:Punishment","floor":6,"key":"SMITH"},{"data":"Malaise","floor":8,"key":"SMITH"},{"floor":10,"key":"REST"},{"data":"infinitespire:Neurotoxin","floor":15,"key":"SMITH"}],"circlet_count":0,"master_deck":["AscendersBane","Strike_G","Strike_G","Strike_G","Strike_G","Defend_G","Defend_G","Defend_G","Defend_G","Defend_G","Survivor","Neutralize","Backflip","Slice","Deflect","infinitespire:Punishment+1","Quick Slash","Dagger Spray","Backflip","Malaise+1","Prepared","infinitespire:Neurotoxin+1","Malaise","CurseOfTheBell","Heel Hook+1","Backflip+1","infinitespire:Punishment","Dodge and Roll","Blade Dance","Deflect+1"],"relics":["NeowsBlessing","Replay:PocketPolymizer","Tough Bandages","Bag of Preparation","infinitespire:Lucky Rock","Sizzling Blood","Calling Bell","Happy Flower","infinitespire:Midas Blood","Mango","Meat on the Bone","Bronze Scales","Toy Ornithopter","Ornamental Fan"],"acts_visited":["Exordium","TheCity"],"potions_floor_usage":[7,16,25],"damage_taken":[{"damage":0.0,"enemies":"Cultist","floor":1.0,"turns":1.0},{"damage":0.0,"enemies":"2 Louse","floor":4.0,"turns":1.0},{"damage":0,"enemies":"Jaw Worm","floor":5,"turns":1},{"damage":10,"enemies":"Lagavulin","floor":7,"turns":4},{"damage":11,"enemies":"Looter","floor":11,"turns":4},{"damage":0,"enemies":"3 Sentries","floor":12,"turns":7},{"damage":18,"enemies":"Slime Boss","floor":16,"turns":8},{"damage":11,"enemies":"Spheric Guardian","floor":18,"turns":4},{"damage":16,"enemies":"Shell Parasite","floor":21,"turns":8},{"damage":21,"enemies":"Gremlin Leader","floor":23,"turns":5},{"damage":11,"enemies":"Snecko","floor":24,"turns":4},{"damage":36,"enemies":"Slavers","floor":25,"turns":4},{"damage":40,"enemies":"Gremlin Leader","floor":27,"turns":3}],"seed_played":"7604880708225772591","potions_obtained":[{"floor":1.0,"key":"Swift Potion"},{"floor":12,"key":"LiquidMemories"},{"floor":21,"key":"Strength Potion"}],"is_trial":false,"path_per_floor":["M","$","?","M","M","R","E","R","T","R","M","E","?","?","R","B",null,"M","?","T","M","AVR","E","M","E","T","E"],"character_chosen":"THE_SILENT","items_purchased":["Slice","Deflect"],"campfire_rested":1,"item_purchase_floors":[2,2],"current_hp_per_floor":[63,63,46,46,46,46,36,36,36,57,46,46,39,43,43,29,77,70,70,70,58,58,53,58,38,38,0,0],"gold":466,"neow_bonus":"THREE_ENEMY_KILL","is_daily":false,"chose_seed":false,"campfire_upgraded":3,"win_rate":0.0,"timestamp":1608609530,"path_taken":["M","$","?","M","M","R","E","R","T","R","M","E","?","?","R","BOSS","M","?","?","M","AVR","E","M","E","T","E"],"items_purchased_type":["Card","Card"],"build_version":"2020-12-13","purchased_purges":0,"victory":false,"max_hp_per_floor":[70,70,70,70,70,70,70,70,70,70,70,70,70,74,74,74,88,88,88,88,88,88,88,88,88,88,88,88],"card_choices":[{"not_picked":["Prepared","Sucker Punch"],"picked":"Backflip","floor":1.0},{"not_picked":["infinitespire:Menacing","infinitespire:UltimateForm"],"picked":"infinitespire:Punishment","floor":3.0},{"not_picked":["Backflip","Dash"],"picked":"Quick Slash","floor":4.0},{"not_picked":["Outmaneuver","Predator"],"picked":"Dagger Spray","floor":5},{"not_picked":["Flying Knee","ReplayTheSpireMod:Necrosis"],"picked":"Backflip","floor":7},{"not_picked":["Sucker Punch","Underhanded Strike"],"picked":"Prepared","floor":11},{"not_picked":["Underhanded Strike","Prepared"],"picked":"infinitespire:Neurotoxin","floor":12},{"not_picked":["Doppelganger","A Thousand Cuts"],"picked":"Malaise","floor":16},{"not_picked":["Outmaneuver","ReplayTheSpireMod:Tripwire"],"picked":"Heel Hook+1","floor":18},{"not_picked":["Quick Slash","Blade Dance"],"picked":"Backflip+1","floor":21},{"not_picked":["Masterful Stab","Grand Finale"],"picked":"Dodge and Roll","floor":23},{"not_picked":["Setup+1","Underhanded Strike"],"picked":"Blade Dance","floor":24},{"not_picked":["Dash","Flying Knee"],"picked":"Deflect+1","floor":25}],"player_experience":464110,"relics_obtained":[{"floor":7,"key":"Replay:PocketPolymizer"},{"floor":9,"key":"Tough Bandages"},{"floor":12,"key":"Bag of Preparation"},{"floor":17,"key":"Happy Flower"},{"floor":17,"key":"infinitespire:Midas Blood"},{"floor":17,"key":"Mango"},{"floor":20,"key":"Meat on the Bone"},{"floor":23,"key":"Bronze Scales"},{"floor":25,"key":"Toy Ornithopter"},{"floor":26,"key":"Ornamental Fan"}],"event_choices":[{"damage_healed":0,"gold_gain":0,"player_choice":"Success","damage_taken":7,"relics_obtained":["infinitespire:Lucky Rock"],"max_hp_gain":0,"max_hp_loss":0,"event_name":"Scrap Ooze","floor":13,"gold_loss":0},{"damage_healed":0,"gold_gain":0,"player_choice":"Ignored","damage_taken":0,"max_hp_gain":0,"max_hp_loss":0,"event_name":"Ghosts","floor":19,"gold_loss":0}],"is_beta":false,"boss_relics":[{"not_picked":["Astrolabe","Fusion Hammer"],"picked":"Calling Bell"}],"items_purged_floors":[],"is_endless":false,"potions_floor_spawned":[1,12,21],"killed_by":"Gremlin Leader","ascension_level":10}}