{"host":"dvpvhz1t6etneyb3","time":1608674146,"event":{"mods":["AchievementEnabler","BaseMod","Colored Map","Highlight Path","Minty Spire (QoL Compilation)","Permanent Neow","Quick Restart"],"gold_per_floor":[116,116,135,146,1,1,34,34,61,20,20,40,71,91,91,91,91],"floor_reached":16,"playtime":475,"items_purged":[],"score":270,"play_id":"c1a5db83-7b99-4c70-a3b6-b6a7c7f9f884","local_time":"20201222165546","is_ascension_mode":true,"campfire_choices":[{"data":"CrushJoints","floor":6.0,"key":"SMITH"},{"floor":11,"key":"REST"},{"floor":15,"key":"REST"}],"circlet_count":0,"master_deck":["AscendersBane","Strike_P","Strike_P","Strike_P+1","Strike_P","Defend_P","Defend_P","Defend_P+1","Defend_P","Eruption+1","Vigilance","CrushJoints+1","FlyingSleeves","Adaptation","FlurryOfBlows","MentalFortress","Wallop","Crescendo","Protect"],"relics":["PureWater","Question Card","Gremlin Horn","MawBank","Omamori"],"acts_visited":["Exordium"],"potions_floor_usage":[7,12,13],"damage_taken":[{"damage":1.0,"enemies":"Small Slimes","floor":1.0,"turns":4.0},{"damage":0.0,"enemies":"Jaw Worm","floor":3.0,"turns":2.0},{"damage":0.0,"enemies":"2 Louse","floor":4.0,"turns":2.0},{"damage":39,"enemies":"Gremlin Nob","floor":7,"turns":4},{"damage":9,"enemies":"Large Slime","floor":12,"turns":5},{"damage":0,"enemies":"Lagavulin","floor":13,"turns":5},{"damage":0,"enemies":"Exordium Wildlife","floor":14,"turns":2},{"damage":32,"enemies":"Hexaghost","floor":16,"turns":7}],"seed_played":"6646085937476737064","potions_obtained":[{"floor":1.0,"key":"Strength Potion"}],"is_trial":false,"path_per_floor":["M","?","M","M","$","R","E","T","T","$","R","M","E","M","R","B"],"character_chosen":"WATCHER","items_purchased":["FlurryOfBlows","MentalFortress","Dexterity Potion","Swift Potion"],"campfire_rested":2,"item_purchase_floors":[5,5,5,10],"current_hp_per_floor":[60,40,40,40,40,40,1,1,1,1,21,12,12,12,32,0,0],"gold":91,"neow_bonus":"UPGRADE_CARD","is_daily":false,"chose_seed":false,"campfire_upgraded":1,"win_rate":0.0,"timestamp":1608674146,"path_taken":["M","?","M","M","$","R","E","?","T","$","R","M","E","M","R","BOSS"],"items_purchased_type":["Card","Card","Potion","Potion"],"build_version":"2020-12-13","purchased_purges":0,"victory":false,"max_hp_per_floor":[68,68,68,68,68,68,68,68,68,68,68,68,68,68,68,68,68],"card_choices":[{"not_picked":["Indignation","Halt"],"picked":"CrushJoints","floor":1.0},{"not_picked":["Crescendo","Devotion"],"picked":"FlyingSleeves","floor":3.0},{"not_picked":["Consecrate","Protect"],"picked":"Adaptation","floor":4.0},{"not_picked":["Judgement","FlurryOfBlows","InnerPeace"],"picked":"SKIP","floor":7},{"not_picked":["Halt","Pray","EmptyBody"],"picked":"Wallop","floor":12},{"not_picked":["EmptyMind","Evaluate","Halt"],"picked":"Crescendo","floor":13},{"not_picked":["JustLucky","SashWhip","CutThroughFate"],"picked":"Protect","floor":14}],"player_experience":1939710,"relics_obtained":[{"floor":7,"key":"Question Card"},{"floor":8,"key":"Gremlin Horn"},{"floor":9,"key":"MawBank"},{"floor":13,"key":"Omamori"}],"event_choices":[{"damage_healed":0.0,"max_hp_gain":0.0,"max_hp_loss":0.0,"gold_gain":0.0,"event_name":"Shining Light","player_choice":"Entered Light","floor":2.0,"gold_loss":0.0,"damage_taken":20.0,"cards_upgraded":["Defend_P","Strike_P"]}],"is_beta":false,"boss_relics":[],"items_purged_floors":[],"is_endless":false,"potions_floor_spawned":[1],"killed_by":"Hexaghost","ascension_level":20}}