{"host":"28bpuzdckreop5i0","time":1608646932,"event":{"mods":["BaseMod","BetterRewards","Challenge The Spire","Defuse TimeMaze Blight","Downfall","Energized Spire","Googly Eyes","Hubris","Lobotomy","Mimic Mod","Minty Spire (QoL Compilation)","Relic Stats","Replay The Spire","Spicy Shops","StSLib","The Awakened One except there are too many feathers","The Cursed","The Hierophant","The IronCluck","Thieving Mod","Transform Curses","Wandering Minibosses","slay the spire mod where everything is the same but ironclad has a cowboy hat"],"gold_per_floor":[117,117,117,129,144,144,174,191,226,226,8,8,20,34,34,132,132,146,161,37,237,237,237],"floor_reached":22,"playtime":851,"items_purged":[],"score":186,"play_id":"6ee59a0d-8254-487a-b166-3ec70b7e6d5f","local_time":"20201222082212","is_ascension_mode":false,"campfire_choices":[{"data":"Immolate","floor":6,"key":"SMITH"},{"floor":10,"key":"REST"},{"data":"Perfected Strike","floor":12,"key":"SMITH"},{"data":"Thunderclap","floor":15,"key":"SMITH"}],"circlet_count":0,"master_deck":["Strike_R","Strike_R","Strike_R","Strike_R","Strike_R","Defend_R","Defend_R","Defend_R","Defend_R","Bash+1","NakedNest","Thunderclap+1","Regret","SpiderBud","Heavy Blade","OSAHOGD","Immolate+1","WallGazer","Immolate","QueenBee","Carnage","MeatLantern","Perfected Strike+1","Armaments","Shockwave","Freischutz","Carnage","UniverseFragment","HappyTeddy","Fiend Fire","PunishingBird","Inflame","Wellcheers","hubris:ReadiedAction+1"],"relics":["Burning Blood","CogitoBucket","hubris:AstralHammer","Tiny Chest","Blood Vial","Membership Card","ChangeAnything","Ooze Armor","hubris:PeanutButter"],"acts_visited":["Exordium","TheCity"],"potions_floor_usage":[13,16],"damage_taken":[{"damage":1,"enemies":"Cultist","floor":1,"turns":4},{"damage":20,"enemies":"Jaw Worm","floor":4,"turns":4},{"damage":2,"enemies":"2 Louse","floor":5,"turns":3},{"damage":29,"enemies":"Gremlin Nob","floor":7,"turns":4},{"damage":17,"enemies":"Looter","floor":8,"turns":3},{"damage":10,"enemies":"Red Slaver","floor":9,"turns":7},{"damage":8,"enemies":"Red Slaver","floor":13,"turns":3},{"damage":4,"enemies":"Large Slime","floor":14,"turns":3},{"damage":48,"enemies":"Hexaghost","floor":16,"turns":9},{"damage":8,"enemies":"2 Thieves","floor":18,"turns":3},{"damage":3,"enemies":"Shell Parasite","floor":19,"turns":4},{"damage":92,"enemies":"Snecko","floor":22,"turns":1}],"seed_played":"-4968468451784606843","potions_obtained":[{"floor":7,"key":"Guardian:BlockOnCardUsePotion"},{"floor":8,"key":"LiquidBronze"},{"floor":14,"key":"SteroidPotion"}],"is_trial":false,"path_per_floor":["M","?","?","M","M","R","E","M","MIM","R","$","R","M","M","R","B",null,"M","M","$","?","M"],"character_chosen":"IRONCLAD","items_purchased":["Membership Card","Armaments","Shockwave","hubris:PeanutButter"],"campfire_rested":1,"item_purchase_floors":[11,11,11,20],"current_hp_per_floor":[80,80,80,66,70,70,47,36,32,56,56,56,58,62,62,22,80,78,80,80,80,0,0],"gold":237,"neow_bonus":"","is_daily":false,"chose_seed":false,"campfire_upgraded":3,"win_rate":0.0,"timestamp":1608646932,"path_taken":["M","?","?","M","M","R","E","M","MIM","R","$","R","M","M","R","BOSS","M","M","$","?","M"],"items_purchased_type":["Relic","Card","Card","Relic"],"build_version":"2020-12-13","purchased_purges":0,"victory":false,"max_hp_per_floor":[80,80,80,80,80,80,80,80,80,80,80,80,80,80,80,80,80,80,80,80,80,80,80],"relic_stats":{"Blood Vial":10,"counters":[24,92],"Tiny Chest":0,"obtain_stats":[{"Replay:Mystery Machine":9,"Burning Blood":0,"Blood Vial":9,"CogitoBucket":0,"hubris:AstralHammer":2,"Ooze Armor":17,"Tiny Chest":7,"hubris:PeanutButter":20,"BehaviorAdjustment":12,"Membership Card":11,"Replay:Bottled Eggs":11,"ChangeAnything":13,"Unceasing Top":2},{"Replay:Mystery Machine":5,"Burning Blood":0,"Blood Vial":16,"CogitoBucket":0,"hubris:AstralHammer":11,"Ooze Armor":20,"Tiny Chest":14,"hubris:PeanutButter":22,"BehaviorAdjustment":7,"Membership Card":16,"Replay:Bottled Eggs":5,"ChangeAnything":18,"Unceasing Top":1},{"Replay:Mystery Machine":18,"Burning Blood":0,"Blood Vial":67,"CogitoBucket":0,"hubris:AstralHammer":46,"Ooze Armor":83,"Tiny Chest":57,"hubris:PeanutButter":90,"BehaviorAdjustment":26,"Membership Card":67,"Replay:Bottled Eggs":18,"ChangeAnything":71,"Unceasing Top":5}],"Burning Blood":99},"card_choices":[{"not_picked":["CherryBlossoms","Yin"],"picked":"NakedNest","floor":1},{"not_picked":["Warcry","Flex"],"picked":"Thunderclap","floor":1},{"not_picked":["UniverseFragment","FairyFestival"],"picked":"SpiderBud","floor":4},{"not_picked":["Replay:Undeath\u0027s Touch","Thunderclap"],"picked":"Heavy Blade","floor":4},{"not_picked":["SingingMachine","BeautyBeast"],"picked":"OSAHOGD","floor":5},{"not_picked":["Iron Wave","Clash"],"picked":"Immolate","floor":5},{"not_picked":["MeatLantern","OldLady"],"picked":"WallGazer","floor":7},{"not_picked":["Exhume","Warcry"],"picked":"Immolate","floor":7},{"not_picked":["WhitesApple","MHz"],"picked":"QueenBee","floor":8},{"not_picked":["ReplayTheSpireMod:Strike From Hell","ReplayTheSpireMod:LeadingStrike"],"picked":"Carnage","floor":8},{"not_picked":["Murderer","OldLady"],"picked":"MeatLantern","floor":9},{"not_picked":["Armaments","Sever Soul"],"picked":"Perfected Strike","floor":9},{"not_picked":["Bloodbath","SingingMachine"],"picked":"Freischutz","floor":13},{"not_picked":["Armaments","Shrug It Off"],"picked":"Carnage","floor":13},{"not_picked":["Bloodbath","FairyFestival"],"picked":"UniverseFragment","floor":14},{"not_picked":["Rupture","Rage","Armaments"],"picked":"SKIP","floor":14},{"not_picked":["Woodsman","ShyLook"],"picked":"HappyTeddy","floor":16},{"not_picked":["Double Tap","Demon Form"],"picked":"Fiend Fire","floor":16},{"not_picked":["Variant","GalaxyChild"],"picked":"PunishingBird","floor":18},{"not_picked":["Seeing Red","Clothesline+1"],"picked":"Inflame","floor":18},{"not_picked":["QueenOfHatred","Scorched"],"picked":"Wellcheers","floor":19},{"not_picked":["Iron Wave","Clothesline"],"picked":"hubris:ReadiedAction+1","floor":19}],"player_experience":870044,"relics_obtained":[{"floor":7,"key":"Tiny Chest"},{"floor":9,"key":"Blood Vial"}],"event_choices":[{"damage_healed":0,"gold_gain":0,"player_choice":"Box","damage_taken":0,"relics_obtained":["hubris:AstralHammer"],"max_hp_gain":0,"max_hp_loss":0,"event_name":"Big Fish","floor":2,"gold_loss":0,"cards_obtained":["Regret"]},{"damage_healed":0,"gold_gain":0,"player_choice":"Grow","damage_taken":0,"max_hp_gain":0,"max_hp_loss":0,"event_name":"Living Wall","floor":3,"gold_loss":0,"cards_upgraded":["Bash"]},{"damage_healed":0,"gold_gain":200,"player_choice":"Gold","damage_taken":0,"max_hp_gain":0,"max_hp_loss":0,"event_name":"Wheel of Change","floor":21,"gold_loss":0}],"is_beta":false,"boss_relics":[{"not_picked":["Astrolabe","Runic Cube"],"picked":"Ooze Armor"}],"items_purged_floors":[],"is_endless":false,"potions_floor_spawned":[7,8,14],"killed_by":"Snecko","ascension_level":0}}