{"host":"kw4o7b3ro2ktmmbe","time":1608596153,"event":{"mods":["BaseMod","Minty Spire (QoL Compilation)","StSLib","The Mystic","Treasure Hunter"],"gold_per_floor":[119,130,150,150,150,150,160,160,187,187,203,216,233,250,250,250,250],"floor_reached":16,"playtime":1314,"items_purged":[],"score":96,"play_id":"44e509d3-be4c-4fff-bcf3-27ce7c572e93","local_time":"20201222131553","is_ascension_mode":false,"campfire_choices":[{"data":"mysticmod:ShockingGrasp","floor":6.0,"key":"SMITH"},{"data":"mysticmod:ArcaneDodge","floor":8.0,"key":"SMITH"},{"data":"TH:ArmorSpikes","floor":10.0,"key":"SMITH"},{"floor":15.0,"key":"REST"}],"circlet_count":0,"master_deck":["mysticmod:Strike_Mystic","mysticmod:Strike_Mystic","mysticmod:Strike_Mystic","mysticmod:Strike_Mystic","mysticmod:Defend_Mystic","mysticmod:Defend_Mystic","mysticmod:Defend_Mystic","mysticmod:Defend_Mystic","mysticmod:ArcaneDodge+1","mysticmod:ShockingGrasp+1","mysticmod:RapidCaster","TH:ArmorSpikes+1","mysticmod:RapidCaster"],"relics":["SlaversCollar","CultistMask","PreservedInsect"],"acts_visited":["Exordium"],"potions_floor_usage":[16],"damage_taken":[{"damage":1.0,"enemies":"Cultist","floor":1.0,"turns":4.0},{"damage":0.0,"enemies":"Small Slimes","floor":2.0,"turns":6.0},{"damage":6.0,"enemies":"2 Louse","floor":3.0,"turns":3.0},{"damage":2.0,"enemies":"2 Fungi Beasts","floor":7.0,"turns":4.0},{"damage":5.0,"enemies":"3 Louse","floor":11.0,"turns":4.0},{"damage":7.0,"enemies":"Large Slime","floor":12.0,"turns":8.0},{"damage":14.0,"enemies":"Exordium Thugs","floor":13.0,"turns":8.0},{"damage":18.0,"enemies":"Red Slaver","floor":14.0,"turns":7.0},{"damage":47,"enemies":"The Guardian","floor":16,"turns":15}],"seed_played":"5867794507912269564","potions_obtained":[{"floor":1.0,"key":"FearPotion"},{"floor":2.0,"key":"FearPotion"},{"floor":3.0,"key":"BlessingOfTheForge"},{"floor":7.0,"key":"mysticmod:EssenceOfMagic"},{"floor":12.0,"key":"Dexterity Potion"}],"is_trial":false,"path_per_floor":["M","M","M","$","?","R","M","R","T","R","M","M","M","M","R","B"],"character_chosen":"MYSTIC_CLASS","items_purchased":[],"campfire_rested":1,"item_purchase_floors":[],"current_hp_per_floor":[76,76,70,70,70,70,68,68,68,68,63,56,42,24,47,0,0],"gold":250,"neow_bonus":"BOSS_RELIC","is_daily":false,"chose_seed":false,"campfire_upgraded":3,"win_rate":0.0,"timestamp":1608596153,"path_taken":["M","?","M","$","?","R","M","R","T","R","M","?","M","M","R","BOSS"],"items_purchased_type":[],"build_version":"2020-12-13","purchased_purges":0,"victory":false,"max_hp_per_floor":[77,77,77,77,77,77,77,77,77,77,77,77,77,77,77,77,77],"card_choices":[{"not_picked":["mysticmod:StyleChange","mysticmod:Shield","mysticmod:DiviningBlow"],"picked":"SKIP","floor":1.0},{"not_picked":["mysticmod:Flurry","mysticmod:Feint"],"picked":"mysticmod:RapidCaster","floor":2.0},{"not_picked":["mysticmod:IllusionOfCalm","mysticmod:CorrosiveTouch","mysticmod:PowerSlash"],"picked":"SKIP","floor":3.0},{"not_picked":["mysticmod:Shield","mysticmod:Probe","mysticmod:EnergizedRift"],"picked":"SKIP","floor":7.0},{"not_picked":["TH:PixieDust"],"picked":"TH:ArmorSpikes","floor":9.0},{"not_picked":["mysticmod:ArcaneAccuracy","mysticmod:Daze"],"picked":"mysticmod:RapidCaster","floor":11.0},{"not_picked":["mysticmod:Snowball","mysticmod:Probe","mysticmod:SuddenClarity"],"picked":"SKIP","floor":12.0},{"not_picked":["mysticmod:CorrosiveTouch","mysticmod:TomeOfSpells","mysticmod:Fly"],"picked":"SKIP","floor":13.0},{"not_picked":["mysticmod:PowerSlash","mysticmod:SpellCombat","mysticmod:DiviningBlow"],"picked":"SKIP","floor":14.0}],"player_experience":1750616,"relics_obtained":[{"floor":9.0,"key":"PreservedInsect"}],"event_choices":[{"damage_healed":0.0,"max_hp_gain":0.0,"max_hp_loss":0.0,"gold_gain":0.0,"event_name":"FaceTrader","player_choice":"Trade","floor":5.0,"gold_loss":0.0,"damage_taken":0.0,"relics_obtained":["CultistMask"]}],"is_beta":false,"boss_relics":[],"items_purged_floors":[],"is_endless":false,"potions_floor_spawned":[1,2,3,7,12],"killed_by":"The Guardian","ascension_level":0}}