{"host":"usewcu4ohw2wtmxk","time":1608623386,"event":{"mods":["BaseMod","Minty Spire (QoL Compilation)","Permanent Neow","Quick Restart","Relic Stats","UnlockEverythingMod"],"gold_per_floor":[117,117,392,12,22,22,22],"floor_reached":6,"playtime":84,"items_purged":["Regret"],"score":68,"play_id":"4d14f0a4-2732-43bc-9227-67c16f3ef982","local_time":"20201222154946","is_ascension_mode":true,"campfire_choices":[],"circlet_count":0,"master_deck":["AscendersBane","Strike_B","Strike_B","Strike_B","Strike_B","Defend_B","Defend_B","Defend_B","Defend_B","Zap","Dualcast","Coolheaded","Defragment"],"relics":["Black Star","Membership Card","Sundial"],"acts_visited":["Exordium"],"potions_floor_usage":[],"damage_taken":[{"damage":14.0,"enemies":"Jaw Worm","floor":1.0,"turns":4.0},{"damage":2,"enemies":"2 Louse","floor":5,"turns":4},{"damage":0,"enemies":"Gremlin Nob","floor":6,"turns":1}],"seed_played":"3199653198132725921","potions_obtained":[{"floor":1.0,"key":"Dexterity Potion"}],"is_trial":false,"path_per_floor":["M","?","?","$","M","E"],"character_chosen":"DEFECT","items_purchased":["Membership Card","Defragment","Sundial"],"campfire_rested":0,"item_purchase_floors":[4,4,4],"current_hp_per_floor":[50,50,50,50,48,48,48],"gold":22,"neow_bonus":"BOSS_RELIC","is_daily":false,"chose_seed":false,"campfire_upgraded":0,"win_rate":0.0,"timestamp":1608623386,"path_taken":["M","?","?","$","M","E"],"items_purchased_type":["Relic","Card","Relic"],"build_version":"2020-12-13","purchased_purges":1,"victory":false,"max_hp_per_floor":[71,71,71,71,71,71,71],"relic_stats":{"counters":[3,9],"Sundial":[0],"Black Star":0,"obtain_stats":[{"Sundial":4,"Black Star":0,"Membership Card":4,"Cracked Core":0},{"Sundial":1,"Black Star":0,"Membership Card":1,"Cracked Core":0},{"Sundial":4,"Black Star":0,"Membership Card":4,"Cracked Core":0}]},"card_choices":[{"not_picked":["Undo","Hologram"],"picked":"Coolheaded","floor":1.0},{"not_picked":["Reprogram","Coolheaded","Static Discharge"],"picked":"SKIP","floor":5}],"player_experience":218977,"relics_obtained":[],"event_choices":[{"damage_healed":0,"gold_gain":0,"player_choice":"Ignored","damage_taken":0,"max_hp_gain":0,"max_hp_loss":0,"event_name":"Shining Light","floor":2,"gold_loss":0},{"damage_healed":0,"gold_gain":275,"player_choice":"Desecrate","damage_taken":0,"max_hp_gain":0,"max_hp_loss":0,"event_name":"Golden Shrine","floor":3,"gold_loss":0,"cards_obtained":["Regret"]}],"is_beta":false,"boss_relics":[],"items_purged_floors":[4],"is_endless":false,"potions_floor_spawned":[1],"killed_by":"Gremlin Nob","ascension_level":20}}