{"host":"x4x6fw95e6eqd4n0","time":1608676440,"event":{"mods":["AchievementEnabler","BaseMod","Colored Map","Colored Powertips","DeckTracker","Minty Spire (QoL Compilation)"],"gold_per_floor":[117,192,217,229,256,268,307,330,342,354,384,34,34,48,48,147,147,165,165,184,194,194,194],"floor_reached":22,"playtime":666,"items_purged":["Strike_R"],"score":214,"play_id":"6a7d6021-a918-460a-9868-80ef97a2157d","local_time":"20201223003400","is_ascension_mode":true,"campfire_choices":[{"data":"Inflame","floor":6,"key":"SMITH"},{"data":"Armaments","floor":10,"key":"SMITH"},{"data":"Barricade","floor":13,"key":"SMITH"},{"data":"Uppercut","floor":15,"key":"SMITH"}],"circlet_count":0,"master_deck":["Strike_R","Strike_R","Strike_R+1","Strike_R","Defend_R+1","Defend_R","Defend_R","Defend_R","Bash","Inflame+1","Uppercut+1","Metallicize","Armaments+1","Barricade+1","Heavy Blade","Juggernaut","Feel No Pain","Rage","Feel No Pain"],"relics":["Burning Blood","PreservedInsect","MawBank","Bronze Scales","Letter Opener","StoneCalendar","Cursed Key","TungstenRod"],"acts_visited":["Exordium","TheCity"],"potions_floor_usage":[14,14],"damage_taken":[{"damage":1,"enemies":"Small Slimes","floor":1,"turns":5},{"damage":6,"enemies":"Jaw Worm","floor":5,"turns":4},{"damage":30,"enemies":"Lagavulin","floor":7,"turns":5},{"damage":6,"enemies":"2 Louse","floor":8,"turns":3},{"damage":1,"enemies":"Blue Slaver","floor":11,"turns":4},{"damage":0,"enemies":"Gremlin Gang","floor":14,"turns":2},{"damage":29,"enemies":"The Guardian","floor":16,"turns":10},{"damage":9,"enemies":"Shell Parasite","floor":18,"turns":5},{"damage":20,"enemies":"2 Thieves","floor":20,"turns":4},{"damage":15,"enemies":"Snake Plant","floor":21,"turns":4},{"damage":59,"enemies":"3 Cultists","floor":22,"turns":5}],"seed_played":"5264335458403545822","potions_obtained":[{"floor":1,"key":"Fire Potion"},{"floor":5,"key":"SkillPotion"},{"floor":16,"key":"FearPotion"},{"floor":21,"key":"DuplicationPotion"}],"is_trial":false,"path_per_floor":["M","?","T","?","M","R","E","M","T","R","M","$","R","M","R","B",null,"M","?","M","M","M"],"character_chosen":"IRONCLAD","items_purchased":["StoneCalendar"],"campfire_rested":0,"item_purchase_floors":[12],"current_hp_per_floor":[80,69,69,53,53,53,29,29,29,29,34,34,34,40,40,17,80,77,77,63,54,0,0],"gold":194,"neow_bonus":"RANDOM_COMMON_RELIC","is_daily":false,"chose_seed":false,"campfire_upgraded":4,"win_rate":0.0,"timestamp":1608676440,"path_taken":["M","?","?","?","M","R","E","M","T","R","M","$","R","M","R","BOSS","M","?","M","?","M"],"items_purchased_type":["Relic"],"build_version":"2020-12-13","purchased_purges":1,"victory":false,"max_hp_per_floor":[80,80,80,80,80,80,80,80,80,80,80,80,80,80,80,80,80,80,80,80,80,80,80],"card_choices":[{"not_picked":["Second Wind","Rupture"],"picked":"Inflame","floor":1},{"not_picked":["Twin Strike","Burning Pact"],"picked":"Uppercut","floor":5},{"not_picked":["Dark Embrace","Dual Wield"],"picked":"Metallicize","floor":7},{"not_picked":["Sword Boomerang","True Grit"],"picked":"Armaments","floor":8},{"not_picked":["Rampage","Pommel Strike"],"picked":"Barricade","floor":11},{"not_picked":["Feel No Pain","True Grit"],"picked":"Heavy Blade","floor":14},{"not_picked":["Exhume","Fiend Fire"],"picked":"Juggernaut","floor":16},{"not_picked":["Cleave","Twin Strike"],"picked":"Feel No Pain","floor":18},{"not_picked":["True Grit","Spot Weakness"],"picked":"Rage","floor":20},{"not_picked":["Wild Strike","Anger"],"picked":"Feel No Pain","floor":21}],"player_experience":19825,"relics_obtained":[{"floor":3,"key":"MawBank"},{"floor":7,"key":"Bronze Scales"},{"floor":9,"key":"Letter Opener"}],"event_choices":[{"damage_healed":0,"gold_gain":75,"player_choice":"Gather Gold","damage_taken":11,"max_hp_gain":0,"max_hp_loss":0,"event_name":"World of Goop","floor":2,"gold_loss":0},{"damage_healed":0,"gold_gain":0,"player_choice":"Entered Light","damage_taken":16,"max_hp_gain":0,"max_hp_loss":0,"event_name":"Shining Light","floor":4,"gold_loss":0,"cards_upgraded":["Defend_R","Strike_R"]},{"damage_healed":0,"gold_gain":0,"player_choice":"Gave Potion","damage_taken":0,"relics_obtained":["TungstenRod"],"max_hp_gain":0,"max_hp_loss":0,"event_name":"WeMeetAgain","floor":19,"gold_loss":0}],"is_beta":false,"boss_relics":[{"not_picked":["Ectoplasm","Busted Crown"],"picked":"Cursed Key"}],"items_purged_floors":[12],"is_endless":false,"potions_floor_spawned":[1,5,16,21],"killed_by":"3 Cultists","ascension_level":3}}