{"host":"rwzz6mk6bpmb57ql","time":1608604861,"event":{"mods":["AchievementEnabler","BaseMod","BetterRewards","Colored Map","Highlight Path","Hubris","Minty Spire (QoL Compilation)","Replay The Spire","StSLib"],"gold_per_floor":[5617,5617,4831,4851,4851,4882,4882,4296,4319,4289,4307,3757,3771,3805,3805,3905,3905,3916,3916,3932,3385,3395,3426,3426,3458,3458,3458,2987,2987,2987,2987],"floor_reached":30,"playtime":1059,"items_purged":["Defend_R","Defend_R"],"score":522,"play_id":"be515ae3-5e6e-4bd4-a718-bf02e8f902ad","local_time":"20201221204101","is_ascension_mode":true,"campfire_choices":[{"data":"True Grit","floor":7,"key":"SMITH"},{"data":"ReplayTheSpireMod:Strike From Hell","floor":15,"key":"SMITH"},{"floor":24,"key":"RECALL"},{"data":"hubris:DuctTapeCard","floor":27,"key":"SMITH"},{"data":"Burning Pact","floor":29,"key":"SMITH"}],"circlet_count":0,"master_deck":["Defend_R+1","Bash","Perfected Strike+1","True Grit+1","Perfected Strike","ReplayTheSpireMod:Strike From Hell+1","Defy Death","Defy Death","Burning Pact+1","hubris:DuctTapeCard+2","Defy Death","Decay","Bite","Bite","Bite","Bite","Bite"],"relics":["Burning Blood","OrangePellets","Snack Pack","TungstenRod","Pear","Replay:WaspNest","ReplayFunnel","Gremlin Horn","ReplayTheSpireMod:TigerMarble","hubris:SphereOfDissonance","Cursed Key","hubris:Towel","hubris:DuctTape","Simple Rune","Cauldron","Question Card","Chameleon Ring","Letter Opener","Replay:Multitool","Dream Catcher"],"acts_visited":["Exordium","TheCity"],"potions_floor_usage":[6,11,13,14,16,20,21,23,25],"damage_taken":[{"damage":1,"enemies":"2 Louse","floor":1,"turns":3},{"damage":11,"enemies":"Jaw Worm","floor":4,"turns":2},{"damage":50,"enemies":"Lagavulin","floor":6,"turns":6},{"damage":0,"enemies":"Small Slimes","floor":11,"turns":2},{"damage":1,"enemies":"Gremlin Gang","floor":13,"turns":3},{"damage":41,"enemies":"Replay:BlueRogue","floor":14,"turns":5},{"damage":18,"enemies":"The Guardian","floor":16,"turns":9},{"damage":3,"enemies":"Chosen","floor":18,"turns":2},{"damage":5,"enemies":"3 Byrds","floor":20,"turns":3},{"damage":0,"enemies":"Snake Plant","floor":22,"turns":2},{"damage":15,"enemies":"Gremlin Leader","floor":23,"turns":3},{"damage":35,"enemies":"Slavers","floor":25,"turns":4}],"seed_played":"-7483435439454751236","potions_obtained":[{"floor":6,"key":"Fruit Juice"},{"floor":10,"key":"HeartOfIron"},{"floor":10,"key":"FearPotion"},{"floor":11,"key":"Reflective Coating"},{"floor":13,"key":"Regen Potion"},{"floor":18,"key":"EssenceOfSteel"},{"floor":21,"key":"BloodPotion"},{"floor":21,"key":"DuplicationPotion"},{"floor":21,"key":"BloodPotion"},{"floor":23,"key":"Regen Potion"},{"floor":25,"key":"Milkshake"}],"is_trial":false,"path_per_floor":["M","?","$","M","?","E","R","$","T","?","M","$","M","E","R","B",null,"M","?","M","$","M","E","R","E","T","R","$","R","?"],"character_chosen":"IRONCLAD","items_purchased":["OrangePellets","Snack Pack","TungstenRod","Replay:WaspNest","ReplayFunnel","FairyPotion","Defy Death","Burning Pact","Gremlin Horn","ReplayTheSpireMod:TigerMarble","hubris:DuctTape","Simple Rune","Cauldron","Replay:Multitool","Dream Catcher"],"campfire_rested":0,"item_purchase_floors":[3,3,3,8,8,8,12,12,12,12,21,21,21,28,28],"current_hp_per_floor":[137,137,137,134,107,80,80,80,80,80,86,86,91,70,70,58,131,134,134,139,155,155,146,146,131,131,131,131,131,108,108],"gold":2987,"neow_bonus":"RANDOM_EVENT","is_daily":false,"chose_seed":false,"campfire_upgraded":4,"win_rate":0.0,"timestamp":1608604861,"path_taken":["M","?","?","M","?","E","R","$","T","?","M","$","?","E","R","BOSS","M","?","M","$","M","E","R","E","T","R","$","R","?"],"items_purchased_type":["Relic","Relic","Relic","Relic","Relic","Potion","Card","Card","Relic","Relic","Relic","Relic","Relic","Relic","Relic"],"build_version":"2020-12-13","purchased_purges":2,"victory":false,"max_hp_per_floor":[140,140,140,140,140,155,155,155,155,155,155,155,155,155,155,155,155,155,155,155,155,155,155,155,155,155,155,155,155,108,108],"card_choices":[{"not_picked":["True Grit","Seeing Red"],"picked":"Perfected Strike","floor":1},{"not_picked":["ReplayReversal","Armaments"],"picked":"True Grit","floor":4},{"not_picked":["Searing Blow","Burning Pact"],"picked":"Perfected Strike","floor":6},{"not_picked":["Warcry","Clash"],"picked":"ReplayTheSpireMod:Strike From Hell","floor":11},{"not_picked":["hubris:CleavingFinish","Carnage","ReplayTheSpireMod:Stacked"],"picked":"SKIP","floor":13},{"not_picked":["hubris:ReadiedAction","Corruption","True Grit"],"picked":"SKIP","floor":14},{"not_picked":["Feed","Offering"],"picked":"Berserk","floor":16},{"not_picked":["Headbutt","Evolve+1","Replay:Undeath\u0027s Touch+1"],"picked":"SKIP","floor":18},{"not_picked":["Body Slam","hubris:CleavingFinish+1"],"picked":"Metallicize","floor":20},{"not_picked":["Shrug It Off","Pommel Strike"],"picked":"Defy Death","floor":22},{"not_picked":["Iron Wave","Heavy Blade+1","Shrug It Off"],"picked":"SKIP","floor":23},{"not_picked":["hubris:CleavingFinish+1","Body Slam","Iron Wave","Sentinel"],"picked":"SKIP","floor":25}],"player_experience":66418,"relics_obtained":[{"floor":6,"key":"Pear"},{"floor":14,"key":"hubris:SphereOfDissonance"},{"floor":23,"key":"Question Card"},{"floor":25,"key":"Chameleon Ring"},{"floor":26,"key":"Letter Opener"}],"event_choices":[{"damage_healed":0,"gold_gain":0,"player_choice":"Entered Light","damage_taken":28,"max_hp_gain":0,"max_hp_loss":0,"event_name":"Shining Light","floor":5,"gold_loss":0,"cards_upgraded":["Strike_R","Strike_R"]},{"damage_healed":0,"gold_gain":0,"player_choice":"Bought 2 Potions","damage_taken":0,"max_hp_gain":0,"max_hp_loss":0,"event_name":"The Woman in Blue","floor":10,"gold_loss":0},{"damage_healed":0,"gold_gain":0,"player_choice":"Became a vampire","damage_taken":0,"max_hp_gain":0,"max_hp_loss":47,"event_name":"Vampires","floor":30,"gold_loss":0,"cards_obtained":["Bite","Bite","Bite","Bite","Bite"]}],"is_beta":false,"boss_relics":[{"not_picked":["Replay:Drink Me","Tiny House"],"picked":"Cursed Key"}],"items_purged_floors":[3,8],"is_endless":false,"potions_floor_spawned":[6,11,13,18,23,25],"ascension_level":9}}