{"host":"709gjpjg43u3i5a8","time":1608599189,"event":{"mods":["BaseMod","Colored Map","Colored Powertips","Downfall","Hermit","Hubris","Infinite Spire","Marisa????????","Minty Spire (QoL Compilation)","Remilia??????","StSLib","Td1madao Mod","The Animator","The Bug Knight","The Cursed","The Disciple","The Hierophant","The Jungle","The Servant 0.9.4"],"gold_per_floor":[113,288,288,307,331,331,331],"floor_reached":6,"playtime":282,"items_purged":[],"score":36,"play_id":"da821223-435d-4c0a-8efa-f92f655289af","local_time":"20201221180629","is_ascension_mode":false,"campfire_choices":[],"circlet_count":0,"master_deck":["animator:Strike_Konosuba","animator:Defend_Konosuba","animator:Strike","animator:Strike","animator:Strike","animator:Defend","animator:Defend","animator:Defend","animator:Kazuma","animator:Aqua","animator:Kazuma","Doubt","animator:MamiTomoe"],"relics":["animator:LivingPicture","animator:TheMissingPiece","NeowsBlessing","Golden Idol"],"acts_visited":["Exordium"],"potions_floor_usage":[6],"damage_taken":[{"damage":0,"enemies":"Jaw Worm","floor":1,"turns":1},{"damage":0,"enemies":"Small Slimes","floor":4,"turns":1},{"damage":0,"enemies":"Cultist","floor":5,"turns":1},{"damage":46,"enemies":"Lagavulin","floor":6,"turns":10}],"seed_played":"-7951744853451999321","potions_obtained":[{"floor":1,"key":"GamblersBrew"},{"floor":5,"key":"LiquidBronze"}],"is_trial":false,"path_per_floor":["M","?","?","M","M","E"],"character_chosen":"THE_ANIMATOR","items_purchased":[],"campfire_rested":0,"item_purchase_floors":[],"current_hp_per_floor":[66,66,50,50,52,8,8],"gold":331,"neow_bonus":"THREE_ENEMY_KILL","is_daily":false,"chose_seed":false,"campfire_upgraded":0,"win_rate":0.0,"timestamp":1608599189,"path_taken":["M","?","?","M","M","E"],"items_purchased_type":[],"build_version":"2020-12-13","purchased_purges":0,"victory":false,"max_hp_per_floor":[66,66,66,66,66,66,66],"card_choices":[{"not_picked":["animator:DolaSchwi","animator:LizardPriest"],"picked":"animator:Kazuma","floor":1},{"not_picked":["animator:Shigure","animator:Elsword","animator:Ain"],"picked":"SKIP","floor":4},{"not_picked":["animator:Chung","animator:Spearman"],"picked":"animator:MamiTomoe","floor":5}],"player_experience":362175,"relics_obtained":[],"event_choices":[{"damage_healed":0,"gold_gain":175,"player_choice":"AGREE","damage_taken":0,"max_hp_gain":0,"max_hp_loss":0,"event_name":"Liars Game","floor":2,"gold_loss":0,"cards_obtained":["Doubt"]},{"damage_healed":0,"gold_gain":0,"player_choice":"Take Damage","damage_taken":16,"relics_obtained":["Golden Idol"],"max_hp_gain":0,"max_hp_loss":0,"event_name":"Golden Idol","floor":3,"gold_loss":0}],"is_beta":false,"boss_relics":[],"items_purged_floors":[],"is_endless":false,"potions_floor_spawned":[1,5],"killed_by":"Lagavulin","ascension_level":0}}