{"host":"na09lpbrez4gbfiz","time":1608679592,"event":{"mods":["Act Like it!","BaseMod","BetterRewards","Colored Map","Colored Powertips","DeckTracker","Googly Eyes","Highlight Path","Minty Spire (QoL Compilation)","Quick Restart","Spicy Shops","StSLib","SuperFastMode","Synergy Search"],"gold_per_floor":[114,114,39,59,24,24,52,106,151,151,183,183,195,195,195,195,195],"floor_reached":16,"playtime":427,"items_purged":["Regret"],"score":251,"play_id":"53229f16-ded6-4b3b-9c2c-83146209411b","local_time":"20201223002632","is_ascension_mode":true,"campfire_choices":[{"floor":6,"key":"DIG"},{"floor":10,"key":"DIG"},{"data":"True Grit","floor":12,"key":"SMITH"},{"floor":15,"key":"DIG"}],"circlet_count":0,"master_deck":["Strike_R","Strike_R","Strike_R+1","Strike_R+1","Strike_R","Defend_R","Defend_R","Defend_R","Defend_R","Bash","Thunderclap","Flex","Wild Strike","True Grit+1","Flame Barrier"],"relics":["Burning Blood","Shovel","Vajra","Meat on the Bone","Mango","Whetstone","Sling","Strawberry","Ancient Tea Set","Nunchaku","Anchor","Omamori","Pen Nib","Tiny Chest","Juzu Bracelet"],"acts_visited":["Exordium"],"potions_floor_usage":[11,16],"damage_taken":[{"damage":3,"enemies":"2 Louse","floor":1,"turns":3},{"damage":7,"enemies":"Jaw Worm","floor":4,"turns":3},{"damage":10,"enemies":"3 Sentries","floor":7,"turns":5},{"damage":40,"enemies":"Lagavulin","floor":11,"turns":4},{"damage":0,"enemies":"Small Slimes","floor":13,"turns":1},{"damage":64,"enemies":"Hexaghost","floor":16,"turns":9}],"seed_played":"3804739017830058512","potions_obtained":[{"floor":7,"key":"Strength Potion"},{"floor":11,"key":"SpeedPotion"}],"is_trial":false,"path_per_floor":["M","?","$","M","?","R","E","?","T","R","E","R","M","?","R","B"],"character_chosen":"IRONCLAD","items_purchased":["Vajra","Meat on the Bone","Whetstone","Sling","Strawberry"],"campfire_rested":0,"item_purchase_floors":[0,0,0,0,0],"current_hp_per_floor":[60,60,60,59,84,84,80,80,80,80,58,58,64,64,64,0,0],"gold":195,"neow_bonus":"","is_daily":false,"chose_seed":false,"campfire_upgraded":1,"win_rate":0.0,"timestamp":1608679592,"path_taken":["M","?","$","M","?","R","E","?","T","R","E","R","M","?","R","BOSS"],"items_purchased_type":["Relic","Relic","Relic","Relic","Relic"],"build_version":"2020-12-13","purchased_purges":1,"victory":false,"max_hp_per_floor":[101,101,101,101,101,101,101,101,101,101,101,101,101,101,101,101,101],"card_choices":[{"not_picked":["Warcry","Clothesline","Twin Strike"],"picked":"SKIP","floor":1},{"not_picked":["Perfected Strike","Sword Boomerang"],"picked":"Flex","floor":4},{"not_picked":["Infernal Blade","Warcry"],"picked":"Wild Strike","floor":7},{"not_picked":["Double Tap","Barricade"],"picked":"True Grit","floor":11},{"not_picked":["Sentinel","Power Through"],"picked":"Flame Barrier","floor":13}],"player_experience":239228,"relics_obtained":[{"floor":6,"key":"Nunchaku"},{"floor":7,"key":"Anchor"},{"floor":9,"key":"Omamori"},{"floor":10,"key":"Pen Nib"},{"floor":11,"key":"Tiny Chest"},{"floor":15,"key":"Juzu Bracelet"}],"event_choices":[{"damage_healed":0,"gold_gain":0,"player_choice":"Box","damage_taken":0,"relics_obtained":["Ancient Tea Set"],"max_hp_gain":0,"max_hp_loss":0,"event_name":"Big Fish","floor":2,"gold_loss":0,"cards_obtained":["Regret"]},{"damage_healed":25,"gold_gain":0,"player_choice":"Healed","damage_taken":0,"max_hp_gain":0,"max_hp_loss":0,"event_name":"The Cleric","floor":5,"gold_loss":35},{"damage_healed":0,"gold_gain":54,"player_choice":"Gained Gold","damage_taken":0,"max_hp_gain":0,"max_hp_loss":0,"event_name":"Golden Wing","floor":8,"gold_loss":0},{"damage_healed":0,"gold_gain":0,"player_choice":"0 cards matched","damage_taken":0,"max_hp_gain":0,"max_hp_loss":0,"event_name":"Match and Keep!","floor":14,"gold_loss":0,"cards_obtained":[]}],"is_beta":false,"boss_relics":[],"items_purged_floors":[3],"is_endless":false,"potions_floor_spawned":[7,11],"killed_by":"Hexaghost","ascension_level":9}}