{"host":"yo9wwslrag05lh37","time":1608600382,"event":{"mods":["AchievementEnabler","BaseMod","Block Reminder","Colored Map","Colored Powertips","GifTheSpireLib","HexUI Lib","Highlight Path","Minty Spire (QoL Compilation)","Rare Cards Sparkle","Relic Stats","StSLib","everything is the same but u backflip on backflip"],"gold_per_floor":[361,361,381,406,42,77,98,98,98,98,142,142,142,161,161,257,257,273,273,93,18,18,53,53,53,53],"floor_reached":25,"playtime":741,"items_purged":["Pain","Strike_B"],"score":454,"play_id":"1b444993-b44d-4a7e-a706-d3165c518140","local_time":"20201222022622","is_ascension_mode":true,"campfire_choices":[{"data":"Apotheosis","floor":8.0,"key":"SMITH"},{"floor":10.0,"key":"REST"},{"data":"Coolheaded","floor":13.0,"key":"SMITH"},{"data":"Defragment","floor":15.0,"key":"SMITH"},{"floor":24.0,"key":"REST"}],"circlet_count":0,"master_deck":["AscendersBane","Strike_B","Strike_B","Defend_B","Defend_B","Defend_B","Defend_B","Zap","Dualcast","Defragment+1","Ball Lightning","Coolheaded+1","Apotheosis+1","Loop","Darkness","Machine Learning","Lockon","Reboot"],"relics":["FrozenCore","Bloody Idol","Akabeko","Symbiotic Virus","Mango","StoneCalendar"],"acts_visited":["Exordium","TheCity"],"potions_floor_usage":[],"damage_taken":[{"damage":2.0,"enemies":"Small Slimes","floor":1.0,"turns":2.0},{"damage":13.0,"enemies":"Jaw Worm","floor":3.0,"turns":4.0},{"damage":3.0,"enemies":"Cultist","floor":4.0,"turns":3.0},{"damage":1.0,"enemies":"Lagavulin","floor":6.0,"turns":6.0},{"damage":11.0,"enemies":"Red Slaver","floor":7.0,"turns":3.0},{"damage":9.0,"enemies":"Gremlin Nob","floor":11.0,"turns":3.0},{"damage":0.0,"enemies":"Exordium Wildlife","floor":14.0,"turns":2.0},{"damage":7.0,"enemies":"Slime Boss","floor":16.0,"turns":6.0},{"damage":15.0,"enemies":"Chosen","floor":18.0,"turns":4.0},{"damage":31.0,"enemies":"Book of Stabbing","floor":23.0,"turns":4.0},{"damage":64,"enemies":"Slavers","floor":25,"turns":4}],"seed_played":"2779944108795914885","potions_obtained":[{"floor":1.0,"key":"EssenceOfSteel"},{"floor":14.0,"key":"Block Potion"},{"floor":18.0,"key":"Swift Potion"}],"is_trial":false,"path_per_floor":["M","?","M","M","$","E","M","R","T","R","E","?","R","M","R","B",null,"M","?","$","?","?","E","R","E"],"character_chosen":"DEFECT","items_purchased":["Apotheosis","Block Potion","Loop","Lockon"],"campfire_rested":2,"item_purchase_floors":[5,5,5,20],"current_hp_per_floor":[62,62,49,46,46,45,34,34,34,53,58,58,58,58,58,51,71,56,56,56,56,56,30,53,0,0],"gold":53,"neow_bonus":"TWO_FIFTY_GOLD","is_daily":false,"chose_seed":false,"campfire_upgraded":3,"win_rate":0.0,"timestamp":1608600382,"path_taken":["M","?","M","M","$","E","M","R","T","R","E","?","R","?","R","BOSS","M","?","$","?","?","E","R","E"],"items_purchased_type":["Card","Potion","Card","Card"],"build_version":"2020-12-13","purchased_purges":2,"victory":false,"max_hp_per_floor":[71,64,64,64,64,64,64,64,64,64,78,78,78,78,78,78,78,78,78,78,78,78,78,78,78,78],"relic_stats":{"counters":[11,41],"Bloody Idol":5,"StoneCalendar":[0],"obtain_stats":[{"Golden Idol":2,"Bloody Idol":19,"Mango":11,"StoneCalendar":23,"Cracked Core":0,"Symbiotic Virus":9,"Akabeko":6,"FrozenCore":17},{"Golden Idol":1,"Bloody Idol":9,"Mango":6,"StoneCalendar":10,"Cracked Core":0,"Symbiotic Virus":5,"Akabeko":4,"FrozenCore":8},{"Golden Idol":2,"Bloody Idol":33,"Mango":21,"StoneCalendar":37,"Cracked Core":0,"Symbiotic Virus":18,"Akabeko":15,"FrozenCore":29}],"FrozenCore":[5]},"card_choices":[{"not_picked":["Streamline","Steam Power"],"picked":"Defragment","floor":1.0},{"not_picked":["Redo","Compile Driver"],"picked":"Ball Lightning","floor":3.0},{"not_picked":["Compile Driver","Leap"],"picked":"Coolheaded","floor":4.0},{"not_picked":["Skim","Amplify","Turbo"],"picked":"SKIP","floor":6.0},{"not_picked":["Redo","Rip and Tear","Chaos"],"picked":"SKIP","floor":7.0},{"not_picked":["Rebound","Stack","Gash"],"picked":"SKIP","floor":11.0},{"not_picked":["Conserve Battery","Blizzard"],"picked":"Darkness","floor":14.0},{"not_picked":["All For One","Rainbow"],"picked":"Machine Learning","floor":16.0},{"not_picked":["Consume","Ball Lightning+1","Stack"],"picked":"SKIP","floor":18.0},{"not_picked":["Hologram","Double Energy"],"picked":"Reboot","floor":23.0}],"player_experience":1375709,"relics_obtained":[{"floor":6.0,"key":"Akabeko"},{"floor":9.0,"key":"Symbiotic Virus"},{"floor":11.0,"key":"Mango"},{"floor":23.0,"key":"StoneCalendar"}],"event_choices":[{"damage_healed":0.0,"max_hp_gain":0.0,"max_hp_loss":7.0,"gold_gain":0.0,"event_name":"Golden Idol","player_choice":"Lose Max HP","floor":2.0,"gold_loss":0.0,"damage_taken":0.0,"relics_obtained":["Golden Idol"]},{"damage_healed":0.0,"max_hp_gain":0.0,"max_hp_loss":0.0,"gold_gain":0.0,"event_name":"Lab","player_choice":"Got Potions","floor":12.0,"gold_loss":0.0,"damage_taken":0.0},{"damage_healed":0.0,"max_hp_gain":0.0,"max_hp_loss":0.0,"gold_gain":0.0,"event_name":"Forgotten Altar","player_choice":"Gave Idol","floor":19.0,"relics_lost":["Golden Idol"],"gold_loss":0.0,"damage_taken":0.0,"relics_obtained":["Bloody Idol"]},{"cards_removed":["Strike_B"],"damage_healed":0.0,"max_hp_gain":0.0,"max_hp_loss":0.0,"gold_gain":0.0,"event_name":"Beggar","player_choice":"Gave Gold","floor":21.0,"gold_loss":75.0,"damage_taken":0.0},{"damage_healed":0.0,"max_hp_gain":0.0,"max_hp_loss":0.0,"gold_gain":0.0,"event_name":"Vampires","player_choice":"Ignored","floor":22.0,"gold_loss":0.0,"damage_taken":0.0}],"is_beta":false,"boss_relics":[{"not_picked":["Coffee Dripper","SlaversCollar"],"picked":"FrozenCore"}],"items_purged_floors":[5,20],"is_endless":false,"potions_floor_spawned":[1,11,14,18],"killed_by":"Slavers","ascension_level":20}}