{"host":"cjhtzh7tp54jdfyv","time":1608666401,"event":{"mods":["AchievementEnabler","BaseMod","Colored Map","Colored Powertips","Downfall","Minty Spire (QoL Compilation)","RNG Fix","Relic Stats","StSLib","ojb\u0027s Better Paths Mod","ojb\u0027s Info Mod"],"gold_per_floor":[99,117,135,148,148,148,196,209,227,227,259,276,276,276,276,276],"floor_reached":14,"playtime":1210,"items_purged":[],"score":92,"play_id":"b99c5832-3969-4494-99d3-50f2ab30fdd7","local_time":"20201222144641","is_ascension_mode":false,"campfire_choices":[{"data":"Slimebound:DuplicatedForm","floor":1.0,"key":"SMITH"},{"data":"Slimebound:SpikyOuterGoop","floor":6.0,"key":"SMITH"},{"floor":13,"key":"REST"}],"circlet_count":0,"master_deck":["Slimebound:Tackle","Slimebound:Split","Slimebound:CorrosiveSpit","Slimebound:DuplicatedForm+1","Slimebound:FirmFortitude","Slimebound:SelfFormingGoo","Slimebound:SpikyOuterGoop+1","Slimebound:DuplicatedForm+1","Slimebound:SplitMire","Slimebound:SlimeSpikes","Slimebound:SplitAcid","Slimebound:ServeAndProtect","Slimebound:LivingWall","Slimebound:SplitBruiser","Slimebound:DivideAndConquer","Slimebound:Chomp","Slimebound:GrowthPunch"],"relics":["Pandora\u0027s Box","Oddly Smooth Stone","Bronze Scales"],"acts_visited":["Exordium"],"potions_floor_usage":[],"damage_taken":[{"damage":24.0,"enemies":"2 Louse","floor":2.0,"turns":3.0},{"damage":24.0,"enemies":"Small Slimes","floor":3.0,"turns":3.0},{"damage":16.0,"enemies":"Cultist","floor":4.0,"turns":4.0},{"damage":20.0,"enemies":"Lots of Slimes","floor":8.0,"turns":3.0},{"damage":17.0,"enemies":"Gremlin Gang","floor":9.0,"turns":3.0},{"damage":29.0,"enemies":"3 Sentries","floor":11.0,"turns":5.0},{"damage":22,"enemies":"Large Slime","floor":12,"turns":5},{"damage":0,"enemies":"Lagavulin","floor":14,"turns":1}],"seed_played":"8741536262768052986","potions_obtained":[{"floor":3.0,"key":"Energy Potion"},{"floor":4.0,"key":"EssenceOfSteel"},{"floor":11,"key":"DuplicationPotion"},{"floor":12,"key":"EssenceOfSteel"}],"is_trial":false,"path_per_floor":["R","M","M","M","?","R","T","M","M","?","E","M","R","E"],"character_chosen":"SLIMEBOUND","items_purchased":[],"campfire_rested":1,"item_purchase_floors":[],"current_hp_per_floor":[60,55,54,50,50,50,50,42,37,37,24,14,32,32,32,32],"gold":276,"neow_bonus":"BOSS_RELIC","is_daily":false,"chose_seed":false,"campfire_upgraded":2,"win_rate":0.0,"timestamp":1608666401,"path_taken":["R","M","M","M","?","R","T","M","M","?","E","M","R","E"],"items_purchased_type":[],"build_version":"2020-12-13","purchased_purges":0,"victory":false,"max_hp_per_floor":[60,60,60,60,60,60,60,60,60,60,60,60,60,60,60,60],"relic_stats":{"counters":[8,26],"Bronze Scales":[9],"Pandora\u0027s Box":["Slimebound:DuplicatedForm","Slimebound:FirmFortitude","Slimebound:SelfFormingGoo","Slimebound:SpikyOuterGoop","Slimebound:DuplicatedForm","Slimebound:SplitMire","Slimebound:SlimeSpikes"],"obtain_stats":[{"Bronze Scales":11,"Oddly Smooth Stone":7,"Pandora\u0027s Box":0,"Slimebound:AbsorbEndCombat":0},{"Bronze Scales":6,"Oddly Smooth Stone":3,"Pandora\u0027s Box":0,"Slimebound:AbsorbEndCombat":0},{"Bronze Scales":20,"Oddly Smooth Stone":10,"Pandora\u0027s Box":0,"Slimebound:AbsorbEndCombat":0}]},"card_choices":[{"not_picked":["Slimebound:SplitMire","Slimebound:Gluttony"],"picked":"Slimebound:SplitAcid","floor":2.0},{"not_picked":["Slimebound:GoopSpray","Slimebound:ViciousTackle"],"picked":"Slimebound:ServeAndProtect","floor":3.0},{"not_picked":["Slimebound:RollThrough","Slimebound:PressTheAttack"],"picked":"Slimebound:LivingWall","floor":4.0},{"not_picked":["Slimebound:GoopSpray","Slimebound:TongueLash"],"picked":"Slimebound:SplitBruiser","floor":8.0},{"not_picked":["Slimebound:Gluttony","Slimebound:Grow"],"picked":"Slimebound:DivideAndConquer","floor":9.0},{"not_picked":["Slimebound:MegaLick","Slimebound:SplitSpecialist"],"picked":"Slimebound:Chomp","floor":11},{"not_picked":["Slimebound:SplitBruiser","Slimebound:ItLooksTasty"],"picked":"Slimebound:GrowthPunch","floor":12}],"player_experience":4399725,"relics_obtained":[{"floor":7.0,"key":"Oddly Smooth Stone"},{"floor":11,"key":"Bronze Scales"}],"event_choices":[{"damage_healed":0.0,"max_hp_gain":0.0,"max_hp_loss":0.0,"gold_gain":0.0,"event_name":"Upgrade Shrine","player_choice":"Upgraded","floor":5.0,"gold_loss":0.0,"damage_taken":0.0,"cards_upgraded":["Slimebound:DuplicatedForm"]}],"is_beta":false,"boss_relics":[],"items_purged_floors":[],"is_endless":false,"potions_floor_spawned":[3,4,11,12],"killed_by":"Lagavulin","ascension_level":0}}