{"host":"azzpm43fqgdt222r","time":1608599854,"event":{"mods":["BaseMod","Downfall","Marisa????????","Minty Spire (QoL Compilation)","StSLib","Td1madao Mod","The Cursed"],"gold_per_floor":[99,110,120,132,156,176,203,227,227,250,250,250,400,426,454,454,454,454],"floor_reached":16,"playtime":975,"items_purged":[],"score":108,"play_id":"e222b300-8de8-47ef-99e7-6e0fed906f8a","local_time":"20201221201734","is_ascension_mode":false,"campfire_choices":[{"data":"hexamod:Float","floor":1,"key":"SMITH"}],"circlet_count":0,"master_deck":["hexamod:Strike","hexamod:Strike","hexamod:Strike","hexamod:Defend","hexamod:Defend","hexamod:Defend","hexamod:Defend","hexamod:Sear","hexamod:Float+1","hexamod:NightmareGuise","hexamod:BurningTouch","hexamod:SecondSeal","hexamod:ThirdSeal","hexamod:SkipABeat","hexamod:NecessarySacrifice","hexamod:GhostShield","hexamod:ShieldOfDarkness","hexamod:PhantomFireball","hexamod:InspiringFlames","hexamod:EmpoweredFlame","hexamod:Incineration","hexamod:SoulSteal","hexamod:Haunt"],"relics":["hexamod:SpiritBrand","MealTicket"],"acts_visited":["Exordium"],"potions_floor_usage":[16],"damage_taken":[{"damage":1,"enemies":"Cultist","floor":2,"turns":3},{"damage":0,"enemies":"Small Slimes","floor":3,"turns":3},{"damage":2,"enemies":"Jaw Worm","floor":4,"turns":6},{"damage":0,"enemies":"Large Slime","floor":5,"turns":5},{"damage":8,"enemies":"Exordium Thugs","floor":6,"turns":6},{"damage":6,"enemies":"Exordium Wildlife","floor":8,"turns":6},{"damage":10,"enemies":"3 Louse","floor":10,"turns":6},{"damage":18,"enemies":"Lagavulin","floor":12,"turns":10},{"damage":0,"enemies":"Red Slaver","floor":14,"turns":4},{"damage":4,"enemies":"2 Fungi Beasts","floor":15,"turns":3},{"damage":30,"enemies":"downfall:Defect","floor":16,"turns":4}],"seed_played":"5689369183821334894","potions_obtained":[{"floor":3,"key":"Block Potion"},{"floor":4,"key":"LiquidMemories"},{"floor":6,"key":"hexamod:InfernoChargePotion"}],"is_trial":false,"path_per_floor":["R","M","M","M","M","M","T","M","?","M","T","E","?","M","M","B"],"character_chosen":"THE_SPIRIT","items_purchased":[],"campfire_rested":0,"item_purchase_floors":[],"current_hp_per_floor":[77,76,76,74,74,66,66,60,60,50,50,32,32,32,28,0,0,0],"gold":454,"neow_bonus":"TEN_PERCENT_HP_BONUS","is_daily":false,"chose_seed":false,"campfire_upgraded":1,"win_rate":0.0,"timestamp":1608599854,"path_taken":["R","M","M","M","M","M","T","?","?","M","?","E","?","M","M","BOSS"],"items_purchased_type":[],"build_version":"2020-12-13","purchased_purges":0,"victory":false,"max_hp_per_floor":[77,77,77,77,77,77,77,77,77,77,77,77,77,77,77,77,77,77],"card_choices":[{"not_picked":["hexamod:SecondSeal","hexamod:StepThrough"],"picked":"hexamod:NightmareGuise","floor":2},{"not_picked":["hexamod:GhostOfSpirePast","hexamod:GhostShield"],"picked":"hexamod:BurningTouch","floor":3},{"not_picked":["hexamod:BacktrackSmack","hexamod:SwordOfDarkness"],"picked":"hexamod:SecondSeal","floor":4},{"not_picked":["hexamod:GhostOfSpirePast","hexamod:GhostLash"],"picked":"hexamod:ThirdSeal","floor":5},{"not_picked":["hexamod:TurnItUp","hexamod:RetreatToShadows"],"picked":"hexamod:SkipABeat","floor":6},{"not_picked":["hexamod:ChargedBarrage","hexamod:RainOfEmbers"],"picked":"hexamod:NecessarySacrifice","floor":6},{"not_picked":["hexamod:RecurringNightmare","hexamod:FastForward"],"picked":"hexamod:GhostShield","floor":8},{"not_picked":["hexamod:HeatShield","hexamod:BacktrackSmack"],"picked":"hexamod:ShieldOfDarkness","floor":8},{"not_picked":["hexamod:ChargedBarrage","hexamod:AdvancingGuard"],"picked":"hexamod:PhantomFireball","floor":10},{"not_picked":["hexamod:ExtraCrispy","hexamod:ShieldOfDarkness"],"picked":"hexamod:InspiringFlames","floor":10},{"not_picked":["hexamod:GhostShield","hexamod:EmpoweringStance"],"picked":"hexamod:EmpoweredFlame","floor":12},{"not_picked":["hexamod:HauntingEcho","hexamod:SkipABeat","hexamod:EtherealExpedition"],"picked":"SKIP","floor":12},{"not_picked":["hexamod:HauntingEcho","hexamod:SpectersWail"],"picked":"hexamod:Incineration","floor":14},{"not_picked":["hexamod:ShieldOfDarkness","hexamod:ChargedBarrage"],"picked":"hexamod:SoulSteal","floor":14},{"not_picked":["hexamod:NightmareGuise","hexamod:ShieldOfDarkness"],"picked":"hexamod:Haunt","floor":15}],"player_experience":188425,"relics_obtained":[{"floor":7,"key":"MealTicket"},{"floor":11,"key":"Blue Candle"}],"event_choices":[{"cards_removed":["hexamod:Strike"],"damage_healed":0,"gold_gain":0,"player_choice":"Card Removal","damage_taken":0,"max_hp_gain":0,"max_hp_loss":0,"event_name":"The Cleric","floor":9,"gold_loss":0}],"is_beta":false,"boss_relics":[],"items_purged_floors":[],"is_endless":false,"potions_floor_spawned":[3,4,6,10,12],"killed_by":"downfall:Defect","ascension_level":0}}