{"host":"30jsp143e4v19aze","time":1608662224,"event":{"mods":["BaseMod","Colored Map","Colored Powertips","Curses Come First","DeckTracker","Highlight Path","Minty Spire (QoL Compilation)","Quick Restart","Relic Stats","StSLib"],"gold_per_floor":[118,134,284,284,14,57,72,72,99,99,135,155,193,158,158,249,249,265,265,265,130,169,169,182,182,182,21,296,319,319,363,363,461,461,475,490,490,490],"floor_reached":37,"playtime":1669,"items_purged":["Doubt","Strike_G+1","Strike_G+1"],"score":813,"play_id":"12d929a8-dd7a-4088-923a-e96df5d11bf7","local_time":"20201222193704","is_ascension_mode":true,"campfire_choices":[{"data":"Noxious Fumes","floor":8,"key":"SMITH"},{"data":"Dagger Spray","floor":10,"key":"SMITH"},{"data":"Crippling Poison","floor":15,"key":"SMITH"},{"floor":23,"key":"REST"},{"data":"Catalyst","floor":25,"key":"SMITH"},{"data":"Leg Sweep","floor":30,"key":"SMITH"},{"data":"Catalyst","floor":32,"key":"SMITH"}],"circlet_count":0,"master_deck":["AscendersBane","Strike_G+1","Strike_G+1","Strike_G+1","Defend_G+1","Defend_G+1","Defend_G+1","Defend_G+1","Defend_G+1","Survivor","Neutralize","Dagger Spray+1","PiercingWail","Noxious Fumes+1","Dagger Spray","Tools of the Trade","Dodge and Roll","Crippling Poison+1","Acrobatics","Venomology","Catalyst+1","PiercingWail+1","Bouncing Flask","Catalyst+1","Malaise","Setup","Regret","Leg Sweep+1","Die Die Die","Well Laid Plans"],"relics":["Ring of the Snake","NeowsBlessing","Golden Idol","Membership Card","Blood Vial","Toy Ornithopter","Bag of Marbles","Gremlin Horn","Philosopher\u0027s Stone","Nilry\u0027s Codex","Oddly Smooth Stone","Red Mask","Nunchaku","Orrery","Art of War","HoveringKite"],"acts_visited":["Exordium","TheCity","TheBeyond"],"potions_floor_usage":[11,13,18,31,31,33,35,36,37,37,37],"damage_taken":[{"damage":0,"enemies":"Small Slimes","floor":1,"turns":1},{"damage":0,"enemies":"Jaw Worm","floor":2,"turns":1},{"damage":0,"enemies":"Gremlin Nob","floor":6,"turns":1},{"damage":0,"enemies":"2 Louse","floor":7,"turns":2},{"damage":7,"enemies":"3 Sentries","floor":11,"turns":5},{"damage":1,"enemies":"2 Fungi Beasts","floor":12,"turns":3},{"damage":29,"enemies":"Gremlin Nob","floor":13,"turns":5},{"damage":35,"enemies":"The Guardian","floor":16,"turns":12},{"damage":0,"enemies":"Spheric Guardian","floor":18,"turns":4},{"damage":0,"enemies":"Masked Bandits","floor":22,"turns":3},{"damage":0,"enemies":"3 Byrds","floor":24,"turns":4},{"damage":11,"enemies":"Shelled Parasite and Fungi","floor":29,"turns":6},{"damage":26,"enemies":"Book of Stabbing","floor":31,"turns":7},{"damage":30,"enemies":"Champ","floor":33,"turns":10},{"damage":9,"enemies":"Orb Walker","floor":35,"turns":5},{"damage":24,"enemies":"3 Shapes","floor":36,"turns":4},{"damage":49,"enemies":"Spire Growth","floor":37,"turns":4}],"seed_played":"7410973215609986579","potions_obtained":[{"floor":2,"key":"GhostInAJar"},{"floor":11,"key":"Strength Potion"},{"floor":16,"key":"GamblersBrew"},{"floor":35,"key":"Energy Potion"}],"is_trial":false,"path_per_floor":["M","M","?","?","$","E","M","R","T","R","E","M","E","?","R","B",null,"M","?","?","$","?","R","M","R","T","$","?","M","R","E","R","B",null,"M","M","M"],"character_chosen":"THE_SILENT","items_purchased":["Membership Card","Noxious Fumes","Block Potion","Oddly Smooth Stone","Bouncing Flask","Orrery"],"campfire_rested":1,"item_purchase_floors":[5,5,5,21,27,27],"current_hp_per_floor":[59,59,59,59,59,59,60,60,60,60,58,59,36,51,51,18,50,57,36,36,36,38,56,58,58,58,58,58,49,49,34,34,11,48,46,29,0,0],"gold":490,"neow_bonus":"THREE_ENEMY_KILL","is_daily":false,"chose_seed":false,"campfire_upgraded":6,"win_rate":0.0,"timestamp":1608662224,"path_taken":["M","M","?","?","$","E","M","R","T","R","E","M","E","?","R","BOSS","M","?","?","$","?","R","M","R","T","$","?","M","R","E","R","BOSS","M","M","M"],"items_purchased_type":["Relic","Card","Potion","Relic","Card","Relic"],"build_version":"2020-12-13","purchased_purges":3,"victory":false,"max_hp_per_floor":[66,66,66,60,60,60,60,60,60,60,60,60,60,60,60,60,60,60,60,60,60,60,60,60,60,60,60,60,60,60,60,60,60,60,60,60,60,60],"relic_stats":{"Blood Vial":24,"Nunchaku":[3],"Gremlin Horn":[7,7],"counters":[17,77],"Golden Idol":103,"HoveringKite":[4],"Art of War":[6],"obtain_stats":[{"NeowsBlessing":0,"Gremlin Horn":13,"Golden Idol":4,"Nilry\u0027s Codex":19,"Oddly Smooth Stone":21,"HoveringKite":34,"Blood Vial":6,"Nunchaku":26,"Orrery":27,"Philosopher\u0027s Stone":17,"Bag of Marbles":11,"Red Mask":22,"Art of War":31,"Membership Card":5,"Toy Ornithopter":9,"Ring of the Snake":0},{"NeowsBlessing":0,"Gremlin Horn":7,"Golden Idol":2,"Nilry\u0027s Codex":9,"Oddly Smooth Stone":9,"HoveringKite":14,"Blood Vial":3,"Nunchaku":11,"Orrery":11,"Philosopher\u0027s Stone":8,"Bag of Marbles":5,"Red Mask":10,"Art of War":13,"Membership Card":2,"Toy Ornithopter":4,"Ring of the Snake":0},{"NeowsBlessing":0,"Gremlin Horn":18,"Golden Idol":2,"Nilry\u0027s Codex":34,"Oddly Smooth Stone":34,"HoveringKite":64,"Blood Vial":3,"Nunchaku":41,"Orrery":41,"Philosopher\u0027s Stone":30,"Bag of Marbles":10,"Red Mask":37,"Art of War":54,"Membership Card":2,"Toy Ornithopter":5,"Ring of the Snake":0}],"Toy Ornithopter":54,"Ring of the Snake":[34]},"card_choices":[{"not_picked":["Dodge and Roll","Bouncing Flask"],"picked":"Dagger Spray","floor":1},{"not_picked":["Prepared","Tactician"],"picked":"PiercingWail","floor":2},{"not_picked":["Slice","Reflex"],"picked":"Dagger Spray","floor":6},{"not_picked":["Leg Sweep","Blur"],"picked":"Tools of the Trade","floor":7},{"not_picked":["Slice","Expertise"],"picked":"Dodge and Roll","floor":11},{"not_picked":["Flying Knee","Reflex"],"picked":"Crippling Poison","floor":12},{"not_picked":["Terror","Eviscerate"],"picked":"Acrobatics","floor":13},{"not_picked":["Grand Finale","Tools of the Trade"],"picked":"Venomology","floor":16},{"not_picked":["Deflect+1","Heel Hook"],"picked":"Catalyst","floor":18},{"not_picked":["Dodge and Roll","Outmaneuver"],"picked":"PiercingWail+1","floor":24},{"not_picked":["All Out Attack","Terror"],"picked":"Catalyst","floor":27},{"not_picked":["Endless Agony","Adrenaline"],"picked":"Malaise","floor":27},{"not_picked":["Cloak And Dagger","Blur"],"picked":"Setup","floor":27},{"not_picked":["Escape Plan","Tactician"],"picked":"Leg Sweep","floor":29},{"not_picked":["After Image","Flying Knee+1","Storm of Steel"],"picked":"SKIP","floor":31},{"not_picked":["Envenom","Tools of the Trade"],"picked":"Die Die Die","floor":33},{"not_picked":["Underhanded Strike+1","Sucker Punch"],"picked":"Well Laid Plans","floor":35},{"not_picked":["Quick Slash+1","Bane","Outmaneuver"],"picked":"SKIP","floor":36}],"player_experience":3057129,"relics_obtained":[{"floor":6,"key":"Blood Vial"},{"floor":9,"key":"Toy Ornithopter"},{"floor":11,"key":"Bag of Marbles"},{"floor":13,"key":"Gremlin Horn"},{"floor":19,"key":"Nilry\u0027s Codex"},{"floor":22,"key":"Red Mask"},{"floor":26,"key":"Nunchaku"},{"floor":31,"key":"Art of War"}],"event_choices":[{"damage_healed":0,"gold_gain":150,"player_choice":"AGREE","damage_taken":0,"max_hp_gain":0,"max_hp_loss":0,"event_name":"Liars Game","floor":3,"gold_loss":0,"cards_obtained":["Doubt"]},{"damage_healed":0,"gold_gain":0,"player_choice":"Lose Max HP","damage_taken":0,"relics_obtained":["Golden Idol"],"max_hp_gain":0,"max_hp_loss":6,"event_name":"Golden Idol","floor":4,"gold_loss":0},{"damage_healed":15,"gold_gain":0,"player_choice":"Healed","damage_taken":0,"max_hp_gain":0,"max_hp_loss":0,"event_name":"The Cleric","floor":14,"gold_loss":35},{"damage_healed":0,"gold_gain":0,"player_choice":"Obtained Book","damage_taken":21,"max_hp_gain":0,"max_hp_loss":0,"event_name":"Cursed Tome","floor":19,"gold_loss":0},{"damage_healed":0,"gold_gain":0,"player_choice":"Simplicity","damage_taken":0,"max_hp_gain":0,"max_hp_loss":0,"event_name":"Back to Basics","floor":20,"gold_loss":0,"cards_upgraded":["Strike_G","Strike_G","Strike_G","Strike_G","Strike_G","Defend_G","Defend_G","Defend_G","Defend_G","Defend_G"]},{"damage_healed":0,"gold_gain":0,"player_choice":"Fought Bandits","damage_taken":0,"max_hp_gain":0,"max_hp_loss":0,"event_name":"Masked Bandits","floor":22,"gold_loss":0},{"damage_healed":0,"gold_gain":275,"player_choice":"Desecrate","damage_taken":0,"max_hp_gain":0,"max_hp_loss":0,"event_name":"Golden Shrine","floor":28,"gold_loss":0,"cards_obtained":["Regret"]}],"is_beta":false,"boss_relics":[{"not_picked":["Ectoplasm","Calling Bell"],"picked":"Philosopher\u0027s Stone"},{"not_picked":["Empty Cage","Astrolabe"],"picked":"HoveringKite"}],"items_purged_floors":[5,21,27],"is_endless":false,"potions_floor_spawned":[2,7,11,16,18,24,29,35],"killed_by":"Spire Growth","ascension_level":18}}