{"host":"lh9qfzqeqctr28d2","time":1608614242,"event":{"mods":["BaseMod","Minty Spire (QoL Compilation)","Quick Restart","Relic Stats","StSLib"],"gold_per_floor":[112,112,112,112,212,243,262,288,315,331,348,360,386,404,404,404,404],"floor_reached":0,"playtime":0,"items_purged":[],"score":0,"play_id":"ce96823e-9f82-4909-bcb8-e7cee62f4f2e","local_time":"20201222131722","is_ascension_mode":true,"campfire_choices":[{"floor":15,"key":"REST"}],"circlet_count":0,"master_deck":["Strike_G","Strike_G","Strike_G","Strike_G","Defend_G","Defend_G","Defend_G","Defend_G","Defend_G","Survivor","Neutralize+1","Flying Knee","Quick Slash","Cloak And Dagger","Dagger Spray","Blade Dance","Finisher"],"relics":["Ring of the Snake","NeowsBlessing","Smiling Mask","Regal Pillow","Nunchaku","Bag of Preparation"],"acts_visited":["Exordium"],"potions_floor_usage":[13,16,16],"damage_taken":[{"damage":0,"enemies":"2 Louse","floor":1,"turns":1},{"damage":0,"enemies":"Lagavulin","floor":6,"turns":1},{"damage":0,"enemies":"Small Slimes","floor":7,"turns":1},{"damage":27,"enemies":"Gremlin Nob","floor":8,"turns":5},{"damage":0,"enemies":"Cultist","floor":10,"turns":3},{"damage":0,"enemies":"Gremlin Gang","floor":11,"turns":3},{"damage":0,"enemies":"2 Fungi Beasts","floor":12,"turns":2},{"damage":3,"enemies":"Lagavulin","floor":13,"turns":6},{"damage":1,"enemies":"Red Slaver","floor":14,"turns":3},{"damage":35,"enemies":"Hexaghost","floor":16,"turns":9}],"seed_played":"1686607710489469597","potions_obtained":[{"floor":6,"key":"AttackPotion"},{"floor":7,"key":"SpeedPotion"},{"floor":12,"key":"EssenceOfSteel"}],"is_trial":false,"path_per_floor":["M","?","?","?","?","E","M","E","T","M","M","M","E","M","R","B"],"character_chosen":"THE_SILENT","items_purchased":[],"campfire_rested":1,"item_purchase_floors":[],"current_hp_per_floor":[70,70,63,68,68,68,68,41,41,41,41,41,38,37,74,39,39],"gold":404,"neow_bonus":"THREE_ENEMY_KILL","is_daily":false,"chose_seed":false,"campfire_upgraded":0,"win_rate":0.0,"timestamp":1608614242,"path_taken":["M","?","?","?","?","E","M","E","T","M","?","?","E","M","R","BOSS"],"items_purchased_type":[],"build_version":"2020-12-13","purchased_purges":0,"victory":false,"max_hp_per_floor":[70,70,70,75,75,75,75,75,75,75,75,75,75,75,75,75,75],"relic_stats":{"Regal Pillow":15,"Nunchaku":[8],"counters":[10,34],"Bag of Preparation":[4],"Smiling Mask":0,"obtain_stats":[{"Regal Pillow":8,"Nunchaku":9,"NeowsBlessing":0,"Bag of Preparation":13,"Smiling Mask":6,"Ring of the Snake":0},{"Regal Pillow":4,"Nunchaku":4,"NeowsBlessing":0,"Bag of Preparation":8,"Smiling Mask":2,"Ring of the Snake":0},{"Regal Pillow":8,"Nunchaku":8,"NeowsBlessing":0,"Bag of Preparation":22,"Smiling Mask":2,"Ring of the Snake":0}],"Ring of the Snake":[20]},"card_choices":[{"not_picked":["Sucker Punch","Blur"],"picked":"Flying Knee","floor":1},{"not_picked":["Terror","Prepared"],"picked":"Quick Slash","floor":6},{"not_picked":["Masterful Stab","Expertise"],"picked":"Cloak And Dagger","floor":7},{"not_picked":["Bouncing Flask","Bane"],"picked":"Dagger Spray","floor":8},{"not_picked":["Venomology","Underhanded Strike","Distraction"],"picked":"SKIP","floor":10},{"not_picked":["Dodge and Roll","Deflect"],"picked":"Blade Dance","floor":11},{"not_picked":["Deadly Poison","Dagger Throw"],"picked":"Finisher","floor":12},{"not_picked":["Dodge and Roll","Masterful Stab","Underhanded Strike"],"picked":"SKIP","floor":13},{"not_picked":["Flechettes","Skewer","Backflip"],"picked":"SKIP","floor":14}],"player_experience":257988,"relics_obtained":[{"floor":6,"key":"Smiling Mask"},{"floor":8,"key":"Regal Pillow"},{"floor":9,"key":"Nunchaku"},{"floor":13,"key":"Bag of Preparation"}],"event_choices":[{"damage_healed":0,"gold_gain":0,"player_choice":"Grow","damage_taken":0,"max_hp_gain":0,"max_hp_loss":0,"event_name":"Living Wall","floor":2,"gold_loss":0,"cards_upgraded":["Neutralize"]},{"cards_removed":["Strike_G"],"damage_healed":0,"gold_gain":0,"player_choice":"Card Removal","damage_taken":7,"max_hp_gain":0,"max_hp_loss":0,"event_name":"Golden Wing","floor":3,"gold_loss":0},{"damage_healed":0,"gold_gain":0,"player_choice":"Donut","damage_taken":0,"max_hp_gain":5,"max_hp_loss":0,"event_name":"Big Fish","floor":4,"gold_loss":0},{"damage_healed":0,"gold_gain":100,"player_choice":"Pray","damage_taken":0,"max_hp_gain":0,"max_hp_loss":0,"event_name":"Golden Shrine","floor":5,"gold_loss":0}],"is_beta":false,"boss_relics":[],"items_purged_floors":[],"is_endless":false,"potions_floor_spawned":[6,7,12],"killed_by":"Hexaghost","ascension_level":1}}