{"host":"usewcu4ohw2wtmxk","time":1608624669,"event":{"mods":["BaseMod","Minty Spire (QoL Compilation)","Permanent Neow","Quick Restart","Relic Stats","UnlockEverythingMod"],"gold_per_floor":[15,15,29,53,53,53,78,99,177,177,252,267,267,290,290,388,388,409,433,483,483,483],"floor_reached":21,"playtime":430,"items_purged":[],"score":346,"play_id":"4c44e300-2459-4c5d-803f-1aed988742be","local_time":"20201222161109","is_ascension_mode":true,"campfire_choices":[{"floor":6.0,"key":"RECALL"},{"data":"Recycle","floor":10.0,"key":"SMITH"},{"floor":13.0,"key":"REST"},{"data":"Turbo","floor":15.0,"key":"SMITH"}],"circlet_count":0,"master_deck":["AscendersBane","Strike_B","Strike_B","Strike_B","Strike_B","Defend_B","Defend_B","Defend_B","Defend_B","Zap","Dualcast+1","Core Surge+1","BootSequence","Cold Snap","Ball Lightning","Recycle+1","Turbo+1","Electrodynamics"],"relics":["Cracked Core","Golden Idol","Pear","Runic Pyramid"],"acts_visited":["Exordium","TheCity"],"potions_floor_usage":[16,16],"damage_taken":[{"damage":4.0,"enemies":"Jaw Worm","floor":1.0,"turns":4.0},{"damage":0.0,"enemies":"2 Louse","floor":3.0,"turns":2.0},{"damage":0.0,"enemies":"Small Slimes","floor":4.0,"turns":3.0},{"damage":5.0,"enemies":"Gremlin Gang","floor":7.0,"turns":4.0},{"damage":1.0,"enemies":"Looter","floor":8.0,"turns":2.0},{"damage":5.0,"enemies":"Large Slime","floor":12.0,"turns":4.0},{"damage":4.0,"enemies":"Red Slaver","floor":14.0,"turns":4.0},{"damage":43,"enemies":"The Guardian","floor":16,"turns":13},{"damage":13,"enemies":"Spheric Guardian","floor":18,"turns":4},{"damage":22,"enemies":"2 Thieves","floor":19,"turns":3},{"damage":24,"enemies":"Snecko","floor":21,"turns":4}],"seed_played":"-2735892254040168007","potions_obtained":[{"floor":3.0,"key":"Fire Potion"},{"floor":7.0,"key":"Fire Potion"}],"is_trial":false,"path_per_floor":["M","?","M","M","?","R","M","M","T","R","?","M","R","M","R","B",null,"M","M","?","M"],"character_chosen":"DEFECT","items_purchased":[],"campfire_rested":1,"item_purchase_floors":[],"current_hp_per_floor":[60,60,60,60,41,41,36,35,45,45,34,29,51,47,47,4,57,44,22,22,0,0],"gold":483,"neow_bonus":"THREE_RARE_CARDS","is_daily":false,"chose_seed":false,"campfire_upgraded":2,"win_rate":0.0,"timestamp":1608624669,"path_taken":["M","?","M","M","?","R","M","M","T","R","?","M","R","M","R","BOSS","M","M","?","?"],"items_purchased_type":[],"build_version":"2020-12-13","purchased_purges":0,"victory":false,"max_hp_per_floor":[71,64,64,64,64,64,64,64,74,74,74,74,74,74,74,74,74,74,74,74,74,74],"relic_stats":{"counters":[11,47],"Golden Idol":54,"obtain_stats":[{"Pear":9,"Golden Idol":2,"Cracked Core":0,"Runic Pyramid":17},{"Pear":5,"Golden Idol":1,"Cracked Core":0,"Runic Pyramid":8},{"Pear":15,"Golden Idol":4,"Cracked Core":0,"Runic Pyramid":36}]},"card_choices":[{"not_picked":["Meteor Strike","Reboot"],"picked":"Core Surge","floor":0.0},{"not_picked":["Conserve Battery","Redo"],"picked":"BootSequence","floor":1.0},{"not_picked":["Static Discharge","Consume"],"picked":"Cold Snap","floor":3.0},{"not_picked":["Stack","Hologram","Redo"],"picked":"SKIP","floor":4.0},{"not_picked":["Compile Driver","Loop"],"picked":"Ball Lightning","floor":7.0},{"not_picked":["Consume","Melter"],"picked":"Recycle","floor":8.0},{"not_picked":["Static Discharge","Consume","Steam"],"picked":"SKIP","floor":12.0},{"not_picked":["Cold Snap","Redo"],"picked":"Turbo","floor":14.0},{"not_picked":["Amplify","Seek"],"picked":"Electrodynamics","floor":16},{"not_picked":["Ball Lightning","Beam Cell","Barrage"],"picked":"SKIP","floor":18},{"not_picked":["FTL","Steam","Gash"],"picked":"SKIP","floor":19}],"player_experience":219768,"relics_obtained":[{"floor":9.0,"key":"Pear"}],"event_choices":[{"damage_healed":0.0,"max_hp_gain":0.0,"max_hp_loss":7.0,"gold_gain":0.0,"event_name":"Golden Idol","player_choice":"Lose Max HP","floor":2.0,"gold_loss":0.0,"damage_taken":0.0,"relics_obtained":["Golden Idol"]},{"damage_healed":0.0,"max_hp_gain":0.0,"max_hp_loss":0.0,"gold_gain":0.0,"event_name":"Shining Light","player_choice":"Entered Light","floor":5.0,"gold_loss":0.0,"damage_taken":19.0,"cards_upgraded":["Dualcast","Core Surge"]},{"damage_healed":0.0,"max_hp_gain":0.0,"max_hp_loss":0.0,"gold_gain":75.0,"event_name":"World of Goop","player_choice":"Gather Gold","floor":11.0,"gold_loss":0.0,"damage_taken":11.0},{"damage_healed":0,"gold_gain":50,"player_choice":"Pray","damage_taken":0,"max_hp_gain":0,"max_hp_loss":0,"event_name":"Golden Shrine","floor":20,"gold_loss":0}],"is_beta":false,"boss_relics":[{"not_picked":["Philosopher\u0027s Stone","SlaversCollar"],"picked":"Runic Pyramid"}],"items_purged_floors":[],"is_endless":false,"potions_floor_spawned":[3,7,8,12],"killed_by":"Snecko","ascension_level":20}}