{"host":"uyp13icwa33nzjib","time":1608655885,"event":{"mods":["AchievementEnabler","BaseMod","BetterRewards","Colored Map","Infinite Spire","Mimic Mod","Minty Spire (QoL Compilation)","Quick Restart","Replay The Spire","StSLib"],"gold_per_floor":[119,219,231,246,246,246,258,258,309,26,38,49,80,96,96,196,196,207,147,147,167,183,183,213,229,229,229,45,62,74,94,94,199,199,210,263,282,282,297,297,315,315,369,409,441,467,479,509,521,533,533],"floor_reached":50,"playtime":1911,"items_purged":[],"score":577,"play_id":"35ddb9b2-a8f6-40b7-8246-edeee71301c5","local_time":"20201222115125","daily_mods":["Red Cards","Green Cards","Blue Cards","Heirloom","DeadlyEvents","Lethality","Uncertain Future"],"is_ascension_mode":false,"campfire_choices":[{"data":"Riddle With Holes","floor":6,"key":"SMITH"},{"data":"Deflect","floor":8,"key":"SMITH"},{"floor":15,"key":"REST"},{"data":"infinitespire:Collect","floor":23,"key":"SMITH"},{"data":"After Image","floor":27,"key":"SMITH"},{"floor":32,"key":"REST"},{"data":"1","floor":40,"key":"LIFT"},{"data":"2","floor":42,"key":"LIFT"},{"data":"3","floor":49,"key":"LIFT"}],"circlet_count":0,"master_deck":["Strike_R","Strike_R","Strike_R","Strike_R","Strike_R","Defend_R","Defend_R","Defend_R","Bash","Deflect+1","Riddle With Holes+1","Flying Knee","Outmaneuver","Shrug It Off","Clash","Undo+1","After Image+1","Seeing Red+1","infinitespire:Collect+1","Twin Strike+1","Cleave","Armaments+1","Go for the Eyes","ReplayTheSpireMod:Limb From Limb","Terror","Acrobatics","Go for the Eyes","Reboot+1","Flame Barrier+1","Steam+1","Prepared","Massacre+1","Cleave+1","infinitespire:NeuralNetwork","Skewer","Blood for Blood+1","Genetic Algorithm"],"relics":["Burning Blood","Incense Burner","Vajra","infinitespire:BottledMercury","Replay:Baseball","Painkiller Herb","Lee\u0027s Waffle","Philosopher\u0027s Stone","infinitespire:EmpoweringShard","Medical Kit","infinitespire:Burning Sword","Girya","Guide Book","MawBank","Replay:Bottled Flurry"],"acts_visited":["Exordium","TheCity","TheBeyond"],"potions_floor_usage":[24,25,48,50,50],"damage_taken":[{"damage":8,"enemies":"Small Slimes","floor":1,"turns":4},{"damage":0,"enemies":"Cultist","floor":3,"turns":3},{"damage":4,"enemies":"Jaw Worm","floor":4,"turns":3},{"damage":8,"enemies":"Exordium Wildlife","floor":7,"turns":2},{"damage":0,"enemies":"Looter","floor":11,"turns":1},{"damage":10,"enemies":"Large Slime","floor":12,"turns":5},{"damage":21,"enemies":"Lagavulin","floor":13,"turns":3},{"damage":9,"enemies":"Exordium Thugs","floor":14,"turns":2},{"damage":50,"enemies":"Hexaghost","floor":16,"turns":7},{"damage":3,"enemies":"Chosen","floor":18,"turns":2},{"damage":15,"enemies":"2 Thieves","floor":21,"turns":3},{"damage":0,"enemies":"Sentry and Sphere","floor":22,"turns":2},{"damage":41,"enemies":"Nightmare","floor":24,"turns":5},{"damage":7,"enemies":"Centurion and Healer","floor":25,"turns":4},{"damage":0,"enemies":"Snecko","floor":29,"turns":3},{"damage":20,"enemies":"Snake Plant","floor":30,"turns":3},{"damage":7,"enemies":"Centurion and Healer","floor":31,"turns":3},{"damage":2,"enemies":"Collector","floor":33,"turns":6},{"damage":0,"enemies":"Orb Walker","floor":35,"turns":2},{"damage":0,"enemies":"2 Orb Walkers","floor":36,"turns":2},{"damage":6,"enemies":"3 Darklings","floor":37,"turns":4},{"damage":1,"enemies":"Transient","floor":39,"turns":5},{"damage":18,"enemies":"4 Shapes","floor":41,"turns":2},{"damage":6,"enemies":"Nightmare","floor":44,"turns":4},{"damage":4,"enemies":"Sphere and 2 Shapes","floor":45,"turns":2},{"damage":3,"enemies":"Writhing Mass","floor":46,"turns":3},{"damage":0,"enemies":"Transient","floor":48,"turns":5},{"damage":88,"enemies":"infinitespire:MassOfShapes","floor":50,"turns":7}],"seed_played":"-7804817682632040809","potions_obtained":[{"floor":1,"key":"BlessingOfTheForge"},{"floor":4,"key":"SteroidPotion"},{"floor":12,"key":"DuplicationPotion"},{"floor":13,"key":"ColorlessPotion"},{"floor":14,"key":"EssenceOfSteel"},{"floor":25,"key":"FearPotion"},{"floor":30,"key":"Elixir"},{"floor":33,"key":"PowerPotion"},{"floor":45,"key":"Fire Potion"}],"is_trial":true,"path_per_floor":["M","?","M","M","?","R","M","R","T","$","M","M","E","M","R","B",null,"?","?","AVR","?","?","T","NM","?","T","T","T","?","?","?","T","B",null,"?","?","?","AVR","?","T","?","T","T","NM","?","?","?","?","T","B"],"character_chosen":"IRONCLAD","items_purchased":["infinitespire:BottledMercury","Shrug It Off","ReplayTheSpireMod:Limb From Limb","Medical Kit"],"campfire_rested":2,"item_purchase_floors":[10,10,28,28],"current_hp_per_floor":[78,78,80,80,80,80,78,78,78,78,80,76,61,58,80,36,80,80,80,87,78,84,84,49,48,48,48,48,54,40,39,65,69,87,87,87,87,87,87,87,75,75,75,75,77,80,80,86,86,0,0],"gold":533,"neow_bonus":"","is_daily":false,"chose_seed":false,"campfire_upgraded":4,"win_rate":0.0,"timestamp":1608655885,"path_taken":["M","?","?","M","?","R","M","R","T","$","M","M","E","M","R","BOSS","?","?","AVR","?","?","T","NM","?","T","T","?","?","?","?","T","BOSS","?","?","?","AVR","?","T","?","T","T","NM","?","?","?","?","T","BOSS"],"items_purchased_type":["Relic","Card","Card","Relic"],"build_version":"2020-12-13","purchased_purges":0,"victory":false,"max_hp_per_floor":[80,80,80,80,80,80,80,80,80,80,80,80,80,80,80,80,80,80,80,87,87,87,87,87,87,87,87,87,87,87,87,87,87,87,87,87,87,87,87,87,87,87,87,87,87,87,87,87,87,87,87],"card_choices":[{"not_picked":["Sneak Up","Panic Button"],"picked":"Deflect","floor":1},{"not_picked":["ReplayTheSpireMod:Calculation Training","Redo"],"picked":"Riddle With Holes","floor":3},{"not_picked":["Cloak And Dagger","Rebound"],"picked":"Flying Knee","floor":4},{"not_picked":["Go for the Eyes","Tactician"],"picked":"Outmaneuver","floor":7},{"not_picked":["Sentinel","Consume","Steam Power"],"picked":"SKIP","floor":11},{"not_picked":["Pommel Strike","Sneak Up"],"picked":"Clash","floor":12},{"not_picked":["Quick Slash","Barricade"],"picked":"Run Through","floor":13},{"not_picked":["Time Bomb","Dodge and Roll"],"picked":"Undo","floor":14},{"not_picked":["ReplayTheSpireMod:From All Sides","Burst"],"picked":"After Image","floor":16},{"not_picked":["ReplayTheSpireMod:The Works+1","Twin Strike"],"picked":"Seeing Red+1","floor":18},{"not_picked":["True Grit","Cleave"],"picked":"Twin Strike+1","floor":21},{"not_picked":["Blade Dance","Perfected Strike"],"picked":"Cleave","floor":22},{"not_picked":["Doom and Gloom","Reckless Charge"],"picked":"Armaments+1","floor":24},{"not_picked":["Cold Snap+1","Turbo"],"picked":"Go for the Eyes","floor":25},{"not_picked":["Pommel Strike","Streamline"],"picked":"Terror","floor":29},{"not_picked":["Poisoned Stab","ReplayTheSpireMod:Speed Training"],"picked":"Acrobatics","floor":30},{"not_picked":["ReplayTheSpireMod:Strike From Hell","Bloodletting+1"],"picked":"Go for the Eyes","floor":31},{"not_picked":["Glass Knife","Biased Cognition"],"picked":"Reboot","floor":33},{"not_picked":["Heavy Blade","Twin Strike"],"picked":"Flame Barrier+1","floor":35},{"not_picked":["Gash+1","Combust"],"picked":"Steam+1","floor":36},{"not_picked":["BasicCrystalCard","Cold Snap+1"],"picked":"Prepared","floor":37},{"not_picked":["ReplayTheSpireMod:Stacked","Rebound+1"],"picked":"Massacre+1","floor":39},{"not_picked":["Feel No Pain","Run Through+1"],"picked":"Cleave+1","floor":41},{"not_picked":["ReplayTheSpireMod:Echoes of Time","ReplayTheSpireMod:Black Plague"],"picked":"infinitespire:NeuralNetwork","floor":44},{"not_picked":["ReplayTheSpireMod:GoodbyeWorld","Deadly Poison"],"picked":"Skewer","floor":44},{"not_picked":["Deadly Poison+1","Darkness+1","Defy Death+1"],"picked":"SKIP","floor":45},{"not_picked":["Rebound","Gash+1"],"picked":"Blood for Blood+1","floor":46},{"not_picked":["Stack","Poisoned Stab+1"],"picked":"Genetic Algorithm","floor":48}],"player_experience":308970,"relics_obtained":[{"floor":9,"key":"Vajra"},{"floor":13,"key":"Replay:Baseball"},{"floor":26,"key":"infinitespire:EmpoweringShard"},{"floor":36,"key":"Girya"},{"floor":43,"key":"MawBank"},{"floor":44,"key":"Replay:Bottled Flurry"}],"event_choices":[{"damage_healed":0,"gold_gain":100,"player_choice":"Pray","damage_taken":0,"max_hp_gain":0,"max_hp_loss":0,"event_name":"Golden Shrine","floor":2,"gold_loss":0},{"damage_healed":0,"gold_gain":0,"player_choice":"Fight","damage_taken":0,"max_hp_gain":0,"max_hp_loss":0,"event_name":"Mysterious Sphere","floor":36,"gold_loss":0},{"cards_removed":["Run Through"],"damage_healed":0,"gold_gain":0,"player_choice":"Removed Attack","damage_taken":0,"max_hp_gain":0,"max_hp_loss":0,"event_name":"Falling","floor":47,"gold_loss":0}],"is_beta":false,"boss_relics":[{"not_picked":["Tiny House","Runic Dome"],"picked":"Painkiller Herb"},{"not_picked":["Cursed Key","Black Blood"],"picked":"infinitespire:Burning Sword"}],"items_purged_floors":[],"is_endless":true,"potions_floor_spawned":[1,4,12,13,14,22,25,30,31,33,37,45],"killed_by":"infinitespire:MassOfShapes","ascension_level":0}}