{"host":"f0gpob8hq9vgebej","time":1608643473,"event":{"mods":["AchievementEnabler","BaseMod","Googly Eyes","Minty Spire (QoL Compilation)","Quick Restart","SuperFastMode"],"gold_per_floor":[359,373,373,391,408,408,422,422,422,96,96,113,125,125,125,230,230,242,242,103,103,120,120,120,138,163,192,205,225,225,237,237,335,335,348,69,83,99,151,151,165,165,189,39,39,39,39,65,65,65],"floor_reached":51,"playtime":1379,"items_purged":["Strike_G","Strike_G","Defend_G","Defend_G"],"score":992,"play_id":"abb4541c-9e5f-43de-9f80-c9b9b1a90e3a","local_time":"20201222222433","is_ascension_mode":true,"campfire_choices":[{"data":"Cloak And Dagger","floor":6.0,"key":"SMITH"},{"data":"Tactician","floor":8.0,"key":"SMITH"},{"data":"Prepared","floor":11.0,"key":"SMITH"},{"data":"Blade Dance","floor":15.0,"key":"SMITH"},{"data":"Well Laid Plans","floor":23.0,"key":"SMITH"},{"data":"Adrenaline","floor":30.0,"key":"SMITH"},{"floor":32.0,"key":"REST"},{"data":"After Image","floor":40.0,"key":"SMITH"},{"data":"Adrenaline","floor":42.0,"key":"SMITH"},{"data":"Blade Dance","floor":46.0,"key":"SMITH"},{"data":"Neutralize","floor":49.0,"key":"SMITH"}],"circlet_count":0,"master_deck":["AscendersBane","Defend_G","Defend_G","Defend_G","Survivor","Neutralize+1","Cloak And Dagger+1","Accuracy+1","Prepared+1","Blade Dance+1","Tactician+1","Cloak And Dagger","Acrobatics","Adrenaline+1","Backflip","Grand Finale","Backstab","Well Laid Plans+1","PiercingWail","Escape Plan","Blade Dance+1","After Image+1","CurseOfTheBell","Adrenaline+1","Grand Finale","Acrobatics+1","Dagger Throw+1","Master of Strategy"],"relics":["Ring of the Snake","InkBottle","Eternal Feather","SlaversCollar","Akabeko","Orichalcum","Red Mask","Calling Bell","Bronze Scales","Frozen Egg 2","FossilizedHelix","DollysMirror","WingedGreaves","MealTicket","Vajra"],"acts_visited":["Exordium","TheCity","TheBeyond"],"potions_floor_usage":[50],"damage_taken":[{"damage":1.0,"enemies":"Cultist","floor":1.0,"turns":5.0},{"damage":7.0,"enemies":"Small Slimes","floor":2.0,"turns":4.0},{"damage":2.0,"enemies":"Jaw Worm","floor":4.0,"turns":5.0},{"damage":1.0,"enemies":"Large Slime","floor":5.0,"turns":7.0},{"damage":5.0,"enemies":"3 Louse","floor":7.0,"turns":5.0},{"damage":2.0,"enemies":"2 Fungi Beasts","floor":12.0,"turns":3.0},{"damage":0.0,"enemies":"Blue Slaver","floor":13.0,"turns":2.0},{"damage":15.0,"enemies":"The Guardian","floor":16.0,"turns":10.0},{"damage":6.0,"enemies":"Shell Parasite","floor":18.0,"turns":6.0},{"damage":0.0,"enemies":"3 Byrds","floor":22.0,"turns":3.0},{"damage":0.0,"enemies":"Snake Plant","floor":25.0,"turns":2.0},{"damage":10.0,"enemies":"Masked Bandits","floor":27.0,"turns":4.0},{"damage":41.0,"enemies":"Snecko","floor":28.0,"turns":7.0},{"damage":0.0,"enemies":"Shelled Parasite and Fungi","floor":29.0,"turns":5.0},{"damage":5.0,"enemies":"Snake Plant","floor":31.0,"turns":4.0},{"damage":8.0,"enemies":"Collector","floor":33.0,"turns":5.0},{"damage":0.0,"enemies":"3 Shapes","floor":35.0,"turns":3.0},{"damage":0.0,"enemies":"Orb Walker","floor":37.0,"turns":1.0},{"damage":0.0,"enemies":"Maw","floor":38.0,"turns":6.0},{"damage":39.0,"enemies":"2 Orb Walkers","floor":39.0,"turns":7.0},{"damage":0.0,"enemies":"Jaw Worm Horde","floor":41.0,"turns":2.0},{"damage":58,"enemies":"Time Eater","floor":50,"turns":9}],"seed_played":"-5037894000549983817","potions_obtained":[{"floor":2.0,"key":"Regen Potion"},{"floor":4.0,"key":"Fire Potion"},{"floor":7.0,"key":"Dexterity Potion"},{"floor":22.0,"key":"GamblersBrew"},{"floor":27.0,"key":"EssenceOfSteel"},{"floor":31.0,"key":"FearPotion"},{"floor":33.0,"key":"GamblersBrew"},{"floor":39.0,"key":"CunningPotion"}],"is_trial":false,"path_per_floor":["M","M","?","M","M","R","M","R","T","$","R","M","M","?","R","B",null,"M","?","$","?","M","R","?","M","T","?","M","M","R","M","R","B",null,"M","$","M","M","?","R","M","R","T","$","?","R","?","T","R","B",null],"character_chosen":"THE_SILENT","items_purchased":["Eternal Feather","Well Laid Plans","DollysMirror"],"campfire_rested":1,"item_purchase_floors":[10,20,36],"current_hp_per_floor":[62,55,55,53,52,52,47,47,47,47,56,54,54,47,56,55,61,55,55,55,44,44,56,56,56,56,46,5,5,17,12,44,36,60,60,60,60,60,21,36,36,51,51,66,65,65,65,65,65,7],"gold":65,"neow_bonus":"TWO_FIFTY_GOLD","is_daily":false,"chose_seed":false,"campfire_upgraded":10,"win_rate":0.0,"timestamp":1608643473,"path_taken":["M","M","?","M","M","R","M","R","T","$","R","?","M","?","R","BOSS","M","?","$","?","M","R","?","M","T","?","M","M","R","M","R","BOSS","M","$","M","M","?","R","M","R","T","$","?","R","?","?","R","BOSS"],"items_purchased_type":["Relic","Card","Relic"],"build_version":"2020-12-13","purchased_purges":4,"victory":true,"max_hp_per_floor":[63,63,63,63,63,63,63,63,63,63,63,63,63,63,63,63,63,63,63,63,68,68,68,68,68,68,68,68,68,68,68,68,68,68,68,68,68,68,68,68,68,68,68,68,65,65,65,65,65,65],"card_choices":[{"not_picked":["Deflect","Bane"],"picked":"Cloak And Dagger","floor":1.0},{"not_picked":["Underhanded Strike","Blur"],"picked":"Accuracy","floor":2.0},{"not_picked":["Expertise","Dagger Throw"],"picked":"Prepared","floor":4.0},{"not_picked":["Slice","Infinite Blades"],"picked":"Blade Dance","floor":5.0},{"not_picked":["Dagger Spray","Sucker Punch"],"picked":"Tactician","floor":7.0},{"not_picked":["Poisoned Stab","Leg Sweep"],"picked":"Cloak And Dagger","floor":12.0},{"not_picked":["Prepared","Malaise"],"picked":"Acrobatics","floor":13.0},{"not_picked":["Venomology","Burst"],"picked":"Adrenaline","floor":16.0},{"not_picked":["Eviscerate","Quick Slash"],"picked":"Backflip","floor":18.0},{"not_picked":["Dash","Dagger Throw+1","Poisoned Stab"],"picked":"SKIP","floor":22.0},{"not_picked":["Noxious Fumes","Bane"],"picked":"PiercingWail","floor":25.0},{"not_picked":["Bane","Acrobatics"],"picked":"Escape Plan","floor":27.0},{"not_picked":["Flying Knee","Deadly Poison","Dodge and Roll"],"picked":"SKIP","floor":28.0},{"not_picked":["Noxious Fumes","Outmaneuver"],"picked":"Blade Dance","floor":29.0},{"not_picked":["Outmaneuver","Cloak And Dagger+1","Blade Dance"],"picked":"SKIP","floor":31.0},{"not_picked":["Corpse Explosion","Wraith Form v2"],"picked":"After Image","floor":33.0},{"not_picked":["Dodge and Roll","Masterful Stab"],"picked":"Adrenaline","floor":35.0},{"not_picked":["Well Laid Plans+1","Bane+1","Backflip"],"picked":"SKIP","floor":37.0},{"not_picked":["Finisher+1","Bane"],"picked":"Acrobatics+1","floor":38.0},{"not_picked":["Infinite Blades+1","Flechettes"],"picked":"Dagger Throw+1","floor":39.0},{"not_picked":["Poisoned Stab","Masterful Stab","All Out Attack"],"picked":"SKIP","floor":41.0},{"not_picked":["Metamorphosis","Blind"],"picked":"Master of Strategy","floor":47.0}],"player_experience":197013,"relics_obtained":[{"floor":9.0,"key":"InkBottle"},{"floor":26.0,"key":"Orichalcum"},{"floor":27.0,"key":"Red Mask"},{"floor":34.0,"key":"Bronze Scales"},{"floor":34.0,"key":"Frozen Egg 2"},{"floor":34.0,"key":"FossilizedHelix"},{"floor":39.0,"key":"WingedGreaves"},{"floor":43.0,"key":"MealTicket"},{"floor":48.0,"key":"Vajra"}],"event_choices":[{"damage_healed":0.0,"max_hp_gain":0.0,"max_hp_loss":0.0,"gold_gain":0.0,"event_name":"Upgrade Shrine","player_choice":"Upgraded","floor":3.0,"gold_loss":0.0,"damage_taken":0.0,"cards_upgraded":["Accuracy"]},{"cards_removed":["Strike_G"],"damage_healed":0.0,"max_hp_gain":0.0,"max_hp_loss":0.0,"gold_gain":0.0,"event_name":"Golden Wing","player_choice":"Card Removal","floor":14.0,"gold_loss":0.0,"damage_taken":7.0},{"damage_healed":0.0,"max_hp_gain":0.0,"max_hp_loss":0.0,"gold_gain":0.0,"cards_transformed":["Strike_G","Strike_G"],"event_name":"Drug Dealer","player_choice":"Became Test Subject","floor":19.0,"gold_loss":0.0,"damage_taken":0.0,"cards_obtained":["Grand Finale","Backstab"]},{"damage_healed":0.0,"max_hp_gain":5.0,"max_hp_loss":0.0,"gold_gain":0.0,"event_name":"Forgotten Altar","player_choice":"Shed Blood","floor":21.0,"gold_loss":0.0,"damage_taken":16.0},{"damage_healed":0.0,"max_hp_gain":0.0,"max_hp_loss":0.0,"gold_gain":0.0,"event_name":"The Mausoleum","player_choice":"Opened","floor":24.0,"gold_loss":0.0,"damage_taken":0.0,"relics_obtained":["Akabeko"]},{"damage_healed":0.0,"max_hp_gain":0.0,"max_hp_loss":0.0,"gold_gain":0.0,"event_name":"Masked Bandits","player_choice":"Fought Bandits","floor":27.0,"gold_loss":0.0,"damage_taken":0.0},{"damage_healed":0.0,"max_hp_gain":0.0,"max_hp_loss":0.0,"gold_gain":0.0,"event_name":"Mysterious Sphere","player_choice":"Fight","floor":39.0,"gold_loss":0.0,"damage_taken":0.0},{"damage_healed":0.0,"max_hp_gain":0.0,"max_hp_loss":3.0,"gold_gain":0.0,"event_name":"Winding Halls","player_choice":"Max HP","floor":45.0,"gold_loss":0.0,"damage_taken":0.0},{"damage_healed":0.0,"max_hp_gain":0.0,"max_hp_loss":0.0,"gold_gain":0.0,"event_name":"SensoryStone","player_choice":"Memory 1","floor":47.0,"gold_loss":0.0,"damage_taken":0.0}],"is_beta":false,"boss_relics":[{"not_picked":["Busted Crown","Pandora\u0027s Box"],"picked":"SlaversCollar"},{"not_picked":["Fusion Hammer","Velvet Choker"],"picked":"Calling Bell"}],"items_purged_floors":[10,20,36,44],"is_endless":false,"potions_floor_spawned":[2,4,7,22,27,31,33,39],"ascension_level":12}}