{"host":"28p8ce41sjwa6lzf","time":1608654972,"event":{"mods":["BaseMod","Colored Map","Colored Powertips","Highlight Path","Minty Spire (QoL Compilation)","Permanent Neow","Quick Restart","Random Character Button","Rare Cards Sparkle","Relic Stats","StSLib","Unceasing Turn Reminder"],"gold_per_floor":[116,133,150,160,176,176,203,203,279,297,326,257,283,302,302,373,373,385,31,43,43,43,69,69,100,100,100,160,4,39,78,78,155,155,197,0,37,37,1036,1036,1076,1076,1076,586,619,619,644,663,663,663,663],"floor_reached":50,"playtime":4718,"items_purged":["Strike_P","Strike_P","Normality"],"score":1315,"play_id":"083698dd-d529-45f2-88b8-bc04cbb0da38","local_time":"20201222103612","is_ascension_mode":true,"campfire_choices":[{"data":"Protect","floor":6.0,"key":"SMITH"},{"data":"1","floor":15.0,"key":"LIFT"},{"data":"2","floor":24.0,"key":"LIFT"},{"floor":27.0,"key":"REST"},{"data":"3","floor":32.0,"key":"LIFT"},{"data":"Fasting2","floor":40.0,"key":"SMITH"},{"data":"Wish","floor":42.0,"key":"SMITH"},{"data":"Vault","floor":46.0,"key":"SMITH"},{"floor":49,"key":"RECALL"}],"circlet_count":0,"master_deck":["AscendersBane","Eruption","Vigilance+1","InnerPeace","BowlingBash","Protect+1","Sanctity","CutThroughFate","Vault+1","Wallop","InnerPeace","Prostrate","EmptyFist","DevaForm","Prostrate","Wish+1","Wireheading","Prostrate+1","Halt","Vault+1","Fasting2+1","Sanctity+1","Normality","Conclude+1","Secret Technique","Worship","FearNoEvil","Swivel"],"relics":["PureWater","Damaru","White Beast Statue","Odd Mushroom","Girya","Runic Pyramid","Meat on the Bone","Enchiridion","Blood Vial","PreservedInsect","TungstenRod","Bottled Lightning","Pandora\u0027s Box","Red Mask","OrangePellets","HornCleat","Vajra"],"acts_visited":["Exordium","TheCity","TheBeyond"],"potions_floor_usage":[47,50],"damage_taken":[{"damage":0.0,"enemies":"Small Slimes","floor":1.0,"turns":3.0},{"damage":2.0,"enemies":"Jaw Worm","floor":2.0,"turns":3.0},{"damage":0.0,"enemies":"2 Louse","floor":3.0,"turns":3.0},{"damage":2.0,"enemies":"Red Slaver","floor":4.0,"turns":3.0},{"damage":9.0,"enemies":"Blue Slaver","floor":5.0,"turns":4.0},{"damage":19.0,"enemies":"3 Sentries","floor":7.0,"turns":12.0},{"damage":1.0,"enemies":"Large Slime","floor":10.0,"turns":6.0},{"damage":0.0,"enemies":"The Mushroom Lair","floor":11.0,"turns":5.0},{"damage":0.0,"enemies":"Gremlin Nob","floor":13.0,"turns":2.0},{"damage":6.0,"enemies":"Looter","floor":14.0,"turns":5.0},{"damage":21.0,"enemies":"Slime Boss","floor":16.0,"turns":8.0},{"damage":9.0,"enemies":"Spheric Guardian","floor":18.0,"turns":6.0},{"damage":0.0,"enemies":"Chosen","floor":20.0,"turns":6.0},{"damage":2.0,"enemies":"Book of Stabbing","floor":23.0,"turns":4.0},{"damage":40.0,"enemies":"Slavers","floor":25.0,"turns":6.0},{"damage":10.0,"enemies":"Gremlin Leader","floor":28.0,"turns":5.0},{"damage":0.0,"enemies":"3 Cultists","floor":30.0,"turns":7.0},{"damage":3.0,"enemies":"Snake Plant","floor":31.0,"turns":3.0},{"damage":22.0,"enemies":"Champ","floor":33.0,"turns":8.0},{"damage":2.0,"enemies":"3 Shapes","floor":35.0,"turns":4.0},{"damage":0.0,"enemies":"Orb Walker","floor":37.0,"turns":3.0},{"damage":11.0,"enemies":"Writhing Mass","floor":41.0,"turns":9.0},{"damage":13.0,"enemies":"Nemesis","floor":45.0,"turns":7.0},{"damage":0,"enemies":"Giant Head","floor":47,"turns":6},{"damage":0,"enemies":"Jaw Worm Horde","floor":48,"turns":3},{"damage":50,"enemies":"Donu and Deca","floor":50,"turns":4}],"seed_played":"-8409320373743192727","potions_obtained":[{"floor":1.0,"key":"GamblersBrew"},{"floor":2.0,"key":"Strength Potion"},{"floor":7.0,"key":"SkillPotion"},{"floor":10.0,"key":"ColorlessPotion"},{"floor":11.0,"key":"FearPotion"},{"floor":13.0,"key":"SteroidPotion"},{"floor":14.0,"key":"Energy Potion"},{"floor":16.0,"key":"BlessingOfTheForge"},{"floor":18.0,"key":"SneckoOil"},{"floor":20.0,"key":"AttackPotion"},{"floor":22.0,"key":"Regen Potion"},{"floor":22.0,"key":"LiquidMemories"},{"floor":23.0,"key":"PowerPotion"},{"floor":25.0,"key":"Explosive Potion"},{"floor":28.0,"key":"Dexterity Potion"},{"floor":31.0,"key":"DistilledChaos"},{"floor":33.0,"key":"Ancient Potion"},{"floor":41.0,"key":"GamblersBrew"},{"floor":47,"key":"ColorlessPotion"}],"is_trial":false,"path_per_floor":["M","M","M","M","M","R","E","?","T","M","?","?","E","M","R","B",null,"M","$","M","?","?","E","R","E","T","R","E","$","M","M","R","B",null,"M","?","M","?","?","R","M","R","T","$","E","R","E","M","R","B"],"character_chosen":"WATCHER","items_purchased":["Meat on the Bone","BottledMiracle","OrangePellets","Secret Technique"],"campfire_rested":1,"item_purchase_floors":[19,29,44,44],"current_hp_per_floor":[61,59,59,57,48,48,29,29,29,28,28,28,28,22,22,1,51,42,42,42,21,21,43,43,17,17,37,41,41,43,42,42,34,60,60,60,62,62,62,62,53,53,53,53,42,42,44,46,46,0,0],"gold":663,"neow_bonus":"UPGRADE_CARD","is_daily":false,"chose_seed":false,"campfire_upgraded":4,"win_rate":0.0,"timestamp":1608654972,"path_taken":["M","M","M","M","M","R","E","?","T","M","?","?","E","M","R","BOSS","M","$","M","?","?","E","R","E","T","R","E","$","?","M","R","BOSS","M","?","M","?","?","R","M","R","T","$","E","R","E","M","R","BOSS"],"items_purchased_type":["Relic","Potion","Relic","Card"],"build_version":"2020-12-13","purchased_purges":3,"victory":false,"max_hp_per_floor":[68,68,68,68,68,68,68,68,68,68,68,68,68,68,68,68,68,68,68,68,68,68,68,68,68,68,68,68,68,68,68,68,68,68,68,68,68,68,68,68,68,68,68,68,68,68,68,68,68,68,68],"relic_stats":{"Blood Vial":24,"OrangePellets":[0],"counters":[26,135],"Pandora\u0027s Box":["EmptyFist","Wireheading","MentalFortress","ThirdEye","Protect","BattleHymn"],"PreservedInsect":227,"obtain_stats":[{"Girya":13,"Damaru":7,"Enchiridion":21,"Vajra":47,"PreservedInsect":25,"Odd Mushroom":11,"White Beast Statue":9,"Blood Vial":23,"OrangePellets":44,"HornCleat":45,"Pandora\u0027s Box":34,"Red Mask":36,"Bottled Lightning":28,"PureWater":0,"TungstenRod":26,"Runic Pyramid":17,"Meat on the Bone":19},{"Girya":9,"Damaru":6,"Enchiridion":13,"Vajra":24,"PreservedInsect":15,"Odd Mushroom":8,"White Beast Statue":6,"Blood Vial":14,"OrangePellets":22,"HornCleat":23,"Pandora\u0027s Box":19,"Red Mask":20,"Bottled Lightning":16,"PureWater":0,"TungstenRod":15,"Runic Pyramid":11,"Meat on the Bone":12},{"Girya":41,"Damaru":28,"Enchiridion":66,"Vajra":128,"PreservedInsect":76,"Odd Mushroom":39,"White Beast Statue":28,"Blood Vial":70,"OrangePellets":115,"HornCleat":122,"Pandora\u0027s Box":99,"Red Mask":103,"Bottled Lightning":81,"PureWater":0,"TungstenRod":76,"Runic Pyramid":54,"Meat on the Bone":60}],"TungstenRod":16,"Meat on the Bone":48},"card_choices":[{"not_picked":["Weave","Indignation"],"picked":"InnerPeace","floor":1.0},{"not_picked":["JustLucky","EmptyBody"],"picked":"BowlingBash","floor":2.0},{"not_picked":["InnerPeace","DeceiveReality"],"picked":"Protect","floor":3.0},{"not_picked":["WreathOfFlame","BowlingBash"],"picked":"Sanctity","floor":4.0},{"not_picked":["Protect","WindmillStrike"],"picked":"CutThroughFate","floor":5.0},{"not_picked":["FearNoEvil","ReachHeaven"],"picked":"Vault","floor":7.0},{"not_picked":["ClearTheMind","Fasting2"],"picked":"Wallop","floor":10.0},{"not_picked":["PathToVictory","FollowUp"],"picked":"InnerPeace","floor":11.0},{"not_picked":["Evaluate","CrushJoints"],"picked":"Prostrate","floor":13.0},{"not_picked":["EmptyBody","CutThroughFate"],"picked":"EmptyFist","floor":14.0},{"not_picked":["Scrawl","Blasphemy"],"picked":"DevaForm","floor":16.0},{"not_picked":["ReachHeaven","Evaluate"],"picked":"Prostrate","floor":18.0},{"not_picked":["PathToVictory","BowlingBash"],"picked":"CrushJoints","floor":20.0},{"not_picked":["Consecrate+1","BowlingBash+1","Halt"],"picked":"SKIP","floor":23.0},{"not_picked":["Crescendo","BowlingBash"],"picked":"Wish","floor":25.0},{"not_picked":["Perseverance","FlyingSleeves"],"picked":"Wireheading","floor":28.0},{"not_picked":["SashWhip+1","EmptyBody+1"],"picked":"Prostrate+1","floor":30.0},{"not_picked":["FlyingSleeves+1","Crescendo"],"picked":"Halt","floor":31.0},{"not_picked":["DevaForm","Establishment"],"picked":"Vault","floor":33.0},{"not_picked":["ReachHeaven+1","LikeWater"],"picked":"Fasting2","floor":35.0},{"not_picked":["BowlingBash","CrushJoints"],"picked":"Sanctity+1","floor":37.0},{"not_picked":["Halt+1","PathToVictory"],"picked":"Conclude+1","floor":41.0},{"not_picked":["Vengeance","LikeWater"],"picked":"Worship","floor":45.0},{"not_picked":["Halt","MentalFortress"],"picked":"FearNoEvil","floor":47},{"not_picked":["InnerPeace","WreathOfFlame"],"picked":"Swivel","floor":48}],"player_experience":1012596,"relics_obtained":[{"floor":7.0,"key":"Damaru"},{"floor":9.0,"key":"White Beast Statue"},{"floor":11.0,"key":"Odd Mushroom"},{"floor":13.0,"key":"Girya"},{"floor":21.0,"key":"Enchiridion"},{"floor":23.0,"key":"Blood Vial"},{"floor":25.0,"key":"PreservedInsect"},{"floor":26.0,"key":"TungstenRod"},{"floor":28.0,"key":"Bottled Lightning"},{"floor":45.0,"key":"HornCleat"},{"floor":47,"key":"Vajra"}],"event_choices":[{"damage_healed":0.0,"max_hp_gain":0.0,"max_hp_loss":0.0,"gold_gain":0.0,"event_name":"Living Wall","player_choice":"Grow","floor":8.0,"gold_loss":0.0,"damage_taken":0.0,"cards_upgraded":["Vault"]},{"damage_healed":0.0,"max_hp_gain":0.0,"max_hp_loss":0.0,"gold_gain":0.0,"event_name":"Mushrooms","player_choice":"Fought Mushrooms","floor":11.0,"gold_loss":0.0,"damage_taken":0.0},{"damage_healed":0.0,"max_hp_gain":0.0,"max_hp_loss":0.0,"gold_gain":0.0,"event_name":"World of Goop","player_choice":"Left Gold","floor":12.0,"gold_loss":69.0,"damage_taken":0.0},{"damage_healed":0.0,"max_hp_gain":0.0,"max_hp_loss":0.0,"gold_gain":0.0,"event_name":"Cursed Tome","player_choice":"Obtained Book","floor":21.0,"gold_loss":0.0,"damage_taken":21.0},{"damage_healed":0.0,"max_hp_gain":0.0,"max_hp_loss":0.0,"gold_gain":0.0,"event_name":"Lab","player_choice":"Got Potions","floor":22.0,"gold_loss":0.0,"damage_taken":0.0},{"damage_healed":0.0,"max_hp_gain":0.0,"max_hp_loss":0.0,"gold_gain":0.0,"event_name":"Tomb of Lord Red Mask","player_choice":"Paid","floor":36.0,"gold_loss":197.0,"damage_taken":0.0,"relics_obtained":["Red Mask"]},{"cards_removed":["CrushJoints"],"damage_healed":0.0,"max_hp_gain":0.0,"max_hp_loss":0.0,"gold_gain":0.0,"event_name":"Falling","player_choice":"Removed Attack","floor":38.0,"gold_loss":0.0,"damage_taken":0.0},{"damage_healed":0.0,"max_hp_gain":0.0,"max_hp_loss":0.0,"gold_gain":999.0,"event_name":"MindBloom","player_choice":"Gold","floor":39.0,"gold_loss":0.0,"damage_taken":0.0,"cards_obtained":["Normality","Normality"]}],"is_beta":false,"boss_relics":[{"not_picked":["Philosopher\u0027s Stone","Empty Cage"],"picked":"Runic Pyramid"},{"not_picked":["Fusion Hammer","Tiny House"],"picked":"Pandora\u0027s Box"}],"items_purged_floors":[19,29,44],"is_endless":false,"potions_floor_spawned":[1,2,7,10,11,13,14,16,18,20,23,25,28,30,31,33,35,37,41,45,47,48],"killed_by":"Donu and Deca","ascension_level":20}}