{"host":"27cnk69rbdk9vsnt","time":1608644423,"event":{"mods":["BaseMod","Beaked The Cultist","Duelist Mod","Ekko","Energized Spire","Glutton Mod","JesterMod","Jorbs\u0027s Wanderer Trilogy","Mimic Mod","Minty Spire (QoL Compilation)","Shop Mod","StSLib","The Elementalist","Thieving Mod"],"gold_per_floor":[110,110,120,152,77,77,110,110,148,148,148],"floor_reached":10,"playtime":616,"items_purged":["elementalist:Earthstrike"],"score":64,"play_id":"017eea6e-78bf-4d59-9d90-8136b23c7d2c","local_time":"20201222144023","is_ascension_mode":false,"campfire_choices":[{"data":"elementalist:Solar_Form","floor":6,"key":"SMITH"},{"data":"elementalist:Ignition","floor":8,"key":"SMITH"}],"circlet_count":0,"master_deck":["elementalist:Strike+Elemblue","elementalist:Defend_Elemblue","elementalist:Defend_Elemblue","elementalist:Defend_Elemblue","elementalist:Defend_Elemblue","elementalist:Defend_Elemblue","elementalist:Firestrike","elementalist:Airstrike","elementalist:Crystal_Chalk","elementalist:Momentum","elementalist:Solar_Form+1","elementalist:Sidereal_Form","elementalist:Spark","elementalist:Ignition+1","elementalist:Solar_Form"],"relics":["elementalistmod:MagusStaff","elementalistmod:GreenCirclet","elementalistmod:RedRibbon","Art of War","Toy Ornithopter","Bag of Marbles"],"acts_visited":["Exordium"],"potions_floor_usage":[7,10],"damage_taken":[{"damage":7,"enemies":"2 Louse","floor":1,"turns":3},{"damage":5,"enemies":"Cultist","floor":3,"turns":5},{"damage":10,"enemies":"Jaw Worm","floor":4,"turns":16},{"damage":43,"enemies":"3 Sentries","floor":7,"turns":11},{"damage":8,"enemies":"Jaw Worm","floor":9,"turns":4},{"damage":23,"enemies":"Gremlin Nob","floor":10,"turns":3}],"seed_played":"-3853387891049186060","potions_obtained":[{"floor":3,"key":"Regen Potion"},{"floor":7,"key":"LiquidMemories"}],"is_trial":false,"path_per_floor":["M","?","M","MIM","$","R","E","R","MIM","E"],"character_chosen":"THE_ELEMENTALIST","items_purchased":[],"campfire_rested":0,"item_purchase_floors":[],"current_hp_per_floor":[63,63,58,48,48,48,20,20,12,0,0],"gold":148,"neow_bonus":"REMOVE_CARD","is_daily":false,"chose_seed":false,"campfire_upgraded":2,"win_rate":0.0,"timestamp":1608644423,"path_taken":["M","?","?","?","$","R","E","R","MIM","E"],"items_purchased_type":[],"build_version":"2020-12-13","purchased_purges":1,"victory":false,"max_hp_per_floor":[70,70,70,70,70,70,70,70,70,70,70],"card_choices":[{"not_picked":["elementalist:Flame","elementalist:Rising_Tides"],"picked":"elementalist:Momentum","floor":1},{"not_picked":["elementalist:Flame","elementalist:Ignition"],"picked":"elementalist:Solar_Form","floor":3},{"not_picked":["elementalist:Lunar_Form","elementalist:Flame"],"picked":"elementalist:Sidereal_Form","floor":4},{"not_picked":["elementalist:Overheat","elementalist:Pressurize"],"picked":"elementalist:Ignition","floor":7},{"not_picked":["elementalist:Overheat","elementalist:Emberveil"],"picked":"elementalist:Solar_Form","floor":9}],"player_experience":520681,"relics_obtained":[{"floor":4,"key":"Art of War"},{"floor":7,"key":"Toy Ornithopter"},{"floor":9,"key":"Bag of Marbles"}],"event_choices":[],"is_beta":false,"boss_relics":[],"items_purged_floors":[5],"is_endless":false,"potions_floor_spawned":[3,7],"killed_by":"Gremlin Nob","ascension_level":0}}