{"host":"dvpvhz1t6etneyb3","time":1608597539,"event":{"mods":["AchievementEnabler","BaseMod","Colored Map","Highlight Path","Minty Spire (QoL Compilation)","Permanent Neow","Quick Restart"],"gold_per_floor":[111,125,135,189,10,36,36,50,76,76,108,108,128,147,147,220,220,231,231,243,158,48,48,48],"floor_reached":23,"playtime":1075,"items_purged":[],"score":402,"play_id":"382c5c0e-613f-400a-b3e8-384e2cb58305","local_time":"20201221193859","is_ascension_mode":true,"campfire_choices":[{"floor":7.0,"key":"REST"},{"data":"Noxious Fumes","floor":10.0,"key":"SMITH"},{"data":"Footwork","floor":12.0,"key":"SMITH"},{"data":"Catalyst","floor":15.0,"key":"SMITH"}],"circlet_count":0,"master_deck":["AscendersBane","Strike_G","Strike_G+1","Strike_G+1","Strike_G","Defend_G","Defend_G","Defend_G","Defend_G","Defend_G","Survivor","Neutralize","Sucker Punch","Predator","Dagger Throw","Noxious Fumes+1","Footwork+1","Prepared+1","After Image","Catalyst+1","Flying Knee","After Image","Backflip","Leg Sweep"],"relics":["HoveringKite","Whetstone","Smiling Mask","Tiny Chest","Ice Cream","Cursed Key","StrikeDummy"],"acts_visited":["Exordium","TheCity"],"potions_floor_usage":[23,23],"damage_taken":[{"damage":2.0,"enemies":"Cultist","floor":1.0,"turns":5.0},{"damage":3.0,"enemies":"2 Louse","floor":2.0,"turns":4.0},{"damage":4.0,"enemies":"Small Slimes","floor":3.0,"turns":3.0},{"damage":30.0,"enemies":"Lagavulin","floor":6.0,"turns":7.0},{"damage":0.0,"enemies":"2 Fungi Beasts","floor":8.0,"turns":3.0},{"damage":24.0,"enemies":"Gremlin Nob","floor":11.0,"turns":4.0},{"damage":0.0,"enemies":"Exordium Thugs","floor":13.0,"turns":5.0},{"damage":0.0,"enemies":"Lots of Slimes","floor":14.0,"turns":2.0},{"damage":21.0,"enemies":"The Guardian","floor":16.0,"turns":9.0},{"damage":16.0,"enemies":"Chosen","floor":18.0,"turns":5.0},{"damage":16.0,"enemies":"3 Byrds","floor":20.0,"turns":4.0},{"damage":32,"enemies":"Slavers","floor":23,"turns":3}],"seed_played":"-4090381320463484787","potions_obtained":[{"floor":2.0,"key":"Ancient Potion"},{"floor":8.0,"key":"Regen Potion"},{"floor":11.0,"key":"Strength Potion"},{"floor":14.0,"key":"FearPotion"}],"is_trial":false,"path_per_floor":["M","M","M","T","$","E","R","M","T","R","E","R","M","M","R","B",null,"M","?","M","?","?","E"],"character_chosen":"THE_SILENT","items_purchased":["Dagger Throw","Noxious Fumes","Explosive Potion"],"campfire_rested":1,"item_purchase_floors":[5,5,5],"current_hp_per_floor":[57,54,50,50,50,20,39,39,39,39,27,27,27,27,27,6,51,35,35,19,19,19,0,0],"gold":48,"neow_bonus":"BOSS_RELIC","is_daily":false,"chose_seed":false,"campfire_upgraded":3,"win_rate":0.0,"timestamp":1608597539,"path_taken":["M","M","M","?","$","E","R","M","T","R","E","R","M","M","R","BOSS","M","?","M","?","?","E"],"items_purchased_type":["Card","Card","Potion"],"build_version":"2020-12-13","purchased_purges":0,"victory":false,"max_hp_per_floor":[66,66,66,66,66,66,66,66,66,66,66,66,66,66,66,66,66,66,66,66,66,66,66,66],"card_choices":[{"not_picked":["Deadly Poison","Reflex"],"picked":"Sucker Punch","floor":1.0},{"not_picked":["Calculated Gamble","Deadly Poison"],"picked":"Predator","floor":2.0},{"not_picked":["Blur","Accuracy","PiercingWail"],"picked":"SKIP","floor":3.0},{"not_picked":["Infinite Blades","Dagger Spray"],"picked":"Footwork","floor":6.0},{"not_picked":["Skewer","Flying Knee"],"picked":"Prepared","floor":8.0},{"not_picked":["Prepared","Heel Hook"],"picked":"After Image","floor":11.0},{"not_picked":["Acrobatics","Slice"],"picked":"Catalyst","floor":13.0},{"not_picked":["Dagger Spray","Choke"],"picked":"Flying Knee","floor":14.0},{"not_picked":["Doppelganger","Envenom"],"picked":"After Image","floor":16.0},{"not_picked":["Bane","Poisoned Stab"],"picked":"Backflip","floor":18.0},{"not_picked":["Quick Slash","Deflect"],"picked":"Leg Sweep","floor":20.0}],"player_experience":1916972,"relics_obtained":[{"floor":4.0,"key":"Whetstone"},{"floor":6.0,"key":"Smiling Mask"},{"floor":9.0,"key":"Tiny Chest"},{"floor":11.0,"key":"Ice Cream"}],"event_choices":[{"damage_healed":0.0,"max_hp_gain":0.0,"max_hp_loss":0.0,"gold_gain":0.0,"event_name":"Cursed Tome","player_choice":"Ignored","floor":19.0,"gold_loss":0.0,"damage_taken":0.0},{"damage_healed":0.0,"max_hp_gain":0.0,"max_hp_loss":0.0,"gold_gain":0.0,"event_name":"Addict","player_choice":"Obtained Relic","floor":21.0,"gold_loss":85.0,"damage_taken":0.0,"relics_obtained":["StrikeDummy"]},{"cards_removed":["Strike_G"],"damage_healed":0.0,"max_hp_gain":0.0,"max_hp_loss":0.0,"gold_gain":0.0,"event_name":"Designer","player_choice":"Upgrade and Remove","floor":22.0,"gold_loss":110.0,"damage_taken":0.0,"cards_upgraded":["Prepared"]}],"is_beta":false,"boss_relics":[{"not_picked":["Calling Bell","Pandora\u0027s Box"],"picked":"Cursed Key"}],"items_purged_floors":[],"is_endless":false,"potions_floor_spawned":[2,8,11,14],"killed_by":"Slavers","ascension_level":20}}