{"host":"fm9e0lfunjlbhzxv","time":1608618387,"event":{"mods":["2.2 Compatiblity","Astrologer","BaseMod","Colored Map","Colored Powertips","Downfall","Energized Spire","Gremlin Mod","Key Reminder","Minty Spire (QoL Compilation)","Permanent Neow","Rare Cards Sparkle","Relic Stats","StSLib","The Administrix","The Disciple","The Mystic","The Vixen","slay the spire mod where everything is the same but ironclad has a cowboy hat"],"gold_per_floor":[99,114,114,114,24,24,24,44,55,65,65,85,108,108,119,119,119],"floor_reached":16,"playtime":757,"items_purged":["sneckomod:Defend"],"score":117,"play_id":"f6812d4e-ce64-446a-ab9c-81aaab5e38e6","local_time":"20201221222627","is_ascension_mode":false,"campfire_choices":[{"data":"sneckomod:TailWhip","floor":1,"key":"SMITH"},{"data":"sneckomod:MasterEye","floor":6,"key":"SMITH"},{"data":"sneckomod:TrashToTreasure","floor":11,"key":"SMITH"}],"circlet_count":0,"master_deck":["sneckomod:Strike","sneckomod:Strike","sneckomod:Defend","sneckomod:Defend","sneckomod:TailWhip+1","sneckomod:SnekBite","sneckomod:Unknown","sneckomod:Unknown","sneckomod:MasterEye+1","sneckomod:MasterEye","sneckomod:TrashToTreasure+1","sneckomod:Unknown0Cost","Allegro","sneckomod:UnknownUncommonPower","sneckomod:WideSting"],"relics":["sneckomod:SneckoSoul","Singing Bowl","Omamori","keyreminder:keyreminder"],"acts_visited":["Exordium"],"potions_floor_usage":[15,16],"damage_taken":[{"damage":6,"enemies":"2 Louse","floor":2,"turns":3},{"damage":0,"enemies":"downfall:FleeingMerchant","floor":5,"turns":5},{"damage":8,"enemies":"Small Slimes","floor":8,"turns":4},{"damage":6,"enemies":"Jaw Worm","floor":9,"turns":2},{"damage":13,"enemies":"Lots of Slimes","floor":10,"turns":3},{"damage":5,"enemies":"Exordium Thugs","floor":12,"turns":3},{"damage":16,"enemies":"Exordium Wildlife","floor":15,"turns":5},{"damage":33,"enemies":"downfall:Silent","floor":16,"turns":2}],"seed_played":"823521649775926898","potions_obtained":[{"floor":9,"key":"Explosive Potion"},{"floor":10,"key":"sneckomod:MuddlingPotion"},{"floor":12,"key":"Fire Potion"},{"floor":15,"key":"Fire Potion"}],"is_trial":false,"path_per_floor":["R","M","?","?","$","R","T","M","M","M","R","M","T","T","M","B"],"character_chosen":"THE_SNECKO","items_purchased":[],"campfire_rested":0,"item_purchase_floors":[],"current_hp_per_floor":[81,75,75,75,75,75,75,67,62,51,51,47,47,47,31,0,0],"gold":119,"neow_bonus":"TWENTY_PERCENT_HP_BONUS","is_daily":false,"chose_seed":false,"campfire_upgraded":3,"win_rate":0.0,"timestamp":1608618387,"path_taken":["R","M","?","?","?","R","T","?","M","M","R","M","?","?","M","BOSS"],"items_purchased_type":[],"build_version":"2020-12-13","purchased_purges":1,"victory":false,"max_hp_per_floor":[108,108,108,108,108,108,108,108,109,111,111,112,112,112,112,112,112],"relic_stats":{"Singing Bowl":2,"counters":[8,27],"obtain_stats":[{"keyreminder:keyreminder":14,"Singing Bowl":7,"Omamori":13,"sneckomod:SneckoSoul":0},{"keyreminder:keyreminder":6,"Singing Bowl":2,"Omamori":6,"sneckomod:SneckoSoul":0},{"keyreminder:keyreminder":20,"Singing Bowl":8,"Omamori":20,"sneckomod:SneckoSoul":0}]},"card_choices":[{"not_picked":["sneckomod:DiceBlock","sneckomod:DiceCrush"],"picked":"sneckomod:MasterEye","floor":2},{"not_picked":["sneckomod:DiceCrush","sneckomod:QuickMove"],"picked":"sneckomod:MasterEye","floor":5},{"not_picked":["sneckomod:Unknown1Cost","sneckomod:SnakeSap"],"picked":"sneckomod:TrashToTreasure","floor":8},{"not_picked":["sneckomod:SoulRoll","sneckomod:SnakeSap"],"picked":"sneckomod:Unknown0Cost","floor":9},{"not_picked":["sneckomod:SoulRoll","sneckomod:RainOfDice","sneckomod:UnknownClassGREEN"],"picked":"Singing Bowl","floor":10},{"not_picked":["sneckomod:UnknownUncommonAttack","sneckomod:UnknownClassTHE_CHAMP_GRAY"],"picked":"sneckomod:UnknownUncommonPower","floor":12},{"not_picked":["sneckomod:UnknownClassASTROLOGER","sneckomod:UnknownClassPURPLE"],"picked":"sneckomod:WideSting","floor":15}],"player_experience":579929,"relics_obtained":[{"floor":7,"key":"Singing Bowl"},{"floor":13,"key":"Omamori"}],"event_choices":[],"is_beta":false,"boss_relics":[],"items_purged_floors":[5],"is_endless":false,"potions_floor_spawned":[9,10,12,15],"killed_by":"downfall:Silent","ascension_level":0}}