{"host":"njruw0b0uprlitpx","time":1608598822,"event":{"mods":["2.2 Compatiblity","Astrologer","Bartender","BaseMod","Better Altar","Better Match","Better Note","Better Sensory Stone","Better Skull","Better Third Choice","BetterRewards","Block Reminder","Colored Map","Colored Powertips","Jedi Mod","Keyboard Shortcuts","Magitek Elite","Minty Spire (QoL Compilation)","Quick Restart","Relic Stats","Replay The Spire","SacredBarkPlus","Spicy Shops","StSLib","SuperFastMode","The Bug Knight","The Mystic"],"gold_per_floor":[116,191,241,256,185,185,185,185,185,185,185,185,185,41,41,144,144,163,163,263,276,291,324,324,234,234,249,22,22,35,54,54,152,152,170,170,20,20,33,33,60,75,75,89,89,72,102,122,122,122],"floor_reached":51,"playtime":3568,"items_purged":["Defend_L","Shame","jedi:frostbite","Spreading Infection","Sickly","Writhe"],"score":1355,"play_id":"dc71a284-f637-4680-b029-93c6f2aaed30","local_time":"20201221190022","is_ascension_mode":true,"campfire_choices":[{"data":"Faith","floor":6.0,"key":"SMITH"},{"floor":8.0,"key":"REST"},{"data":"Bravery","floor":12.0,"key":"SMITH"},{"floor":15.0,"key":"REST"},{"floor":24.0,"key":"REST"},{"floor":29.0,"key":"REST"},{"floor":32.0,"key":"REST"},{"floor":40.0,"key":"REST"},{"floor":45.0,"key":"REST"},{"floor":49,"key":"REST"}],"circlet_count":0,"master_deck":["Strike_L+1","Defend_L","Defend_L","Fire2","Cure","Falchion","Valor","Lightbringer","Flametongue","Faith+1","Forgetful","Dark","Dark","Blood_Hilt+1","Bravery+1","Water","Enhancer","Fake_Moustache+1","AbeCurse","Looming Evil","Aero","Float2_Spell","Aero","Magnus_Hat","Mirage_Vest+1","Transpose2","Flametongue","Ultima+1","Clumsy","Delirium","Thunder_Blade+1","Thunder_Blade+1","Stop+1","Parasite","Minerva_Bustier+1","Gaia_Gear+1"],"relics":["Pendant","TungstenRod","Happy Flower","ReplayTheSpireMod:CursedCoin","Pocketwatch","Ring of Searing","Golden Egg","Replay:Wax Seal","jedi:ominousloannote","Vajra","White_Cape","Sundial","Odd Mushroom","Oddly Smooth Stone","Membership Card","Abe\u0027s Treasure","jedi:cryingmask","Chameleon Ring","Kintsugi","Singing Bowl","HollowMod:LifeEnderRelic","Bag of Preparation","jedi:matchstick"],"acts_visited":["Exordium","TheCity","TheBeyond"],"potions_floor_usage":[50,50,50],"damage_taken":[{"damage":4.0,"enemies":"Small Slimes","floor":1.0,"turns":4.0},{"damage":4.0,"enemies":"2 Louse","floor":4.0,"turns":2.0},{"damage":11.0,"enemies":"HollowMod:MossKnight","floor":7.0,"turns":4.0},{"damage":6.0,"enemies":"Cultist","floor":10.0,"turns":2.0},{"damage":6.0,"enemies":"The Mushroom Lair","floor":11.0,"turns":2.0},{"damage":8.0,"enemies":"3 Sentries","floor":13.0,"turns":2.0},{"damage":17.0,"enemies":"Hexaghost","floor":16.0,"turns":4.0},{"damage":8.0,"enemies":"Chosen","floor":18.0,"turns":3.0},{"damage":19.0,"enemies":"2 Thieves","floor":21.0,"turns":3.0},{"damage":5.0,"enemies":"3 Cultists","floor":22.0,"turns":3.0},{"damage":23.0,"enemies":"Gremlin Leader","floor":23.0,"turns":5.0},{"damage":16.0,"enemies":"Shelled Parasite and Fungi","floor":27.0,"turns":4.0},{"damage":3.0,"enemies":"Snecko","floor":30.0,"turns":4.0},{"damage":6.0,"enemies":"Snake Plant","floor":31.0,"turns":3.0},{"damage":21.0,"enemies":"Automaton","floor":33.0,"turns":5.0},{"damage":45.0,"enemies":"3 Darklings","floor":35.0,"turns":3.0},{"damage":9.0,"enemies":"Orb Walker","floor":39.0,"turns":2.0},{"damage":21.0,"enemies":"R_Hoarder","floor":41.0,"turns":5.0},{"damage":18.0,"enemies":"Maw","floor":42.0,"turns":5.0},{"damage":26.0,"enemies":"Writhing Mass","floor":44.0,"turns":4.0},{"damage":3,"enemies":"HollowMod:StalkingDevout","floor":47,"turns":6},{"damage":4,"enemies":"Transient","floor":48,"turns":5},{"damage":25,"enemies":"Time Eater","floor":50,"turns":4}],"seed_played":"-2625712519208159260","potions_obtained":[{"floor":1.0,"key":"Block Potion"},{"floor":7.0,"key":"SpeedPotion"},{"floor":13.0,"key":"Energy Potion"},{"floor":18.0,"key":"SteroidPotion"},{"floor":23.0,"key":"jedi:StrikingPotion"},{"floor":30.0,"key":"SteroidPotion"},{"floor":31.0,"key":"FairyPotion"},{"floor":39.0,"key":"Energy Potion"},{"floor":41.0,"key":"DuplicationPotion"}],"is_trial":false,"path_per_floor":["M","?","?","M","$","R","E","R","T","M","?","R","E","$","R","B",null,"M","?","?","M","M","E","R","?","T","M","$","R","M","M","R","B",null,"M","?","$","?","M","R","E","M","T","M","R","$","E","M","R","B",null],"character_chosen":"MAGITEKELITE","items_purchased":["Falchion","Happy Flower","Valor","Lightbringer","ReplayTheSpireMod:CursedCoin","jedi:ominousloannote","Dark","Vajra","Adrenaline Potion","Blood_Hilt","Membership Card","Elixir","Block Potion","FearPotion","Mirage_Vest","Singing Bowl","Cursed Concoction","Elixir"],"campfire_rested":8,"item_purchase_floors":[0,0,0,0,0,5,5,5,5,5,14,14,28,28,28,37,37,46],"current_hp_per_floor":[59,49,49,51,51,51,44,62,62,56,50,50,42,42,60,53,61,53,53,53,34,37,20,38,38,38,28,28,46,43,37,55,46,59,14,30,30,30,21,39,20,14,14,27,46,46,47,49,67,48],"gold":122,"neow_bonus":"","is_daily":false,"chose_seed":false,"campfire_upgraded":2,"win_rate":0.0,"timestamp":1608598822,"path_taken":["M","?","?","M","$","R","E","R","T","M","?","R","E","$","R","BOSS","M","?","?","?","M","E","R","?","T","M","$","R","M","?","R","BOSS","M","?","$","?","M","R","E","M","T","M","R","$","E","M","R","BOSS"],"items_purchased_type":["Card","Relic","Card","Card","Relic","Relic","Card","Relic","Potion","Card","Relic","Potion","Potion","Potion","Card","Relic","Potion","Potion"],"build_version":"2020-12-13","purchased_purges":6,"victory":true,"max_hp_per_floor":[63,63,63,63,63,63,63,63,63,63,63,63,63,63,63,63,63,63,63,63,63,63,63,63,63,63,63,63,63,63,63,63,63,63,63,63,63,63,63,63,63,65,65,65,65,65,67,67,67,67],"relic_stats":{"Happy Flower":[28],"Singing Bowl":4,"counters":[112,506],"Sundial":[2],"Bag of Preparation":[46],"obtain_stats":[{"Golden Egg":3,"Calipers":41,"Gremlin Horn":11,"sagemod:Falmels_Amulet":17,"CeramicFish":25,"Vajra":0,"Ginger":11,"jedi:shrinkray":0,"Ring of Searing":3,"Sozu":17,"FaceOfCleric":30,"Sundial":26,"DollysMirror":42,"Strawberry":39,"Philosopher\u0027s Stone":17,"MealTicket":24,"Replay:Bottled Flurry":43,"Replay:Wax Seal":3,"Happy Flower":0,"aspiration:Nostalgia":27,"ReplayTheSpireMod:CursedCoin":0,"Replay:Grab Bag":17,"Blue Candle":40,"Oddly Smooth Stone":0,"Eternal Feather":8,"Pen Nib":14,"Letter Opener":9,"sagemod:Flying_Carpet":27,"Akabeko":29,"Bottled Flame":48,"Replay:Baseball":43,"ReplayTheSpireMod:Shallot":29,"energizedSpire:NeverEndingSparkler":34,"Snecko Eye":17,"Kintsugi":34,"Mirror":7,"ReplayTheSpireMod:DimensionalGlitch":17,"Abe\u0027s Treasure":17,"Pocketwatch":0,"Regal Pillow":9,"Replay:PocketPolymizer":11,"Singing Bowl":37,"StoneCalendar":27,"Incense Burner":0,"Bag of Preparation":0,"jedi:command_boss":20,"Mythril_Glove":44,"Replay:Mystery Machine":9,"jedi:Pinwheel":3,"Smiling Mask":24,"White_Cape":7,"Dream Catcher":43,"Replay:Bandana":0,"Chameleon Ring":26,"aspiration:AnachronicSnailShell":0,"jedi:cryingmask":23,"jedi:matchstick":47,"Chemical X":0,"Runic Pyramid":17,"BargainBundle":0,"ReplayTheSpireMod:Ninjato":0,"HollowMod:LifeEnderRelic":41,"Replay:Towering Pillar of Hats":0,"Guide Book":30,"energizedSpire:EnergizedDie":17,"jedi:purplefairy":0,"PreservedInsect":26,"Ring of Greed":3,"Frozen Egg 2":7,"Odd Mushroom":11,"White Beast Statue":6,"Peace Pipe":3,"jedi:fakemustache":38,"CaptainsWheel":36,"Anchor":30,"Pendant":0,"jedi:ominousloannote":0,"ChewingGum":34,"Garlic":26,"Art of War":9,"Snack Pack":38,"Gem_Box":34,"Membership Card":14,"ReplayTheSpireMod:Lightbulb":46,"jedi:arcanewood":0,"FossilizedHelix":0,"Toy Ornithopter":11,"TungstenRod":0},{"Golden Egg":90,"Calipers":85,"Gremlin Horn":46,"sagemod:Falmels_Amulet":7,"CeramicFish":12,"Vajra":23,"Ginger":68,"jedi:shrinkray":23,"Ring of Searing":90,"Sozu":30,"FaceOfCleric":79,"Sundial":52,"DollysMirror":61,"Strawberry":59,"Philosopher\u0027s Stone":49,"MealTicket":52,"Replay:Bottled Flurry":20,"Replay:Wax Seal":90,"Happy Flower":89,"aspiration:Nostalgia":35,"ReplayTheSpireMod:CursedCoin":89,"Replay:Grab Bag":30,"Blue Candle":60,"Oddly Smooth Stone":65,"Eternal Feather":27,"Pen Nib":29,"Letter Opener":27,"sagemod:Flying_Carpet":35,"Akabeko":14,"Bottled Flame":64,"Replay:Baseball":85,"ReplayTheSpireMod:Shallot":54,"energizedSpire:NeverEndingSparkler":38,"Snecko Eye":30,"Kintsugi":104,"Mirror":68,"ReplayTheSpireMod:DimensionalGlitch":73,"Abe\u0027s Treasure":96,"Pocketwatch":89,"Regal Pillow":2,"Replay:PocketPolymizer":4,"Singing Bowl":105,"StoneCalendar":53,"Incense Burner":0,"Bag of Preparation":23,"jedi:command_boss":75,"Mythril_Glove":85,"Replay:Mystery Machine":45,"jedi:Pinwheel":67,"Smiling Mask":34,"White_Cape":92,"Dream Catcher":61,"Replay:Bandana":65,"Chameleon Ring":100,"aspiration:AnachronicSnailShell":41,"jedi:cryingmask":100,"jedi:matchstick":110,"Chemical X":65,"Runic Pyramid":30,"BargainBundle":41,"ReplayTheSpireMod:Ninjato":65,"HollowMod:LifeEnderRelic":107,"Replay:Towering Pillar of Hats":23,"Guide Book":14,"energizedSpire:EnergizedDie":30,"jedi:purplefairy":41,"PreservedInsect":34,"Ring of Greed":90,"Frozen Egg 2":26,"Odd Mushroom":94,"White Beast Statue":2,"Peace Pipe":1,"jedi:fakemustache":83,"CaptainsWheel":18,"Anchor":37,"Pendant":0,"jedi:ominousloannote":23,"ChewingGum":56,"Garlic":12,"Art of War":68,"Snack Pack":83,"Gem_Box":16,"Membership Card":95,"ReplayTheSpireMod:Lightbulb":21,"jedi:arcanewood":41,"FossilizedHelix":23,"Toy Ornithopter":28,"TungstenRod":89},{"Golden Egg":426,"Calipers":401,"Gremlin Horn":208,"sagemod:Falmels_Amulet":26,"CeramicFish":48,"Vajra":110,"Ginger":318,"jedi:shrinkray":110,"Ring of Searing":426,"Sozu":149,"FaceOfCleric":371,"Sundial":235,"DollysMirror":283,"Strawberry":271,"Philosopher\u0027s Stone":225,"MealTicket":235,"Replay:Bottled Flurry":93,"Replay:Wax Seal":426,"Happy Flower":422,"aspiration:Nostalgia":163,"ReplayTheSpireMod:CursedCoin":422,"Replay:Grab Bag":149,"Blue Candle":278,"Oddly Smooth Stone":306,"Eternal Feather":129,"Pen Nib":141,"Letter Opener":129,"sagemod:Flying_Carpet":163,"Akabeko":57,"Bottled Flame":299,"Replay:Baseball":401,"ReplayTheSpireMod:Shallot":245,"energizedSpire:NeverEndingSparkler":176,"Snecko Eye":149,"Kintsugi":472,"Mirror":318,"ReplayTheSpireMod:DimensionalGlitch":345,"Abe\u0027s Treasure":442,"Pocketwatch":422,"Regal Pillow":9,"Replay:PocketPolymizer":17,"Singing Bowl":475,"StoneCalendar":240,"Incense Burner":0,"Bag of Preparation":110,"jedi:command_boss":355,"Mythril_Glove":401,"Replay:Mystery Machine":198,"jedi:Pinwheel":314,"Smiling Mask":161,"White_Cape":432,"Dream Catcher":283,"Replay:Bandana":306,"Chameleon Ring":456,"aspiration:AnachronicSnailShell":185,"jedi:cryingmask":456,"jedi:matchstick":497,"Chemical X":306,"Runic Pyramid":149,"BargainBundle":185,"ReplayTheSpireMod:Ninjato":306,"HollowMod:LifeEnderRelic":482,"Replay:Towering Pillar of Hats":110,"Guide Book":57,"energizedSpire:EnergizedDie":149,"jedi:purplefairy":185,"PreservedInsect":161,"Ring of Greed":426,"Frozen Egg 2":122,"Odd Mushroom":436,"White Beast Statue":9,"Peace Pipe":2,"jedi:fakemustache":393,"CaptainsWheel":79,"Anchor":169,"Pendant":0,"jedi:ominousloannote":110,"ChewingGum":259,"Garlic":48,"Art of War":318,"Snack Pack":393,"Gem_Box":69,"Membership Card":438,"ReplayTheSpireMod:Lightbulb":98,"jedi:arcanewood":185,"FossilizedHelix":110,"Toy Ornithopter":133,"TungstenRod":422}],"TungstenRod":69,"Pocketwatch":[87]},"card_choices":[{"not_picked":["Transpose2","Astra"],"picked":"Flametongue","floor":1.0},{"not_picked":["Vox","Heavy_Shield"],"picked":"Faith","floor":4.0},{"not_picked":["Dark","Mythril_Knife","Mama"],"picked":"SKIP","floor":7.0},{"not_picked":["Poisona","Heavy_Shield"],"picked":"Bravery","floor":10.0},{"not_picked":["Heavy_Shield","Meltdown"],"picked":"Water","floor":11.0},{"not_picked":["Poisona","Flare"],"picked":"Enhancer","floor":13.0},{"not_picked":["Lightbringer","Mystery_Veil"],"picked":"Fake_Moustache","floor":16.0},{"not_picked":["Quake","Balance+1","Circlet"],"picked":"SKIP","floor":18.0},{"not_picked":["Focus","Crystal_Sword"],"picked":"Aero","floor":21.0},{"not_picked":["Enhancer+1","Poisona"],"picked":"Float2_Spell","floor":22.0},{"not_picked":["Magnus_Hat","Thornlet+1"],"picked":"Aero","floor":23.0},{"not_picked":["Transpose_P+1","Cursed_Shield+1"],"picked":"Magnus_Hat","floor":27.0},{"not_picked":["Vox","Magnus_Hat+1"],"picked":"Transpose2","floor":30.0},{"not_picked":["Falchion","Magnus_Hat"],"picked":"Flametongue","floor":31.0},{"not_picked":["Valor","Mystery_Veil"],"picked":"Ultima","floor":33.0},{"not_picked":["Water","Falchion+1"],"picked":"Thunder_Blade+1","floor":35.0},{"not_picked":["Barrier","Dark"],"picked":"Thunder_Blade+1","floor":39.0},{"not_picked":["Barrier","Rasp+1"],"picked":"Stop","floor":41.0},{"not_picked":["Magnus_Hat","Esuna","Rasp"],"picked":"Singing Bowl","floor":42.0},{"not_picked":["Thunder_Blade+1","Float2_Spell+1"],"picked":"Minerva_Bustier+1","floor":44.0},{"not_picked":["Heavy_Shield+1","Focus","Vox+1"],"picked":"Singing Bowl","floor":47},{"not_picked":["Barrier","Heavy_Shield+1"],"picked":"Gaia_Gear+1","floor":48}],"player_experience":1421511,"relics_obtained":[{"floor":3.0,"key":"Ring of Searing"},{"floor":3.0,"key":"Ring of Greed"},{"floor":3.0,"key":"Golden Egg"},{"floor":3.0,"key":"Replay:Wax Seal"},{"floor":7.0,"key":"White_Cape"},{"floor":9.0,"key":"Sundial"},{"floor":11.0,"key":"Odd Mushroom"},{"floor":13.0,"key":"Oddly Smooth Stone"},{"floor":23.0,"key":"jedi:cryingmask"},{"floor":26.0,"key":"Chameleon Ring"},{"floor":41.0,"key":"HollowMod:LifeEnderRelic"},{"floor":43.0,"key":"Bag of Preparation"},{"floor":47,"key":"jedi:matchstick"}],"event_choices":[{"damage_healed":0.0,"max_hp_gain":0.0,"max_hp_loss":0.0,"gold_gain":75.0,"event_name":"betterThird:BetterGoop","player_choice":"Gold","floor":2.0,"gold_loss":0.0,"damage_taken":11.0},{"damage_healed":0.0,"max_hp_gain":0.0,"max_hp_loss":0.0,"gold_gain":0.0,"event_name":"Mushrooms","player_choice":"Fought Mushrooms","floor":11.0,"gold_loss":0.0,"damage_taken":0.0},{"cards_removed":["Faith"],"damage_healed":0.0,"max_hp_gain":0.0,"max_hp_loss":0.0,"gold_gain":0.0,"event_name":"betterNote:BetterNote","player_choice":"Give","floor":19.0,"gold_loss":0.0,"damage_taken":0.0,"cards_obtained":["None"]},{"damage_healed":0.0,"max_hp_gain":0.0,"max_hp_loss":0.0,"gold_gain":100.0,"event_name":"Golden Shrine","player_choice":"Pray","floor":20.0,"gold_loss":0.0,"damage_taken":0.0},{"cards_removed":["Amnesia"],"damage_healed":0.0,"max_hp_gain":0.0,"max_hp_loss":0.0,"gold_gain":0.0,"event_name":"Designer","player_choice":"Upgrade and Remove","floor":25.0,"gold_loss":90.0,"damage_taken":0.0,"cards_upgraded":["Strike_L"]},{"damage_healed":16.0,"max_hp_gain":0.0,"max_hp_loss":0.0,"gold_gain":0.0,"event_name":"Winding Halls","player_choice":"Writhe","floor":36.0,"gold_loss":0.0,"damage_taken":0.0,"cards_obtained":["Writhe"]},{"damage_healed":0.0,"max_hp_gain":0.0,"max_hp_loss":0.0,"gold_gain":0.0,"event_name":"Mysterious Sphere","player_choice":"Ignored","floor":38.0,"gold_loss":0.0,"damage_taken":0.0}],"is_beta":false,"boss_relics":[{"not_picked":["Snecko Heart","Tiny House"],"picked":"Abe\u0027s Treasure"},{"not_picked":["Velvet Choker","Coffee Dripper"],"picked":"Kintsugi"}],"items_purged_floors":[0,0,5,14,28,37],"is_endless":false,"potions_floor_spawned":[1,7,13,18,23,30,31,39,41,42,47],"ascension_level":6}}