{"host":"ds3v42j7tpaaz1mg","time":1608623654,"event":{"mods":["AchievementEnabler","Aspiration","BaseMod","Beaked The Cultist","Bestiary","Better Altar","Better Note","Better Sensory Stone","BetterRewards","Block Reminder","Colored Powertips","Conspire","Downfall","Energized Spire","Halation","Hermit","Highlight Path","Hubris","Infinite Spire","Jorbs\u0027s Wanderer Trilogy","Minty Spire (QoL Compilation)","Relic Stats","Replay The Spire","StSLib","The Death Knight","The Elementalist","The Servant 0.9.4","vexMod"],"gold_per_floor":[118,129,129,60,160,191,191,207,207,207,234,234,6,6,6],"floor_reached":14,"playtime":521,"items_purged":["expansioncontent:DarkVoid"],"score":134,"play_id":"e15f650c-781f-42e3-9f9d-14c43f1485d4","local_time":"20201222025414","is_ascension_mode":true,"campfire_choices":[{"floor":10,"key":"REST"}],"circlet_count":0,"master_deck":["Strike_B","Strike_B","Strike_B","Strike_B","Defend_B","Defend_B","Defend_B","Defend_B","Zap","Dualcast","Defragment+1","Cold Snap","Hologram","Heatsinks","Self Repair","Buffer","Machine Learning","Creative AI"],"relics":["Cracked Core","vexMod:Spyglass","Blood Vial","Pet Ghost","hubris:Metronome","halation:WeightlessCrab","Juzu Bracelet"],"acts_visited":["Exordium"],"potions_floor_usage":[1,6,6],"damage_taken":[{"damage":8,"enemies":"Small Slimes","floor":1,"turns":3},{"damage":0,"enemies":"Cultist","floor":2,"turns":4},{"damage":7,"enemies":"3 Sentries","floor":6,"turns":9},{"damage":9,"enemies":"2 Louse","floor":8,"turns":3},{"damage":32,"enemies":"Lagavulin","floor":11,"turns":9},{"damage":36,"enemies":"3 Sentries","floor":14,"turns":6}],"seed_played":"1334365616305624097","potions_obtained":[{"floor":2,"key":"EssenceOfSteel"},{"floor":6,"key":"FearPotion"}],"is_trial":false,"path_per_floor":["M","M","?","$","?","E","?","M","T","R","E","?","$","E"],"character_chosen":"DEFECT","items_purchased":["Defragment","Cold Snap","vexMod:Spyglass","FocusPotion","AttackPotion","Replay:Rubber Ducky","Self Repair","Juzu Bracelet"],"campfire_rested":1,"item_purchase_floors":[0,0,0,0,0,0,4,13],"current_hp_per_floor":[31,31,31,31,31,31,31,31,31,53,30,30,30,0,0],"gold":6,"neow_bonus":"","is_daily":false,"chose_seed":false,"campfire_upgraded":0,"win_rate":0.0,"timestamp":1608623654,"path_taken":["M","?","?","?","?","E","?","M","T","R","E","?","?","E"],"items_purchased_type":["Card","Card","Relic","Potion","Potion","Relic","Card","Relic"],"build_version":"2020-12-13","purchased_purges":1,"victory":false,"max_hp_per_floor":[75,75,75,75,75,75,75,75,75,75,75,75,75,75,75],"relic_stats":{"Blood Vial":6,"counters":[27,131],"Juzu Bracelet":0,"obtain_stats":[{"hubris:Metronome":9,"NeowsBlessing":0,"Gremlin Horn":11,"Oddly Smooth Stone":6,"halation:WeightlessCrab":11,"Juzu Bracelet":13,"infinitespire:CheckeredPen":19,"Frozen Egg 2":5,"halation:SelfBoilingWater":14,"MawBank":27,"aspiration:BursterCore":34,"vexMod:Spyglass":0,"Pet Ghost":7,"Replay:Rubber Ducky":0,"Blood Vial":6,"hubris:PeanutButter":9,"Iron Hammer":23,"Kintsugi":17,"Cracked Core":0,"hubris:Reverence":26},{"hubris:Metronome":25,"NeowsBlessing":0,"Gremlin Horn":5,"Oddly Smooth Stone":3,"halation:WeightlessCrab":26,"Juzu Bracelet":26,"infinitespire:CheckeredPen":9,"Frozen Egg 2":2,"halation:SelfBoilingWater":7,"MawBank":12,"aspiration:BursterCore":15,"vexMod:Spyglass":21,"Pet Ghost":24,"Replay:Rubber Ducky":21,"Blood Vial":24,"hubris:PeanutButter":4,"Iron Hammer":11,"Kintsugi":8,"Cracked Core":0,"hubris:Reverence":11},{"hubris:Metronome":116,"NeowsBlessing":0,"Gremlin Horn":7,"Oddly Smooth Stone":3,"halation:WeightlessCrab":125,"Juzu Bracelet":125,"infinitespire:CheckeredPen":28,"Frozen Egg 2":2,"halation:SelfBoilingWater":16,"MawBank":42,"aspiration:BursterCore":61,"vexMod:Spyglass":97,"Pet Ghost":113,"Replay:Rubber Ducky":97,"Blood Vial":113,"hubris:PeanutButter":5,"Iron Hammer":38,"Kintsugi":22,"Cracked Core":0,"hubris:Reverence":38}]},"card_choices":[{"not_picked":["Sweeping Beam","Rebound","Redo"],"picked":"SKIP","floor":1},{"not_picked":["Rainbow","conspire:SharedLibrary"],"picked":"Heatsinks","floor":2},{"not_picked":["Gash","Streamline"],"picked":"Buffer","floor":6},{"not_picked":["Crystallizer","Auto Shields","Streamline"],"picked":"SKIP","floor":8},{"not_picked":["Tempest","Go for the Eyes"],"picked":"Machine Learning","floor":11}],"player_experience":565975,"relics_obtained":[{"floor":6,"key":"Blood Vial"},{"floor":9,"key":"hubris:Metronome"},{"floor":11,"key":"halation:WeightlessCrab"}],"event_choices":[{"damage_healed":0,"gold_gain":0,"player_choice":"Grow","damage_taken":0,"max_hp_gain":0,"max_hp_loss":0,"event_name":"Living Wall","floor":3,"gold_loss":0,"cards_upgraded":["Defragment"]},{"damage_healed":0,"gold_gain":100,"player_choice":"Pray","damage_taken":0,"max_hp_gain":0,"max_hp_loss":0,"event_name":"Golden Shrine","floor":5,"gold_loss":0},{"damage_healed":0,"gold_gain":0,"player_choice":"Gave Potion","damage_taken":0,"relics_obtained":["Pet Ghost"],"max_hp_gain":0,"max_hp_loss":0,"event_name":"WeMeetAgain","floor":7,"gold_loss":0},{"damage_healed":0,"gold_gain":0,"player_choice":"2 cards matched","damage_taken":0,"max_hp_gain":0,"max_hp_loss":0,"event_name":"Match and Keep!","floor":12,"gold_loss":0,"cards_obtained":["Creative AI","expansioncontent:DarkVoid"]}],"is_beta":false,"boss_relics":[],"items_purged_floors":[13],"is_endless":false,"potions_floor_spawned":[2,6],"killed_by":"3 Sentries","ascension_level":8}}