{"host":"bxdue9bkfm2khp2x","time":1608629778,"event":{"mods":["ATMod(阿瑾Mod)","Aspiration","BaseMod","Better Vampires","Challenge The Spire","Colored Powertips","Conspire","Decade(王小明)","Dota2Spire","Downfall","Highlight Path","Marisa（F雨　魔理沙）","Minty Spire (QoL Compilation)","MostiFishMod","Remilia（蕾米莉亚）","Replay The Spire","RumiaBox-露米娅的神秘盒子","Spicy Shops","StSLib","Td1madao Mod","The Alterego","The Cursed","The Servant 0.9.4","Waifu the Spire","WarShipGirlsR/战舰少女R mod","Youmu（魂魄妖梦）","noobMod","vexMod","【功能Mod】混沌之环修复补丁","【遗物卡牌】REMEMod","篝火指南"],"gold_per_floor":[112,124,143,143,161,161,161,161],"floor_reached":7,"playtime":443,"items_purged":[],"score":82,"play_id":"d30191a4-a014-427d-82ef-d34729530738","local_time":"20201222173618","is_ascension_mode":true,"campfire_choices":[{"data":"alterego_mod:IndependentAction","floor":6,"key":"SMITH"}],"circlet_count":0,"master_deck":["AscendersBane","alterego_mod:Strike","alterego_mod:Strike","alterego_mod:Strike","alterego_mod:Strike","alterego_mod:Defend","alterego_mod:Defend+1","alterego_mod:Defend","alterego_mod:Defend","alterego_mod:Impale+1","alterego_mod:BigMeatyClaws","alterego_mod:BrynhildrsRune","CasketOfStar+1","AT_ShrugMaster+1","alterego_mod:DiscoLights","alterego_mod:Undulate","alterego_mod:IndependentAction+1"],"relics":["alterego_mod:MasochisticConstitution","REME_ComplimentaryCards","DaveBox","ice","AT_ATBox","DSteel32","NeowsBlessing","Question Card"],"acts_visited":["Exordium"],"potions_floor_usage":[7],"damage_taken":[{"damage":0,"enemies":"Small Slimes","floor":1,"turns":1},{"damage":0,"enemies":"2 Louse","floor":2,"turns":2},{"damage":0,"enemies":"Cultist","floor":3,"turns":1},{"damage":4,"enemies":"3 Louse","floor":5,"turns":6},{"damage":30,"enemies":"Gremlin Nob","floor":7,"turns":4}],"seed_played":"4837896030757596361","potions_obtained":[{"floor":3,"key":"Toxic Potion"}],"is_trial":false,"path_per_floor":["M","M","M","?","M","R","E"],"character_chosen":"The_Alterego","items_purchased":[],"campfire_rested":0,"item_purchase_floors":[],"current_hp_per_floor":[59,65,65,65,66,66,36,36],"gold":161,"neow_bonus":"THREE_ENEMY_KILL","is_daily":false,"chose_seed":false,"campfire_upgraded":1,"win_rate":0.0,"timestamp":1608629778,"path_taken":["M","M","M","?","M","R","E"],"items_purchased_type":[],"build_version":"2020-12-13","purchased_purges":0,"victory":false,"max_hp_per_floor":[65,65,65,65,66,66,66,66],"card_choices":[{"not_picked":["alterego_mod:BeGentle","alterego_mod:RocketPunch","alterego_mod:Skirt"],"picked":"SKIP","floor":1},{"not_picked":["alterego_mod:Maid","alterego_mod:Crossover","alterego_mod:Bounce"],"picked":"alterego_mod:DiscoLights","floor":2},{"not_picked":["alterego_mod:Complex","alterego_mod:TrashNCrash","alterego_mod:PerceptionDisorder"],"picked":"alterego_mod:Undulate","floor":3},{"not_picked":["alterego_mod:Pet","alterego_mod:Mirror","alterego_mod:Cushion"],"picked":"alterego_mod:IndependentAction","floor":5}],"player_experience":1413150,"relics_obtained":[{"floor":1,"key":"Question Card"}],"event_choices":[{"damage_healed":0,"gold_gain":0,"player_choice":"Disagree","damage_taken":0,"max_hp_gain":0,"max_hp_loss":0,"event_name":"conspire:LoneGhost","floor":4,"gold_loss":0}],"is_beta":false,"boss_relics":[],"items_purged_floors":[],"is_endless":false,"potions_floor_spawned":[3],"killed_by":"Gremlin Nob","ascension_level":18}}