{"host":"4kgga43fr9t628g1","time":1608612258,"event":{"mods":["Act Like it!","BaseMod","Downfall","Minty Spire (QoL Compilation)","StSLib"],"gold_per_floor":[99,110,123,273,288,315,362,462,506,526,553,478,503,529,539,651,651,651,678,701,701,135,159,230,251,251,285,313,327,343,343,359,466,466,484,149,168,168,7,32,32,46,46,65,65,65,90,90,111,111],"floor_reached":51,"playtime":4262,"items_purged":["Slimebound:Icky","Guardian:Defend_Guardian+1","Guardian:Strike_Guardian+1"],"score":737,"play_id":"cf043695-8728-403b-977b-bd12c6325f8e","local_time":"20201221204418","is_ascension_mode":false,"campfire_choices":[{"data":"Guardian:TwinSlam","floor":1,"key":"SMITH"},{"data":"Guardian:EvasiveProtocol","floor":12,"key":"SMITH"},{"data":"Guardian:RevengeProtocol","floor":18,"key":"SMITH"},{"data":"Guardian:Planning","floor":26,"key":"SMITH"},{"data":"Guardian:ExploitGems","floor":43,"key":"SMITH"},{"data":"Guardian:DecasProtection","floor":45,"key":"SMITH"}],"circlet_count":0,"master_deck":["Guardian:Strike_Guardian+1","Guardian:Strike_Guardian+1","Guardian:Defend_Guardian+1","Guardian:Defend_Guardian+1","Guardian:Defend_Guardian+1","Guardian:CurlUp","Guardian:TwinSlam+1","Guardian:EvasiveProtocol+1","Guardian:FloatingOrbs","Guardian:Reroute","Guardian:Planning+1","Guardian:ChargeCore","Guardian:RevengeProtocol+1","Guardian:TemporalShield+1","Guardian:Harden","Guardian:EvasiveProtocol","Guardian:SentryBeam","Guardian:Harden+1","Guardian:TemporalStrike","Guardian:VentSteam","Guardian:ExploitGems+1","Guardian:DecasProtection+1","expansioncontent:DefensiveStance+1","Guardian:CrystalBeam+1","Guardian:EvasiveProtocol+1"],"relics":["Guardian:ModeShifter","Potion Belt","CeramicFish","White Beast Statue","Oddly Smooth Stone","downfall:HeartBlessingGreen","Philosopher\u0027s Stone","Lantern","HornCleat","Frozen Egg 2","Guardian:PickAxe","Black Star","Bag of Preparation","Guardian:BottledStasis","MealTicket"],"acts_visited":["Exordium","TheCity","TheBeyond"],"potions_floor_usage":[6,9,11,15,15,16,28,33,42,50,50,50],"damage_taken":[{"damage":0,"enemies":"2 Louse","floor":2,"turns":3},{"damage":3,"enemies":"Cultist","floor":3,"turns":4},{"damage":5,"enemies":"Jaw Worm","floor":5,"turns":4},{"damage":12,"enemies":"Lagavulin","floor":6,"turns":8},{"damage":24,"enemies":"downfall:LadyInBlue","floor":8,"turns":11},{"damage":12,"enemies":"Gremlin Nob","floor":9,"turns":4},{"damage":2,"enemies":"3 Louse","floor":10,"turns":4},{"damage":4,"enemies":"Exordium Thugs","floor":11,"turns":4},{"damage":0,"enemies":"Blue Slaver","floor":13,"turns":4},{"damage":8,"enemies":"Large Slime","floor":14,"turns":7},{"damage":0,"enemies":"Lots of Slimes","floor":15,"turns":4},{"damage":13,"enemies":"downfall:Watcher","floor":16,"turns":10},{"damage":7,"enemies":"3 Byrds","floor":19,"turns":4},{"damage":0,"enemies":"Chosen","floor":20,"turns":5},{"damage":0,"enemies":"downfall:FleeingMerchant","floor":22,"turns":4},{"damage":4,"enemies":"Snake Plant","floor":23,"turns":4},{"damage":0,"enemies":"3 Cultists","floor":25,"turns":6},{"damage":0,"enemies":"Book of Stabbing","floor":27,"turns":5},{"damage":16,"enemies":"Cultist and Chosen","floor":28,"turns":7},{"damage":5,"enemies":"Snake Plant","floor":29,"turns":4},{"damage":0,"enemies":"Centurion and Healer","floor":30,"turns":6},{"damage":0,"enemies":"Shelled Parasite and Fungi","floor":32,"turns":5},{"damage":9,"enemies":"downfall:Defect","floor":33,"turns":9},{"damage":0,"enemies":"downfall:FleeingMerchant","floor":36,"turns":4},{"damage":8,"enemies":"Orb Walker","floor":37,"turns":4},{"damage":0,"enemies":"downfall:FleeingMerchant","floor":39,"turns":4},{"damage":6,"enemies":"3 Shapes","floor":40,"turns":5},{"damage":0,"enemies":"downfall:FleeingMerchant","floor":42,"turns":4},{"damage":3,"enemies":"Maw","floor":44,"turns":9},{"damage":0,"enemies":"4 Shapes","floor":47,"turns":6},{"damage":0,"enemies":"Sphere and 2 Shapes","floor":49,"turns":6},{"damage":68,"enemies":"downfall:Silent","floor":50,"turns":10}],"seed_played":"-7587377804380403431","potions_obtained":[{"floor":3,"key":"Guardian:DefensiveModePotion"},{"floor":5,"key":"sneckomod:MuddlingPotion"},{"floor":8,"key":"Swift Potion"},{"floor":8,"key":"FearPotion"},{"floor":8,"key":"Energy Potion"},{"floor":9,"key":"hexamod:EctoCoolerPotion"},{"floor":10,"key":"Fire Potion"},{"floor":11,"key":"Dexterity Potion"},{"floor":13,"key":"BlessingOfTheForge"},{"floor":14,"key":"Regen Potion"},{"floor":15,"key":"Dexterity Potion"},{"floor":16,"key":"LiquidMemories"},{"floor":19,"key":"Regen Potion"},{"floor":25,"key":"Strength Potion"},{"floor":28,"key":"SkillPotion"},{"floor":29,"key":"LiquidMemories"},{"floor":33,"key":"Block Potion"},{"floor":42,"key":"BlessingOfTheForge"}],"is_trial":false,"path_per_floor":["R","M","M","?","M","E","T","?","E","M","M","R","M","M","M","B",null,"R","M","M","?","$","M","T","M","R","E","M","M","M","?","M","B",null,"R","$","M","?","$","M","T","$","R","M","R","?","M","?","M","B",null],"character_chosen":"GUARDIAN","items_purchased":["Lantern","Guardian:EvasiveProtocol","Guardian:SentryBeam","HornCleat","Bag of Preparation","Guardian:DecasProtection","Guardian:BottledStasis","Guardian:Gem_Orange","expansioncontent:DefensiveStance+1"],"campfire_rested":0,"item_purchase_floors":[22,22,22,22,36,36,39,42,42],"current_hp_per_floor":[88,88,85,85,80,68,68,44,32,30,26,26,26,18,30,17,88,88,81,81,81,81,77,77,77,77,77,76,71,71,71,71,62,88,88,88,80,80,80,74,74,88,88,85,85,85,85,85,85,17],"gold":111,"neow_bonus":"TEN_PERCENT_HP_BONUS","is_daily":false,"chose_seed":false,"campfire_upgraded":6,"win_rate":0.0,"timestamp":1608612258,"path_taken":["R","M","M","?","M","E","T","?","E","M","M","R","M","?","M","BOSS","R","M","M","?","$","M","T","M","R","E","M","M","M","?","M","BOSS","R","$","M","?","$","M","T","?","R","M","R","?","M","?","M","BOSS"],"items_purchased_type":["Relic","Card","Card","Relic","Relic","Card","Relic","Card","Card"],"build_version":"2020-12-13","purchased_purges":3,"victory":true,"max_hp_per_floor":[88,88,88,88,88,88,88,88,88,88,88,88,88,88,88,88,88,88,88,88,88,88,88,88,88,88,88,88,88,88,88,88,88,88,88,88,88,88,88,88,88,88,88,88,88,88,88,88,88,88],"card_choices":[{"not_picked":["Guardian:Gem_Green","Guardian:Incinerate"],"picked":"Guardian:EvasiveProtocol","floor":2},{"not_picked":["Guardian:WalkerClaw","Guardian:TemporalShield"],"picked":"Guardian:FloatingOrbs","floor":3},{"not_picked":["Guardian:PrimingBeam","Guardian:GuardianWhirl"],"picked":"Guardian:Reroute","floor":5},{"not_picked":["Guardian:TemporalStrike","Guardian:GuardianWhirl"],"picked":"Guardian:Gem_Cyan","floor":6},{"not_picked":["Guardian:PrimingBeam","Guardian:CrystalBeam"],"picked":"Guardian:Planning","floor":9},{"not_picked":["Guardian:BaubleBeam","Guardian:TimeBomb"],"picked":"Guardian:Gem_Green","floor":10},{"not_picked":["Guardian:CrystalBeam","Guardian:Reroute"],"picked":"Guardian:Gem_Red","floor":11},{"not_picked":["Guardian:Harden","Guardian:PrismaticBeam"],"picked":"Guardian:Gem_Lightblue","floor":13},{"not_picked":["Guardian:PrismaticBeam","Guardian:FloatingOrbs"],"picked":"Guardian:ChargeCore","floor":14},{"not_picked":["Guardian:ChargeCore","Guardian:Reroute","Guardian:BronzeArmor"],"picked":"SKIP","floor":15},{"not_picked":["Guardian:FastForward","Guardian:HyperBeam_Guardian"],"picked":"Guardian:RevengeProtocol","floor":16},{"not_picked":["Guardian:Recover","Guardian:Emergency"],"picked":"Guardian:Gem_Purple","floor":19},{"not_picked":["Guardian:Incinerate","Guardian:Planning+1"],"picked":"Guardian:TemporalShield+1","floor":20},{"not_picked":["Guardian:TemporalStrike","Guardian:TemporalShield"],"picked":"Guardian:Harden","floor":22},{"not_picked":["Guardian:Preprogram+1","Guardian:Gem_Cyan"],"picked":"Guardian:Harden+1","floor":23},{"not_picked":["Guardian:Preprogram","Guardian:MultiBeam+1"],"picked":"Guardian:ChargeCore","floor":25},{"not_picked":["Guardian:TimeCapacitor+1","Guardian:Repulse+1"],"picked":"Guardian:TemporalStrike","floor":27},{"not_picked":["Guardian:TimeCapacitor+1","Guardian:Gem_Red"],"picked":"Guardian:VentSteam","floor":28},{"not_picked":["Guardian:Suspension","Guardian:SphericShield","Guardian:TemporalStrike"],"picked":"SKIP","floor":29},{"not_picked":["Guardian:ShieldSpikes+1","Guardian:Incinerate","Guardian:SentryBeam"],"picked":"SKIP","floor":30},{"not_picked":["Guardian:Reroute+1","Guardian:RefractedBeam+1","Guardian:TemporalShield"],"picked":"SKIP","floor":32},{"not_picked":["Guardian:BaubleBeam","Guardian:StasisField"],"picked":"Guardian:ExploitGems","floor":33},{"not_picked":["Guardian:Planning+1","Guardian:ShieldCharger","Guardian:TemporalStrike+1"],"picked":"SKIP","floor":36},{"not_picked":["Guardian:RollAttack+1","Guardian:Recover+1","Guardian:MultiBeam+1"],"picked":"SKIP","floor":37},{"not_picked":["Guardian:EvasiveProtocol+1","Guardian:Emergency"],"picked":"Guardian:Gem_White","floor":39},{"not_picked":["Guardian:BronzeArmor+1","Guardian:PolyBeam"],"picked":"Guardian:Gem_White","floor":40},{"not_picked":["Guardian:RevengeProtocol+1","Guardian:Gem_Lightblue"],"picked":"Guardian:Gem_White","floor":42},{"not_picked":["Guardian:TemporalStrike","Guardian:WalkerClaw+1","Guardian:Gem_White"],"picked":"SKIP","floor":44},{"not_picked":["Guardian:PrismaticBarrier","Guardian:Gem_Green"],"picked":"Guardian:CrystalBeam+1","floor":47},{"not_picked":["Guardian:MultiBeam+1","Guardian:Recover"],"picked":"Guardian:EvasiveProtocol+1","floor":49}],"player_experience":830029,"relics_obtained":[{"floor":6,"key":"Potion Belt"},{"floor":7,"key":"CeramicFish"},{"floor":8,"key":"White Beast Statue"},{"floor":9,"key":"Oddly Smooth Stone"},{"floor":24,"key":"Frozen Egg 2"},{"floor":27,"key":"Guardian:PickAxe"},{"floor":41,"key":"MealTicket"}],"event_choices":[{"damage_healed":0,"gold_gain":0,"player_choice":"Simplicity","damage_taken":0,"max_hp_gain":0,"max_hp_loss":0,"event_name":"Back to Basics","floor":21,"gold_loss":0,"cards_upgraded":["Guardian:Strike_Guardian","Guardian:Strike_Guardian","Guardian:Strike_Guardian","Guardian:Strike_Guardian","Guardian:Defend_Guardian","Guardian:Defend_Guardian","Guardian:Defend_Guardian","Guardian:Defend_Guardian"]},{"damage_healed":0,"gold_gain":0,"player_choice":"Ignored","damage_taken":0,"max_hp_gain":0,"max_hp_loss":0,"event_name":"NoteForYourself","floor":38,"gold_loss":0},{"cards_removed":["Guardian:ChargeCore"],"damage_healed":0,"gold_gain":0,"player_choice":"Removed Attack","damage_taken":0,"max_hp_gain":0,"max_hp_loss":0,"event_name":"Falling","floor":48,"gold_loss":0}],"is_beta":false,"boss_relics":[{"not_picked":["Pandora\u0027s Box","Busted Crown"],"picked":"Philosopher\u0027s Stone"},{"not_picked":["SacredBark","Snecko Eye"],"picked":"Black Star"}],"items_purged_floors":[22,36,42],"is_endless":false,"potions_floor_spawned":[3,5,9,10,11,13,14,15,16,19,20,22,23,25,27,28,29,30,32,33,36,37,39,40,42,44,47,49],"ascension_level":0}}