{"host":"x5a6cvihdukvwm3n","time":1608639037,"event":{"mods":["AlwaysNeverKeys","Aspiration","BaseMod","Beaked The Cultist","BetterRewards","Colored Map","Colored Powertips","Conspire","Curses Come First","Downfall","Friendly Minions","GifTheSpireLib","Gremlin Mod","Halation","Highlight Path","Hubris","Minty Spire (QoL Compilation)","Replay The Spire","Shop Mod","StSLib","Stuff the Spire","SuperFastMode","Synergy Search","Td1madao Mod","The Bladedancer","The Construct","The Disciple","The Jungle","The Servant 0.9.4","vexMod"],"gold_per_floor":[110,110,30,49,65,65,99,99,99,114,134,209,242,242,242,340,340,354,354,366,366,366],"floor_reached":21,"playtime":636,"items_purged":[],"score":208,"play_id":"c06ade23-d4a2-427a-b28d-24b91e1f18c2","local_time":"20201222131037","is_ascension_mode":true,"campfire_choices":[{"data":"Loop","floor":6,"key":"SMITH"},{"floor":15,"key":"REST"}],"circlet_count":0,"master_deck":["Strike_B","Strike_B","Strike_B","Strike_B","Defend_B","Defend_B","Defend_B","Defend_B","Zap+1","Dualcast","Ball Lightning+1","Loop+1","Beam Cell","Conserve Battery","StuffTheSpire:ShieldGenerator","Storm","hubris:Prefetch","Genetic Algorithm","RitualDagger","ReplayTheSpireMod:Reroute Power+1"],"relics":["Cracked Core","NeowsBlessing","halation:AfternoonTea","hubris:TenFootPole","hubris:BallOfYels","StuffTheSpire:Expresso","aspiration:IroncladSkillbook"],"acts_visited":["Exordium","TheCity"],"potions_floor_usage":[7],"damage_taken":[{"damage":0,"enemies":"2 Louse","floor":1,"turns":1},{"damage":0,"enemies":"Cultist","floor":4,"turns":1},{"damage":0,"enemies":"Jaw Worm","floor":5,"turns":1},{"damage":9,"enemies":"3 Sentries","floor":7,"turns":2},{"damage":6,"enemies":"Red Slaver","floor":10,"turns":2},{"damage":4,"enemies":"3 Louse","floor":11,"turns":3},{"damage":22,"enemies":"Gremlin Nob","floor":13,"turns":4},{"damage":39,"enemies":"The Guardian","floor":16,"turns":10},{"damage":17,"enemies":"3 Byrds","floor":18,"turns":5},{"damage":16,"enemies":"Spheric Guardian","floor":20,"turns":4},{"damage":52,"enemies":"Snake Plant","floor":21,"turns":4}],"seed_played":"6340856933069960346","potions_obtained":[{"floor":4,"key":"Milkshake"},{"floor":5,"key":"PowerPotion"},{"floor":18,"key":"Energy Potion"},{"floor":20,"key":"GamblersBrew"}],"is_trial":false,"path_per_floor":["M","?","$","M","M","R","E","?","T","M","M","?","E","T","R","B",null,"M","?","M","M"],"character_chosen":"DEFECT","items_purchased":["Loop"],"campfire_rested":1,"item_purchase_floors":[3],"current_hp_per_floor":[75,75,75,75,75,75,66,66,66,60,56,51,29,29,51,27,75,62,59,47,0,0],"gold":366,"neow_bonus":"THREE_ENEMY_KILL","is_daily":false,"chose_seed":false,"campfire_upgraded":1,"win_rate":0.0,"timestamp":1608639037,"path_taken":["M","?","$","M","?","R","E","?","T","?","M","?","E","?","R","BOSS","M","?","M","M"],"items_purchased_type":["Card"],"build_version":"2020-12-13","purchased_purges":0,"victory":false,"max_hp_per_floor":[75,75,75,75,75,75,75,75,75,75,75,75,75,75,75,75,75,75,75,75,75,75],"card_choices":[{"not_picked":["Redo","Hologram"],"picked":"Ball Lightning","floor":1},{"not_picked":["Leap","Sweeping Beam"],"picked":"Beam Cell","floor":4},{"not_picked":["Chaos","Rebound"],"picked":"Conserve Battery","floor":5},{"not_picked":["White Noise","Cold Snap"],"picked":"StuffTheSpire:ShieldGenerator","floor":7},{"not_picked":["StuffTheSpire:LaunchingStrike","Stack"],"picked":"Storm","floor":10},{"not_picked":["Gash","Tempest","StuffTheSpire:LoadUp"],"picked":"SKIP","floor":11},{"not_picked":["Glacier","Sweeping Beam","Gash"],"picked":"SKIP","floor":13},{"not_picked":["Meteor Strike","StuffTheSpire:EventHorizon"],"picked":"hubris:Prefetch","floor":16},{"not_picked":["Stack+1","conspire:Charge","Havoc"],"picked":"Genetic Algorithm","floor":18},{"not_picked":["Warcry","Cleave","StuffTheSpire:RockThrow"],"picked":"ReplayTheSpireMod:Reroute Power+1","floor":20}],"player_experience":293695,"relics_obtained":[{"floor":7,"key":"halation:AfternoonTea"},{"floor":9,"key":"hubris:TenFootPole"},{"floor":13,"key":"hubris:BallOfYels"},{"floor":14,"key":"StuffTheSpire:Expresso"}],"event_choices":[{"damage_healed":0,"gold_gain":0,"player_choice":"Forge","damage_taken":0,"max_hp_gain":0,"max_hp_loss":0,"event_name":"Accursed Blacksmith","floor":2,"gold_loss":0,"cards_upgraded":["Zap"]},{"damage_healed":0,"gold_gain":0,"player_choice":"Upgraded","damage_taken":0,"max_hp_gain":0,"max_hp_loss":0,"event_name":"Upgrade Shrine","floor":8,"gold_loss":0,"cards_upgraded":["Ball Lightning"]},{"damage_healed":0,"gold_gain":75,"player_choice":"Gather Gold","damage_taken":11,"max_hp_gain":0,"max_hp_loss":0,"event_name":"World of Goop","floor":12,"gold_loss":0},{"damage_healed":0,"gold_gain":0,"player_choice":"Joined the Cult","damage_taken":6,"max_hp_gain":0,"max_hp_loss":0,"event_name":"Nest","floor":19,"gold_loss":0,"cards_obtained":["RitualDagger"]}],"is_beta":false,"boss_relics":[{"not_picked":["SlaversCollar","vexMod:MegatonBomb"],"picked":"aspiration:IroncladSkillbook"}],"items_purged_floors":[],"is_endless":false,"potions_floor_spawned":[4,5,18,20],"killed_by":"Snake Plant","ascension_level":2}}