{"host":"u8v3smlhv612t412","time":1608642019,"event":{"mods":["BaseMod","Better Altar","Better Match","Better Note","Better Skull","Better Third Choice","BetterRewards","Colored Powertips","DeckTracker","Minty Spire (QoL Compilation)","Quick Restart","Rare Cards Sparkle","Relic Stats","Spicy Shops","StSLib","slay the spire mod where everything is the same but ironclad has a cowboy hat"],"gold_per_floor":[116,128,128,140,140,140,155,187,187,187,187],"floor_reached":10,"playtime":2032,"items_purged":["Strike_P","Defend_P"],"score":71,"play_id":"08c638ee-a4d6-419d-97de-cc406739e375","local_time":"20201222080019","is_ascension_mode":true,"campfire_choices":[{"data":"Eruption","floor":6.0,"key":"SMITH"}],"circlet_count":0,"master_deck":["Strike_P","Strike_P","Defend_P","Defend_P","Defend_P","Eruption+1","Vigilance","JustLucky","Evaluate","Adaptation","JustLucky","Halt","SashWhip","FlurryOfBlows","Tantrum","Establishment+1"],"relics":["PureWater","Lantern","Membership Card","Frozen Egg 2","Bag of Marbles","InkBottle","Smiling Mask"],"acts_visited":["Exordium"],"potions_floor_usage":[8],"damage_taken":[{"damage":0.0,"enemies":"2 Louse","floor":1.0,"turns":4.0},{"damage":0.0,"enemies":"Cultist","floor":2.0,"turns":3.0},{"damage":7.0,"enemies":"Small Slimes","floor":4.0,"turns":3.0},{"damage":3.0,"enemies":"Blue Slaver","floor":7.0,"turns":2.0},{"damage":18,"enemies":"Lagavulin","floor":8,"turns":8},{"damage":39,"enemies":"3 Sentries","floor":10,"turns":6}],"seed_played":"-637462809261812473","potions_obtained":[{"floor":1.0,"key":"EssenceOfSteel"}],"is_trial":false,"path_per_floor":["M","M","?","M","?","R","M","E","T","E"],"character_chosen":"WATCHER","items_purchased":["Lantern","JustLucky","Evaluate","Adaptation","Membership Card","JustLucky","Frozen Egg 2"],"campfire_rested":0,"item_purchase_floors":[0,0,0,0,0,0,0],"current_hp_per_floor":[40,40,40,33,57,57,54,36,36,0,0],"gold":187,"neow_bonus":"","is_daily":false,"chose_seed":false,"campfire_upgraded":1,"win_rate":0.0,"timestamp":1608642019,"path_taken":["M","M","?","?","?","R","M","E","T","E"],"items_purchased_type":["Relic","Card","Card","Card","Relic","Card","Relic"],"build_version":"2020-12-13","purchased_purges":2,"victory":false,"max_hp_per_floor":[72,72,72,72,72,72,72,72,72,72,72],"relic_stats":{"counters":[48,192],"Smiling Mask":0,"obtain_stats":[{"Lantern":0,"Tiny House":17,"Torii":0,"CeramicFish":0,"SacredBark":34,"TeardropLocket":9,"Ginger":25,"Smiling Mask":9,"Matryoshka":0,"Sundial":30,"VioletLotus":17,"Toxic Egg 2":13,"InkBottle":26,"Blue Candle":5,"PreservedInsect":7,"Omamori":19,"Letter Opener":10,"War Paint":27,"Frozen Egg 2":0,"Anchor":24,"Bottled Flame":7,"Art of War":21,"Bag of Marbles":0,"Membership Card":0,"PureWater":0},{"Lantern":0,"Tiny House":10,"Torii":16,"CeramicFish":16,"SacredBark":33,"TeardropLocket":6,"Ginger":30,"Smiling Mask":47,"Matryoshka":37,"Sundial":32,"VioletLotus":25,"Toxic Egg 2":8,"InkBottle":30,"Blue Candle":19,"PreservedInsect":41,"Omamori":26,"Letter Opener":7,"War Paint":31,"Frozen Egg 2":42,"Anchor":15,"Bottled Flame":21,"Art of War":27,"Bag of Marbles":37,"Membership Card":42,"PureWater":0},{"Lantern":0,"Tiny House":38,"Torii":70,"CeramicFish":70,"SacredBark":130,"TeardropLocket":22,"Ginger":117,"Smiling Mask":186,"Matryoshka":143,"Sundial":125,"VioletLotus":97,"Toxic Egg 2":31,"InkBottle":117,"Blue Candle":77,"PreservedInsect":164,"Omamori":100,"Letter Opener":28,"War Paint":121,"Frozen Egg 2":166,"Anchor":65,"Bottled Flame":85,"Art of War":103,"Bag of Marbles":143,"Membership Card":166,"PureWater":0}],"InkBottle":[2]},"card_choices":[{"not_picked":["SashWhip","Evaluate"],"picked":"Halt","floor":1.0},{"not_picked":["Evaluate","FlyingSleeves"],"picked":"SashWhip","floor":2.0},{"not_picked":["Indignation","Prostrate"],"picked":"FlurryOfBlows","floor":4.0},{"not_picked":["CarveReality","SashWhip"],"picked":"Tantrum","floor":7.0},{"not_picked":["CutThroughFate","ReachHeaven"],"picked":"Establishment+1","floor":8}],"player_experience":472923,"relics_obtained":[{"floor":8,"key":"InkBottle"},{"floor":9,"key":"Smiling Mask"}],"event_choices":[{"cards_removed":["Strike_P"],"damage_healed":0.0,"max_hp_gain":0.0,"max_hp_loss":0.0,"gold_gain":0.0,"event_name":"Purifier","player_choice":"Purged","floor":3.0,"gold_loss":0.0,"damage_taken":0.0},{"damage_healed":24.0,"max_hp_gain":0.0,"max_hp_loss":0.0,"gold_gain":0.0,"event_name":"Big Fish","player_choice":"Banana","floor":5.0,"gold_loss":0.0,"damage_taken":0.0}],"is_beta":false,"boss_relics":[],"items_purged_floors":[0,0],"is_endless":false,"potions_floor_spawned":[1],"killed_by":"3 Sentries","ascension_level":1}}