{"host":"8xt6qtpg1rkermdd","time":1608681166,"event":{"mods":["AchievementEnabler","BaseMod","Downfall","Hermit","Hubris","Jorbs\u0027s Wanderer Trilogy","Marisa????????","Minty Spire (QoL Compilation)","Replay The Spire","StSLib","The Cursed","The Servant 0.9.4"],"gold_per_floor":[117,131,131,142,142,142,142,160,187,42,76,76,76,89,89,89,89],"floor_reached":16,"playtime":759,"items_purged":[],"score":100,"play_id":"0b7f2178-4174-416e-bf30-e0d61ca752a2","local_time":"20201222175246","is_ascension_mode":false,"campfire_choices":[{"data":"Starlight","floor":6,"key":"SMITH"},{"floor":15,"key":"REST"}],"circlet_count":0,"master_deck":["Strike_S","Strike_S","Strike_S","Strike_S","Defend_S","Defend_S","Defend_S","Defend_S","KidneyShot","Exchange","Rewind","Starlight+1","BottledTime","BestPractice","FastForward","Rearm","FanOfKnives","Sunlight","Comet","SpecialFormula","Foresight","Potential"],"relics":["Uniform","ReplayTheSpireMod:Ring of Challenge","ReplayTheSpireMod:Ring of Collecting","hubris:Towel","Blood Vial","Ring of Panic","Orrery","Vajra","ReplayTheSpireMod:TigerMarble"],"acts_visited":["Exordium"],"potions_floor_usage":[],"damage_taken":[{"damage":6,"enemies":"Small Slimes","floor":1,"turns":3},{"damage":10,"enemies":"2 Louse","floor":2,"turns":3},{"damage":1,"enemies":"Cultist","floor":4,"turns":4},{"damage":9,"enemies":"3 Louse","floor":8,"turns":2},{"damage":38,"enemies":"Gremlin Nob","floor":11,"turns":5},{"damage":0,"enemies":"2 Fungi Beasts","floor":14,"turns":2},{"damage":62,"enemies":"Fading Forest","floor":16,"turns":7}],"seed_played":"6726789996542623364","potions_obtained":[{"floor":2,"key":"Explosive Potion"},{"floor":4,"key":"Swift Potion"},{"floor":8,"key":"Dexterity Potion"}],"is_trial":false,"path_per_floor":["M","M","?","M","?","R","?","M","T","$","E","?","?","M","R","B"],"character_chosen":"THE_SERVANT","items_purchased":["Orrery"],"campfire_rested":1,"item_purchase_floors":[10],"current_hp_per_floor":[65,55,55,54,54,54,54,45,45,45,9,6,6,8,29,0,0],"gold":89,"neow_bonus":"TEN_PERCENT_HP_BONUS","is_daily":false,"chose_seed":false,"campfire_upgraded":1,"win_rate":0.0,"timestamp":1608681166,"path_taken":["M","M","?","M","?","R","?","M","T","$","E","?","?","M","R","BOSS"],"items_purchased_type":["Relic"],"build_version":"2020-12-13","purchased_purges":0,"victory":false,"max_hp_per_floor":[71,71,71,71,71,71,71,71,71,71,71,71,71,71,71,71,71],"card_choices":[{"not_picked":["FastForward","Hightail"],"picked":"Rewind","floor":1},{"not_picked":["SpecialFormula","Unruled"],"picked":"Starlight","floor":2},{"not_picked":["DualDimension","ReturningBlade"],"picked":"BottledTime","floor":4},{"not_picked":["Reset","BottledTime"],"picked":"BestPractice","floor":8},{"not_picked":["Unruled","Revamp"],"picked":"FastForward","floor":10},{"not_picked":["Hightail","FastForward"],"picked":"Rearm","floor":10},{"not_picked":["ShiftingGears","Starlight"],"picked":"FanOfKnives","floor":10},{"not_picked":["SpecialFormula","Misdirection"],"picked":"Sunlight","floor":10},{"not_picked":["Unruled","Gouge"],"picked":"Comet","floor":10},{"not_picked":["TimeWarp","ShatteredReality"],"picked":"SpecialFormula","floor":11},{"not_picked":["Revamp","MoonPhase"],"picked":"Potential","floor":14}],"player_experience":3794,"relics_obtained":[{"floor":3,"key":"ReplayTheSpireMod:Ring of Challenge"},{"floor":3,"key":"ReplayTheSpireMod:Ring of Collecting"},{"floor":9,"key":"Blood Vial"},{"floor":9,"key":"Ring of Panic"},{"floor":11,"key":"Vajra"}],"event_choices":[{"damage_healed":0,"gold_gain":0,"player_choice":"Ignored","damage_taken":0,"max_hp_gain":0,"max_hp_loss":0,"event_name":"Golden Wing","floor":7,"gold_loss":0},{"damage_healed":0,"gold_gain":0,"player_choice":"Success","damage_taken":3,"relics_obtained":["ReplayTheSpireMod:TigerMarble"],"max_hp_gain":0,"max_hp_loss":0,"event_name":"Scrap Ooze","floor":12,"gold_loss":0},{"damage_healed":0,"gold_gain":0,"player_choice":"1 cards matched","damage_taken":0,"max_hp_gain":0,"max_hp_loss":0,"event_name":"Match and Keep!","floor":13,"gold_loss":0,"cards_obtained":["Foresight"]}],"is_beta":false,"boss_relics":[],"items_purged_floors":[],"is_endless":false,"potions_floor_spawned":[2,4,8],"killed_by":"Fading Forest","ascension_level":0}}