{"host":"qy6st0zp32tctd9l","time":1608626029,"event":{"mods":["AchievementEnabler","BaseMod","Colored Map","Downfall","Hermit","Marisa£®ÏF”Í°°ƒß¿Ì…≥£©","Minty Spire (QoL Compilation)","Remilia£®¿Ÿ√◊¿Ú—«£©","StSLib","The Cursed","The Servant 0.9.4","UnlockEverythingMod"],"gold_per_floor":[16,91,118,130,141,141,173,188,188,219,231,259,271,318,330,342,342],"floor_reached":16,"playtime":485,"items_purged":[],"score":186,"play_id":"3a3ae3eb-44fe-4697-bad1-013b4d6834a7","local_time":"20201222163349","is_ascension_mode":true,"campfire_choices":[{"data":"AlicesGift","floor":6,"key":"SMITH"},{"floor":13,"key":"REST"},{"floor":15,"key":"REST"}],"circlet_count":0,"master_deck":["AscendersBane","Strike_MRS+1","Strike_MRS+1","Strike_MRS","Defend_MRS","Defend_MRS","Defend_MRS","MasterSpark","UpSweep","AlicesGift+1","Acceleration","EnergyRecoil","StarlightTyphoon","DragonMeteor","WitchOfGreed","EscapeVelocity"],"relics":["MiniHakkero","Potion Belt","Tiny Chest","PreservedInsect","MawBank","Golden Idol","Whetstone"],"acts_visited":["Exordium"],"potions_floor_usage":[7,10],"damage_taken":[{"damage":0,"enemies":"2 Louse","floor":1,"turns":2},{"damage":7,"enemies":"Jaw Worm","floor":4,"turns":3},{"damage":4,"enemies":"Small Slimes","floor":5,"turns":3},{"damage":12,"enemies":"Lagavulin","floor":7,"turns":7},{"damage":9,"enemies":"3 Louse","floor":8,"turns":3},{"damage":15,"enemies":"3 Sentries","floor":10,"turns":5},{"damage":6,"enemies":"Blue Slaver","floor":12,"turns":3},{"damage":16,"enemies":"Gremlin Nob","floor":14,"turns":3},{"damage":22,"enemies":"Hexaghost","floor":16,"turns":8}],"seed_played":"2682827414287119247","potions_obtained":[{"floor":4,"key":"Explosive Potion"},{"floor":5,"key":"champ:CounterPotion"},{"floor":12,"key":"Swift Potion"}],"is_trial":false,"path_per_floor":["M","?","T","M","M","R","E","M","T","E","?","M","R","E","R","B"],"character_chosen":"MARISA","items_purchased":[],"campfire_rested":2,"item_purchase_floors":[],"current_hp_per_floor":[68,57,57,50,46,46,34,25,25,10,10,4,24,8,28,6,6],"gold":342,"neow_bonus":"REMOVE_TWO","is_daily":false,"chose_seed":false,"campfire_upgraded":1,"win_rate":0.0,"timestamp":1608626029,"path_taken":["M","?","?","M","M","R","E","M","T","E","?","M","R","E","R","BOSS"],"items_purchased_type":[],"build_version":"2020-12-13","purchased_purges":0,"victory":false,"max_hp_per_floor":[75,75,75,75,75,75,75,75,75,75,69,69,69,69,69,69,69],"card_choices":[{"not_picked":["DC","PowerUp"],"picked":"AlicesGift","floor":1},{"not_picked":["MysteriousBeam","DC"],"picked":"Acceleration","floor":4},{"not_picked":["AsteroidBelt","DC"],"picked":"EnergyRecoil","floor":5},{"not_picked":["Singularity","GravityBeat"],"picked":"StarlightTyphoon","floor":7},{"not_picked":["EventHorizon","PowerUp"],"picked":"DragonMeteor","floor":8},{"not_picked":["Acceleration","EnergyRecoil"],"picked":"WitchOfGreed","floor":10},{"not_picked":["WitchLeyline","IllusionStar","ShootingEcho"],"picked":"SKIP","floor":12},{"not_picked":["AlicesGift","StarlightTyphoon"],"picked":"EscapeVelocity","floor":14}],"player_experience":130661,"relics_obtained":[{"floor":3,"key":"Potion Belt"},{"floor":7,"key":"Tiny Chest"},{"floor":9,"key":"PreservedInsect"},{"floor":10,"key":"MawBank"},{"floor":14,"key":"Whetstone"}],"event_choices":[{"damage_healed":0,"gold_gain":75,"player_choice":"Gather Gold","damage_taken":11,"max_hp_gain":0,"max_hp_loss":0,"event_name":"World of Goop","floor":2,"gold_loss":0},{"damage_healed":0,"gold_gain":0,"player_choice":"Lose Max HP","damage_taken":0,"relics_obtained":["Golden Idol"],"max_hp_gain":0,"max_hp_loss":6,"event_name":"Golden Idol","floor":11,"gold_loss":0}],"is_beta":false,"boss_relics":[],"items_purged_floors":[],"is_endless":false,"potions_floor_spawned":[4,5,12],"killed_by":"Hexaghost","ascension_level":11}}