{"host":"6pgtslebjnyv5xmi","time":1608615117,"event":{"mods":["AchievementEnabler","BaseMod","Colored Map","Minty Spire (QoL Compilation)","Rare Cards Sparkle","SuperFastMode","everything is the same but u backflip on backflip"],"gold_per_floor":[118,118,134,309,328,328,328,353,353,278,278,290,390,402,402,402,402],"floor_reached":16,"playtime":965,"items_purged":["Doubt"],"score":120,"play_id":"1fb9c91b-4d2d-44c3-a564-957c95c2ee42","local_time":"20201222143157","is_ascension_mode":true,"campfire_choices":[{"data":"Prepared","floor":6,"key":"SMITH"},{"data":"Tactician","floor":15,"key":"SMITH"}],"circlet_count":0,"master_deck":["Survivor","Neutralize","Bouncing Flask+1","Backstab","Noxious Fumes+1","Burst+1","Flechettes","Reflex","Footwork","Footwork","Escape Plan","Prepared+1","Well Laid Plans","Footwork","Catalyst","Tactician+1"],"relics":["Pandora\u0027s Box","Tingsha"],"acts_visited":["Exordium"],"potions_floor_usage":[14,14],"damage_taken":[{"damage":0,"enemies":"Cultist","floor":1,"turns":2},{"damage":12,"enemies":"Jaw Worm","floor":3,"turns":4},{"damage":0,"enemies":"Small Slimes","floor":5,"turns":3},{"damage":16,"enemies":"Gremlin Nob","floor":8,"turns":4},{"damage":4,"enemies":"Gremlin Gang","floor":12,"turns":3},{"damage":8,"enemies":"3 Louse","floor":14,"turns":2},{"damage":23,"enemies":"Slime Boss","floor":16,"turns":5}],"seed_played":"1342529313074711410","potions_obtained":[{"floor":8,"key":"SkillPotion"},{"floor":12,"key":"CunningPotion"}],"is_trial":false,"path_per_floor":["M","?","M","?","M","R","?","E","T","$","?","M","?","M","R","B"],"character_chosen":"THE_SILENT","items_purchased":[],"campfire_rested":0,"item_purchase_floors":[],"current_hp_per_floor":[70,70,58,58,58,58,44,28,28,28,28,24,24,16,16,0,0],"gold":402,"neow_bonus":"BOSS_RELIC","is_daily":false,"chose_seed":false,"campfire_upgraded":2,"win_rate":0.0,"timestamp":1608615117,"path_taken":["M","?","?","?","M","R","?","E","T","$","?","?","?","M","R","BOSS"],"items_purchased_type":[],"build_version":"2020-12-13","purchased_purges":1,"victory":false,"max_hp_per_floor":[70,70,70,70,70,70,70,70,70,70,70,70,70,70,70,70,70],"card_choices":[{"not_picked":["Flying Knee","Deflect","Sucker Punch"],"picked":"SKIP","floor":1},{"not_picked":["Quick Slash","Backflip"],"picked":"Prepared","floor":3},{"not_picked":["Cloak And Dagger","Masterful Stab","Prepared"],"picked":"SKIP","floor":5},{"not_picked":["Sucker Punch","PiercingWail"],"picked":"Well Laid Plans","floor":8},{"not_picked":["Deadly Poison","Dagger Throw"],"picked":"Catalyst","floor":12},{"not_picked":["Terror","Flechettes"],"picked":"Tactician","floor":14}],"player_experience":358164,"relics_obtained":[{"floor":8,"key":"Tingsha"}],"event_choices":[{"damage_healed":0,"gold_gain":0,"player_choice":"Forge","damage_taken":0,"max_hp_gain":0,"max_hp_loss":0,"event_name":"Accursed Blacksmith","floor":2,"gold_loss":0,"cards_upgraded":["Bouncing Flask"]},{"damage_healed":0,"gold_gain":175,"player_choice":"AGREE","damage_taken":0,"max_hp_gain":0,"max_hp_loss":0,"event_name":"Liars Game","floor":4,"gold_loss":0,"cards_obtained":["Doubt"]},{"damage_healed":0,"gold_gain":0,"player_choice":"Entered Light","damage_taken":14,"max_hp_gain":0,"max_hp_loss":0,"event_name":"Shining Light","floor":7,"gold_loss":0,"cards_upgraded":["Burst","Noxious Fumes"]},{"damage_healed":0,"gold_gain":0,"cards_transformed":["Doppelganger"],"player_choice":"Transformed","damage_taken":0,"max_hp_gain":0,"max_hp_loss":0,"event_name":"Transmorgrifier","floor":11,"gold_loss":0,"cards_obtained":["Footwork"]},{"damage_healed":0,"gold_gain":100,"player_choice":"Pray","damage_taken":0,"max_hp_gain":0,"max_hp_loss":0,"event_name":"Golden Shrine","floor":13,"gold_loss":0}],"is_beta":false,"boss_relics":[],"items_purged_floors":[10],"is_endless":false,"potions_floor_spawned":[8,12],"killed_by":"Slime Boss","ascension_level":4}}