{"host":"m6aaltr68g9tvoay","time":1608678999,"event":{"mods":["AchievementEnabler","BaseMod","Colored Map","Minty Spire (QoL Compilation)","StSLib"],"gold_per_floor":[111,127,127,139,12,12,31,31,31,51,51,77,77,87,87,87,87],"floor_reached":16,"playtime":420,"items_purged":[],"score":194,"play_id":"a425ed8f-0612-4869-892e-e4c6e34e5954","local_time":"20201222151639","is_ascension_mode":true,"campfire_choices":[{"data":"Sunder","floor":6,"key":"SMITH"},{"data":"White Noise","floor":8,"key":"SMITH"},{"floor":11,"key":"REST"},{"data":"Defragment","floor":13,"key":"SMITH"},{"data":"Reinforced Body","floor":15,"key":"SMITH"}],"circlet_count":0,"master_deck":["AscendersBane","Strike_B","Strike_B","Strike_B","Strike_B","Defend_B","Defend_B","Defend_B","Defend_B","Zap","Dualcast","Defragment+1","White Noise+1","Ball Lightning","Storm","Sunder+1","Redo","Genetic Algorithm","Reinforced Body+1","Conserve Battery"],"relics":["Cracked Core","Anchor","Nunchaku","Question Card"],"acts_visited":["Exordium"],"potions_floor_usage":[10,12,12],"damage_taken":[{"damage":2,"enemies":"Small Slimes","floor":1,"turns":3},{"damage":0,"enemies":"2 Louse","floor":2,"turns":2},{"damage":9,"enemies":"Jaw Worm","floor":4,"turns":4},{"damage":11,"enemies":"Blue Slaver","floor":7,"turns":3},{"damage":6,"enemies":"Exordium Thugs","floor":10,"turns":4},{"damage":24,"enemies":"Gremlin Nob","floor":12,"turns":4},{"damage":2,"enemies":"Large Slime","floor":14,"turns":5},{"damage":31,"enemies":"Hexaghost","floor":16,"turns":10}],"seed_played":"-6392003757111319944","potions_obtained":[{"floor":1,"key":"Weak Potion"},{"floor":2,"key":"Block Potion"},{"floor":4,"key":"FocusPotion"},{"floor":10,"key":"Block Potion"}],"is_trial":false,"path_per_floor":["M","M","?","M","$","R","M","R","T","M","R","E","R","M","R","B"],"character_chosen":"DEFECT","items_purchased":["Storm","Sunder"],"campfire_rested":1,"item_purchase_floors":[5,5],"current_hp_per_floor":[62,62,62,53,53,53,42,42,42,36,57,33,33,31,31,0,0],"gold":87,"neow_bonus":"RANDOM_COMMON_RELIC","is_daily":false,"chose_seed":false,"campfire_upgraded":4,"win_rate":0.0,"timestamp":1608678999,"path_taken":["M","M","?","M","$","R","M","R","T","M","R","E","R","M","R","BOSS"],"items_purchased_type":["Card","Card"],"build_version":"2020-12-13","purchased_purges":0,"victory":false,"max_hp_per_floor":[71,71,71,71,71,71,71,71,71,71,71,71,71,71,71,71,71],"card_choices":[{"not_picked":["Rebound","Storm"],"picked":"Defragment","floor":1},{"not_picked":["Conserve Battery","Reprogram"],"picked":"White Noise","floor":2},{"not_picked":["Conserve Battery","FTL"],"picked":"Ball Lightning","floor":4},{"not_picked":["Go for the Eyes","Cold Snap"],"picked":"Redo","floor":7},{"not_picked":["Leap","Defragment"],"picked":"Genetic Algorithm","floor":10},{"not_picked":["Barrage","Cold Snap"],"picked":"Reinforced Body","floor":12},{"not_picked":["Ball Lightning","Steam","Leap"],"picked":"Conserve Battery","floor":14}],"player_experience":1290653,"relics_obtained":[{"floor":9,"key":"Nunchaku"},{"floor":12,"key":"Question Card"}],"event_choices":[{"damage_healed":0,"gold_gain":0,"player_choice":"Ignored","damage_taken":0,"max_hp_gain":0,"max_hp_loss":0,"event_name":"Golden Wing","floor":3,"gold_loss":0}],"is_beta":false,"boss_relics":[],"items_purged_floors":[],"is_endless":false,"potions_floor_spawned":[1,2,4,10],"killed_by":"Hexaghost","ascension_level":18}}