{"host":"9i65z0zqo49crzwy","time":1608655691,"event":{"mods":["AchievementEnabler","Aspiration","Bard","BaseMod","Beaked The Cultist","Bestiary","Better Altar","Better Match","Better Note","Better Sensory Stone","Better Skull","Better Third Choice","BetterRewards","CCEM","Clawfect","Colored Map","Conspire","Downfall","GifTheSpireLib","Halation","Hermit","Highlight Path","Hubris","Hunter ??","Infinite Spire","Jedi Mod","Jorbs\u0027s Wanderer Trilogy","Mad Scientist","Marisa????????","Mimic Mod","Minty Spire (QoL Compilation)","Permanent Neow","Replay The Spire","Shade Mod","Shop Mod","Spicy Shops","StSLib","Stuff the Spire","The Administrix","The Blackbeard","The Bug Knight","The Construct","The Cursed","The Disciple","The Gatherer","The Hierophant","The IronCluck","The Jungle","The Mystic","The Necromancer","The Problem Sleuth","The Runesmith","The Servant 0.9.4","The Spell Scribe","The Wild Card","The Witch","Unceasing Turn Reminder"],"gold_per_floor":[99,109,124,124,124,150,150,162,187,37,55,71,86,118,136,239,239,239,239,239],"floor_reached":19,"playtime":1069,"items_purged":[],"score":204,"play_id":"541ca03f-871e-4bed-aada-7bccbc2e31df","local_time":"20201222084811","is_ascension_mode":false,"campfire_choices":[{"data":"BinaryStars","floor":10.0,"key":"SMITH"},{"data":"UltimateShortwave","floor":18.0,"key":"SMITH"}],"circlet_count":0,"master_deck":["Strike_MRS","Strike_MRS","Strike_MRS","Defend_MRS","Defend_MRS","Defend_MRS","MasterSpark","UpSweep","DC","NonDirectionalLaser","MachineGunSpark","BinaryStars+1","MysteriousBeam","ShootTheMoon","SporeBomb","MagicChant","UltimateShortwave+1"],"relics":["MiniHakkero","halation:YellowSoulGem","halation:StarCompass","halation:Trompette","hubris:TinFlute","downfall:HeartBlessingGreen","downfall:HeartBlessingBlue","hubris:Spice"],"acts_visited":["Exordium","TheCity"],"potions_floor_usage":[],"damage_taken":[{"damage":0.0,"enemies":"conspire:RoseBush","floor":2.0,"turns":3.0},{"damage":0.0,"enemies":"2 Louse","floor":3.0,"turns":2.0},{"damage":11.0,"enemies":"Jaw Worm","floor":8.0,"turns":2.0},{"damage":41.0,"enemies":"Replay:BlueRogue","floor":9.0,"turns":5.0},{"damage":5.0,"enemies":"3 Louse","floor":11.0,"turns":3.0},{"damage":16.0,"enemies":"Large Slime","floor":12.0,"turns":2.0},{"damage":9.0,"enemies":"2 Fungi Beasts","floor":13.0,"turns":2.0},{"damage":16.0,"enemies":"Gremlin Nob","floor":14.0,"turns":4.0},{"damage":0.0,"enemies":"Gremlin Gang","floor":15.0,"turns":3.0},{"damage":46.0,"enemies":"downfall:Defect","floor":16.0,"turns":6.0},{"damage":0,"enemies":"3 Byrds","floor":19,"turns":1}],"seed_played":"-7624640774716673628","potions_obtained":[{"floor":2.0,"key":"SmokeBomb"},{"floor":3.0,"key":"LifebloodPotion"},{"floor":13.0,"key":"FearPotion"},{"floor":15.0,"key":"Block Potion"},{"floor":16.0,"key":"jedi:StrikingPotion"}],"is_trial":false,"path_per_floor":["R_BF","M","M","?","?","T","T","M","E","R","M","M","M","E","M","B",null,"R","M"],"character_chosen":"MARISA","items_purchased":[],"campfire_rested":0,"item_purchase_floors":[],"current_hp_per_floor":[68,68,68,68,68,68,68,67,36,46,51,45,46,48,48,2,94,94,94,94],"gold":239,"neow_bonus":"REMOVE_TWO","is_daily":false,"chose_seed":false,"campfire_upgraded":2,"win_rate":0.0,"timestamp":1608655691,"path_taken":["R_BF","M","M","?","?","?","T","M","E","R","M","M","M","E","M","BOSS","R","M"],"items_purchased_type":[],"build_version":"2020-12-13","purchased_purges":0,"victory":false,"max_hp_per_floor":[68,68,68,68,68,68,68,68,68,78,78,78,78,86,86,86,94,94,94,94],"card_choices":[{"not_picked":["RefractionSpark","6A"],"picked":"DC","floor":2.0},{"not_picked":["GalacticHalo","6A"],"picked":"NonDirectionalLaser","floor":3.0},{"not_picked":["EarthLightRay","IllusionStar"],"picked":"MachineGunSpark","floor":8.0},{"not_picked":["IllusionStar","GasGiant"],"picked":"BinaryStars","floor":9.0},{"not_picked":["DC","6A"],"picked":"MysteriousBeam","floor":11.0},{"not_picked":["AsteroidBelt","EarthLightRay","IllusionStar"],"picked":"SKIP","floor":12.0},{"not_picked":["LuminesStrike","WitchOfGreed"],"picked":"ShootTheMoon","floor":13.0},{"not_picked":["EarthLightRay","WitchLeyline"],"picked":"SporeBomb","floor":14.0},{"not_picked":["RefractionSpark","DC"],"picked":"MagicChant","floor":15.0},{"not_picked":["TreasureHunter","SatelliteIllusion"],"picked":"UltimateShortwave","floor":16.0}],"player_experience":116193,"relics_obtained":[{"floor":7.0,"key":"halation:Trompette"},{"floor":9.0,"key":"hubris:TinFlute"},{"floor":14.0,"key":"hubris:Spice"}],"event_choices":[],"is_beta":false,"boss_relics":[{"not_picked":["hubris:CrackedHourglass","Fusion Hammer"],"picked":"hubris:Spice"}],"items_purged_floors":[],"is_endless":false,"potions_floor_spawned":[2,3,13,15,16],"killed_by":"3 Byrds","ascension_level":0}}