{"host":"llpusn9usp8rznkj","time":1608657850,"event":{"mods":["2.2 Compatiblity","Aspiration","BaseMod","Colored Map","Colored Powertips","Conspire","Hubris","Minty Spire (QoL Compilation)","Quick Restart","Rare Cards Sparkle","Replay The Spire","StSLib","The Cursed"],"gold_per_floor":[109,50,63,81,81,81,109,109,109,123,148,148,166,2,2,2,2],"floor_reached":16,"playtime":658,"items_purged":[],"score":220,"play_id":"855df774-a1d4-4d6f-b268-58a0e5236f79","local_time":"20201222122410","is_ascension_mode":true,"campfire_choices":[{"data":"Zap","floor":6.0,"key":"SMITH"},{"floor":8.0,"key":"REST"},{"floor":15,"key":"REST"}],"circlet_count":0,"master_deck":["AscendersBane","Strike_B","Strike_B","Strike_B","Strike_B","Defend_B","Defend_B","Defend_B","Defend_B","Zap+1","Dualcast","Gash","Capacitor+1","Ball Lightning","Barrage","Ball Lightning","Seeing Red","conspire:SharedLibrary","ReplayTheSpireMod:Calculation Training"],"relics":["Cracked Core","aspiration:Nostalgia","Iron Core","hubris:Towel","Prayer Wheel","Shuriken","Dream Catcher","conspire:TreasureMap"],"acts_visited":["Exordium"],"potions_floor_usage":[16],"damage_taken":[{"damage":1.0,"enemies":"Cultist","floor":1.0,"turns":3.0},{"damage":0.0,"enemies":"2 Louse","floor":3.0,"turns":2.0},{"damage":12.0,"enemies":"Jaw Worm","floor":4.0,"turns":3.0},{"damage":25.0,"enemies":"Lagavulin","floor":7.0,"turns":6.0},{"damage":4.0,"enemies":"Red Slaver","floor":10.0,"turns":2.0},{"damage":30.0,"enemies":"3 Sentries","floor":11.0,"turns":4.0},{"damage":0.0,"enemies":"2 Fungi Beasts","floor":13.0,"turns":2.0},{"damage":45,"enemies":"Fading Forest","floor":16,"turns":9}],"seed_played":"-7555222579374001690","potions_obtained":[{"floor":1.0,"key":"Adrenaline Potion"},{"floor":3.0,"key":"PotionOfCapacity"},{"floor":11.0,"key":"Adrenaline Potion"}],"is_trial":false,"path_per_floor":["M","$","M","M","?","R","E","R","T","M","E","?","M","$","R_BF","B"],"character_chosen":"DEFECT","items_purchased":["Capacitor+1","conspire:TreasureMap"],"campfire_rested":2,"item_purchase_floors":[2,14],"current_hp_per_floor":[63,63,63,51,51,51,26,47,47,43,13,13,13,13,34,0,0],"gold":2,"neow_bonus":"NOSTALGIA","is_daily":false,"chose_seed":false,"campfire_upgraded":1,"win_rate":0.0,"timestamp":1608657850,"path_taken":["M","?","M","M","?","R","E","R","T","M","E","?","M","?","R_BF","BOSS"],"items_purchased_type":["Card","Relic"],"build_version":"2020-12-13","purchased_purges":0,"victory":false,"max_hp_per_floor":[71,71,71,71,71,71,71,71,71,71,71,71,71,71,71,71,71],"card_choices":[{"not_picked":["Leap","Compile Driver"],"picked":"Gash","floor":1.0},{"not_picked":["Conserve Battery","ReplayTheSpireMod:GoodbyeWorld"],"picked":"Ball Lightning","floor":3.0},{"not_picked":["Heavy Blade","Beam Cell"],"picked":"Barrage","floor":4.0},{"not_picked":["Capacitor","Self Repair"],"picked":"Ball Lightning","floor":7.0},{"not_picked":["Undo","Rebound"],"picked":"Seeing Red","floor":10.0},{"not_picked":["Conserve Battery","Sweeping Beam","Barrage"],"picked":"SKIP","floor":10.0},{"not_picked":["Beam Cell","Melter","WeaponsOverheat"],"picked":"SKIP","floor":11.0},{"not_picked":["Hologram","Conserve Battery"],"picked":"conspire:SharedLibrary","floor":13.0},{"not_picked":["Clash","Sweeping Beam","Leap"],"picked":"SKIP","floor":13.0},{"not_picked":["Turbo","Evolve"],"picked":"ReplayTheSpireMod:Calculation Training","floor":15}],"player_experience":1118246,"relics_obtained":[{"floor":7.0,"key":"Prayer Wheel"},{"floor":9.0,"key":"Shuriken"},{"floor":11.0,"key":"Dream Catcher"}],"event_choices":[],"is_beta":false,"boss_relics":[],"items_purged_floors":[],"is_endless":false,"potions_floor_spawned":[1,3,11,13],"killed_by":"Fading Forest","ascension_level":20}}