{"host":"cxvb37eaaiijvrl4","time":1608612989,"event":{"mods":["ATMod(°¢èªMod)","BaseMod","Better Third Choice","Minty Spire (QoL Compilation)","MostiFishMod","Quick Restart","Rare Cards Sparkle","Shop Mod","Spicy Shops","StSLib","TestMod","Uncapped"],"gold_per_floor":[119,136,150,225,239,267,281,294,376,408,333,358,377,109,109,288,288,298,315,215,225,105,119,245,105,105,105,236,236,236,281,281,528,528,573,662,748,845,845,1102,1502,1653,1653,1603,1714,1870,1870,1905,1905,2030,2280,2280,2280,1003,1278,1403],"floor_reached":57,"playtime":2046,"items_purged":["Strike_R","Strike_R","Strike_R","Defend_R","Burning Pact","AT_GerminateFire+1"],"score":3433,"play_id":"18034863-fcfa-42c7-bb5d-99f6ea8b7393","local_time":"20201221205629","is_ascension_mode":true,"campfire_choices":[{"data":"MostiFishMod:WinterMarkForm","floor":15.0,"key":"SMITH"},{"data":"Barricade","floor":27.0,"key":"SMITH"},{"data":"Offering","floor":30.0,"key":"SMITH"},{"data":"AT_BodySlamDance","floor":32.0,"key":"SMITH"},{"data":"Entrench","floor":47.0,"key":"SMITH"},{"floor":49.0,"key":"RECALL"},{"data":"Dark Embrace","floor":53.0,"key":"SMITH"}],"circlet_count":0,"master_deck":["AscendersBane","Defend_R","Defend_R","Defend_R","AT_EssenceShift","MostiFishMod:FrostNova+1","MostiFishMod:WinterMarkForm+1","AT_BodySlamDance+1","AT_CaressingTears","Barricade+1","Feel No Pain+1","Burning Pact+1","Offering+1","Impervious+1","Entrench+1","Purity","Evolve","Dark Embrace+1"],"relics":["Burning Blood","DaveBox","AT_ATBox","FrostBlade","testmod-Register","Question Card","Oddly Smooth Stone","Kunai","Self Forming Clay","AT_TheCollector","Medical Kit","ImportantClient","Empty Cage","Bronze Scales","War Paint","AT_MibuBalloonWealth","Runic Dome","Calipers","Molten Egg 2","Bag of Marbles","AT_SunfireAegis","DaCapo","testmod-CrystalShield","Orichalcum","Lee\u0027s Waffle","MerchantsRug","AT_BladeRuinedKing"],"acts_visited":["Exordium","TheCity","TheBeyond","TheEnding"],"potions_floor_usage":[56,56,56,56],"damage_taken":[{"damage":7.0,"enemies":"Small Slimes","floor":1.0,"turns":3.0},{"damage":7.0,"enemies":"Jaw Worm","floor":2.0,"turns":2.0},{"damage":0.0,"enemies":"2 Louse","floor":3.0,"turns":1.0},{"damage":0.0,"enemies":"Exordium Wildlife","floor":5.0,"turns":2.0},{"damage":7.0,"enemies":"Gremlin Nob","floor":6.0,"turns":3.0},{"damage":0.0,"enemies":"2 Fungi Beasts","floor":7.0,"turns":2.0},{"damage":3.0,"enemies":"Looter","floor":8.0,"turns":2.0},{"damage":12.0,"enemies":"3 Sentries","floor":10.0,"turns":4.0},{"damage":0.0,"enemies":"Lagavulin","floor":12.0,"turns":3.0},{"damage":0.0,"enemies":"Gremlin Gang","floor":13.0,"turns":1.0},{"damage":6.0,"enemies":"The Guardian","floor":16.0,"turns":5.0},{"damage":5.0,"enemies":"Shell Parasite","floor":18.0,"turns":4.0},{"damage":0.0,"enemies":"Chosen","floor":19.0,"turns":3.0},{"damage":21.0,"enemies":"Snake Plant","floor":21.0,"turns":3.0},{"damage":0.0,"enemies":"3 Cultists","floor":23.0,"turns":3.0},{"damage":20.0,"enemies":"Book of Stabbing","floor":24.0,"turns":6.0},{"damage":17.0,"enemies":"Slavers","floor":28.0,"turns":3.0},{"damage":0.0,"enemies":"Snecko","floor":31.0,"turns":2.0},{"damage":6.0,"enemies":"Automaton","floor":33.0,"turns":4.0},{"damage":0.0,"enemies":"Orb Walker","floor":35.0,"turns":2.0},{"damage":0.0,"enemies":"3 Shapes","floor":36.0,"turns":1.0},{"damage":0.0,"enemies":"Jaw Worm Horde","floor":37.0,"turns":3.0},{"damage":6.0,"enemies":"2 Orb Walkers","floor":38.0,"turns":1.0},{"damage":24.0,"enemies":"Reptomancer","floor":40.0,"turns":2.0},{"damage":6.0,"enemies":"Nemesis","floor":42.0,"turns":3.0},{"damage":19.0,"enemies":"4 Shapes","floor":45.0,"turns":2.0},{"damage":6.0,"enemies":"Giant Head","floor":46.0,"turns":3.0},{"damage":6.0,"enemies":"Spire Growth","floor":48.0,"turns":3.0},{"damage":6.0,"enemies":"Time Eater","floor":50.0,"turns":4.0},{"damage":20.0,"enemies":"Donu and Deca","floor":51.0,"turns":4.0},{"damage":52.0,"enemies":"Shield and Spear","floor":55.0,"turns":4.0},{"damage":14,"enemies":"The Heart","floor":56,"turns":6}],"seed_played":"3129572696003798257","potions_obtained":[{"floor":3.0,"key":"testmod-SpacePotion"},{"floor":5.0,"key":"ElixirPotion"},{"floor":10.0,"key":"FearPotion"},{"floor":16.0,"key":"SkillPotion"},{"floor":18.0,"key":"Regen Potion"},{"floor":33.0,"key":"Weak Potion"},{"floor":38.0,"key":"Regen Potion"},{"floor":46.0,"key":"PowerPotion"},{"floor":48.0,"key":"testmod-TestPotion"}],"is_trial":false,"path_per_floor":["M","M","M","?","M","E","M","M","T","E","$","E","M","$","R","B",null,"M","M","$","M","$","M","E","$","T","R","E","?","R","M","R","B",null,"M","M","M","?","?","E","?","E","T","?","M","E","R","M","R","B","B",null,"R","$","E","B",null],"character_chosen":"IRONCLAD","items_purchased":["Medical Kit","AT_SunfireAegis","DaCapo","testmod-CrystalShield","Orichalcum","Lee\u0027s Waffle","MerchantsRug","Ancient Potion","PowerPotion"],"campfire_rested":0,"item_purchase_floors":[14,54,54,54,54,54,54,54,54],"current_hp_per_floor":[67,66,72,61,67,66,72,75,75,75,75,75,75,75,75,75,75,75,75,75,60,60,66,52,52,52,52,41,20,20,26,26,26,67,73,79,80,80,80,64,64,69,69,69,102,102,102,132,132,327,358,384,384,399,420,414],"gold":1403,"neow_bonus":"REMOVE_CARD","is_daily":false,"chose_seed":false,"campfire_upgraded":6,"win_rate":0.0,"timestamp":1608612989,"path_taken":["M","M","M","?","M","E","M","M","T","E","$","E","M","$","R","BOSS","M","M","$","M","$","M","E","$","T","R","E","?","R","M","R","BOSS","M","M","M","?","?","E","?","E","T","?","?","E","R","M","R","BOSS","BOSS","R","$","E","BOSS"],"items_purchased_type":["Relic","Relic","Relic","Relic","Relic","Relic","Relic","Potion","Potion"],"build_version":"2020-12-13","purchased_purges":6,"victory":true,"max_hp_per_floor":[75,75,75,75,75,75,75,75,75,75,75,75,75,75,75,75,75,75,75,75,75,75,75,75,75,75,75,75,80,80,80,80,80,80,80,80,80,80,80,80,80,80,80,80,126,126,126,156,156,349,392,392,392,399,466,466],"card_choices":[{"not_picked":["Twin Strike","Rampage","Clash"],"picked":"SKIP","floor":1.0},{"not_picked":["Havoc","Heavy Blade","Twin Strike","Iron Wave"],"picked":"SKIP","floor":2.0},{"not_picked":["Spot Weakness","Cleave","Pommel Strike"],"picked":"AT_BodySlamDance","floor":3.0},{"not_picked":["Clothesline","Heavy Blade","MostiFishMod:UniRed"],"picked":"AT_CaressingTears","floor":5.0},{"not_picked":["Intimidate","Shockwave","Headbutt","Shrug It Off"],"picked":"SKIP","floor":6.0},{"not_picked":["Bloodletting","True Grit","Thunderclap","Rupture"],"picked":"SKIP","floor":7.0},{"not_picked":["AT_BodySlamDance","Sword Boomerang","Anger","MostiFishMod:NewArrival"],"picked":"SKIP","floor":8.0},{"not_picked":["Sentinel","AT_IchimonjiDouble","AT_CaressingTears","Thunderclap"],"picked":"SKIP","floor":10.0},{"not_picked":["AT_CaressingTears","AT_IchimonjiDouble","Sword Boomerang"],"picked":"Burning Pact","floor":12.0},{"not_picked":["Flex","True Grit","Battle Trance","Heavy Blade"],"picked":"SKIP","floor":13.0},{"not_picked":["Immolate","MostiFishMod:NewArrival","Exhume"],"picked":"Barricade","floor":16.0},{"not_picked":["Fire Breathing","Heavy Blade","Combust","AT_IchimonjiDouble"],"picked":"SKIP","floor":18.0},{"not_picked":["True Grit","Rage","Shrug It Off+1"],"picked":"Feel No Pain","floor":19.0},{"not_picked":["Flex","Pommel Strike","Carnage+1"],"picked":"AT_GerminateFire","floor":21.0},{"not_picked":["Heavy Blade","Headbutt","Anger","Wild Strike"],"picked":"SKIP","floor":23.0},{"not_picked":["Spot Weakness","Whirlwind","Wild Strike"],"picked":"Burning Pact+1","floor":24.0},{"not_picked":["Pommel Strike","Infernal Blade+1","Armaments"],"picked":"Offering","floor":28.0},{"not_picked":["MostiFishMod:BrandingRite","Sword Boomerang","Armaments","Power Through"],"picked":"SKIP","floor":31.0},{"not_picked":["MostiFishMod:OrdinaryWorld","MostiFishMod:CullingBlade","MostiFishMod:TemporaryOutbreak"],"picked":"Impervious","floor":33.0},{"not_picked":["Searing Blow","Headbutt","Metallicize","Power Through+1"],"picked":"SKIP","floor":35.0},{"not_picked":["Twin Strike","Seeing Red","AT_ShrugMaster"],"picked":"Entrench","floor":36.0},{"not_picked":["Flame Barrier+1","AT_CaressingTears","Dual Wield+1","Rupture"],"picked":"SKIP","floor":37.0},{"not_picked":["Blind","testmod-ConditionedReflex","Flash of Steel"],"picked":"Purity","floor":39.0},{"not_picked":["Rupture","Shrug It Off","Heavy Blade+1"],"picked":"MostiFishMod:NeverNightCountry+1","floor":40.0},{"not_picked":["AT_DrawKnifeCut+1","Armaments","MostiFishMod:BrandingRite","AT_IchimonjiDouble+1"],"picked":"SKIP","floor":42.0},{"not_picked":["Clothesline+1","Metallicize+1","Wild Strike+1","True Grit"],"picked":"SKIP","floor":45.0},{"not_picked":["Pommel Strike+1","Havoc","Twin Strike+1"],"picked":"Evolve","floor":46.0},{"not_picked":["Iron Wave+1","Brutality","AT_GerminateFire"],"picked":"Dark Embrace","floor":48.0},{"not_picked":["AT_BodySlamDance","Wild Strike+1","Pummel+1","AT_DiedThrough"],"picked":"SKIP","floor":55.0},{"not_picked":["AT_BodySlamDance","Wild Strike+1","Pummel+1","AT_DiedThrough"],"picked":"SKIP","floor":55.0}],"player_experience":645570,"relics_obtained":[{"floor":1.0,"key":"Question Card"},{"floor":6.0,"key":"Oddly Smooth Stone"},{"floor":9.0,"key":"Kunai"},{"floor":10.0,"key":"Self Forming Clay"},{"floor":12.0,"key":"AT_TheCollector"},{"floor":16.0,"key":"ImportantClient"},{"floor":24.0,"key":"Bronze Scales"},{"floor":26.0,"key":"War Paint"},{"floor":28.0,"key":"AT_MibuBalloonWealth"},{"floor":38.0,"key":"Calipers"},{"floor":40.0,"key":"Molten Egg 2"},{"floor":42.0,"key":"testmod-ThousandKnives"},{"floor":46.0,"key":"Bag of Marbles"},{"floor":55.0,"key":"AT_BladeRuinedKing"}],"event_choices":[{"damage_healed":0.0,"max_hp_gain":0.0,"max_hp_loss":0.0,"gold_gain":75.0,"event_name":"betterThird:BetterGoop","player_choice":"Gold","floor":4.0,"gold_loss":0.0,"damage_taken":11.0},{"damage_healed":0.0,"max_hp_gain":5.0,"max_hp_loss":0.0,"gold_gain":0.0,"event_name":"Forgotten Altar","player_choice":"Shed Blood","floor":29.0,"gold_loss":0.0,"damage_taken":26.0},{"damage_healed":0.0,"max_hp_gain":0.0,"max_hp_loss":0.0,"gold_gain":0.0,"event_name":"Mysterious Sphere","player_choice":"Fight","floor":38.0,"gold_loss":0.0,"damage_taken":0.0},{"damage_healed":0.0,"max_hp_gain":0.0,"max_hp_loss":0.0,"gold_gain":0.0,"event_name":"SensoryStone","player_choice":"Memory 1","floor":39.0,"gold_loss":0.0,"damage_taken":0.0},{"damage_healed":0.0,"max_hp_gain":0.0,"max_hp_loss":0.0,"gold_gain":400.0,"event_name":"¶÷ÂåË¹µÄÅÌ×Ó","player_choice":"Sell","floor":41.0,"relics_lost":["testmod-TestBox"],"gold_loss":0.0,"damage_taken":0.0},{"damage_healed":0.0,"max_hp_gain":0.0,"max_hp_loss":0.0,"gold_gain":0.0,"event_name":"Designer","player_choice":"Upgraded Two","floor":44.0,"gold_loss":50.0,"damage_taken":0.0,"cards_upgraded":["Feel No Pain","Impervious"]}],"is_beta":false,"boss_relics":[{"not_picked":["SacredBark","testmod-EnergyCheck"],"picked":"Empty Cage"},{"not_picked":["ExusiaiGun","SlaversCollar"],"picked":"Runic Dome"}],"items_purged_floors":[11,14,20,22,25,54],"is_endless":false,"potions_floor_spawned":[3,5,10,16,18,21,33,37,38,46,48],"ascension_level":20}}