{"host":"fxrgx7wt2cpkbhka","time":1608615808,"event":{"mods":["AchievementEnabler","BaseMod","Colored Powertips","Minty Spire (QoL Compilation)","Permanent Neow","Slay-I","StSLib","Waifu the Spire"],"gold_per_floor":[119,119,394,408,36,36,49,49,72,72,105,105,136,152,152,252,252,263,185,185,185,196,196,211,211,211,211,211,227,156,167,167,268,268,285,285,285,297,315,315,333,333,333,386,386,398,398,398,398],"floor_reached":48,"playtime":1809,"items_purged":["Regret"],"score":718,"play_id":"9044781e-25f9-4fef-b55e-499d8eb43d7f","local_time":"20201221214328","is_ascension_mode":true,"campfire_choices":[{"data":"Backstab","floor":6,"key":"SMITH"},{"data":"Masterful Stab","floor":8,"key":"SMITH"},{"data":"Dagger Throw","floor":10,"key":"SMITH"},{"data":"Terror","floor":12,"key":"SMITH"},{"data":"Footwork","floor":15,"key":"SMITH"},{"data":"Footwork","floor":23,"key":"SMITH"},{"data":"Poisoned Stab","floor":25,"key":"SMITH"},{"data":"Unload","floor":28,"key":"SMITH"},{"data":"Footwork","floor":32,"key":"SMITH"},{"floor":40,"key":"RECALL"},{"data":"Caltrops","floor":42,"key":"SMITH"},{"data":"1","floor":45,"key":"LIFT"},{"data":"2","floor":47,"key":"LIFT"}],"circlet_count":0,"master_deck":["Strike_G","Strike_G","Defend_G","Defend_G","Defend_G","Defend_G","Survivor","Neutralize+1","Dagger Throw+1","Backstab+1","Masterful Stab+1","Terror+1","Deadly Poison","Footwork+1","Unload+1","Prepared+1","Dagger Throw+1","Backflip","Footwork+1","Corpse Explosion","Poisoned Stab+1","Poisoned Stab","Dodge and Roll","Caltrops+1","Footwork+1","Masterful Stab","Writhe","Backflip","Parasite","Finisher+1","Cloak And Dagger+1","Dodge and Roll+1","Flechettes+1"],"relics":["Ring of the Snake","Blood Vial","Oddly Smooth Stone","Frozen Eye","Ancient Tea Set","Snake Skull","Pocketwatch","Astrolabe","Turnip","Coffee Dripper","Girya"],"acts_visited":["Exordium","TheCity","TheBeyond"],"potions_floor_usage":[11,24,33,33,39,39,41,46],"damage_taken":[{"damage":7,"enemies":"Jaw Worm","floor":1,"turns":6},{"damage":1,"enemies":"Small Slimes","floor":4,"turns":4},{"damage":0,"enemies":"Cultist","floor":7,"turns":3},{"damage":0,"enemies":"Gremlin Nob","floor":11,"turns":2},{"damage":9,"enemies":"Lagavulin","floor":13,"turns":4},{"damage":0,"enemies":"Looter","floor":14,"turns":1},{"damage":0,"enemies":"The Guardian","floor":16,"turns":8},{"damage":2,"enemies":"Spheric Guardian","floor":18,"turns":3},{"damage":10,"enemies":"2 Thieves","floor":22,"turns":3},{"damage":0,"enemies":"3 Cultists","floor":24,"turns":4},{"damage":0,"enemies":"Centurion and Healer","floor":29,"turns":2},{"damage":0,"enemies":"Snake Plant","floor":31,"turns":3},{"damage":33,"enemies":"Champ","floor":33,"turns":11},{"damage":17,"enemies":"3 Darklings","floor":35,"turns":3},{"damage":6,"enemies":"Orb Walker","floor":38,"turns":4},{"damage":9,"enemies":"Writhing Mass","floor":39,"turns":9},{"damage":20,"enemies":"Spire Growth","floor":41,"turns":5},{"damage":29,"enemies":"2 Orb Walkers","floor":44,"turns":6},{"damage":17,"enemies":"Transient","floor":46,"turns":5},{"damage":33,"enemies":"Nemesis","floor":48,"turns":3}],"seed_played":"8999929105323291154","potions_obtained":[{"floor":7,"key":"Poison Potion"},{"floor":11,"key":"Fire Potion"},{"floor":16,"key":"PowerPotion"},{"floor":18,"key":"EntropicBrew"},{"floor":38,"key":"Explosive Potion"},{"floor":41,"key":"SpeedPotion"}],"is_trial":false,"path_per_floor":["M","?","?","M","$","R","M","R","T","R","E","R","E","M","R","B",null,"M","$","?","?","M","R","M","R","T","?","R","M","$","M","R","B",null,"M","?","?","M","M","R","M","R","T","?","R","M","R","E"],"character_chosen":"THE_SILENT","items_purchased":["Oddly Smooth Stone","Frozen Eye","Footwork","Caltrops"],"campfire_rested":0,"item_purchase_floors":[5,5,19,30],"current_hp_per_floor":[58,58,58,59,59,59,61,61,61,61,63,63,56,58,58,60,68,68,68,55,55,47,47,49,49,49,49,49,51,51,53,53,22,62,47,66,85,79,72,72,54,54,54,27,27,12,12,0,0],"gold":398,"neow_bonus":"RANDOM_COMMON_RELIC","is_daily":false,"chose_seed":false,"campfire_upgraded":10,"win_rate":0.0,"timestamp":1608615808,"path_taken":["M","?","?","?","$","R","M","R","T","R","E","R","E","M","R","BOSS","M","$","?","?","?","R","M","R","T","?","R","M","$","M","R","BOSS","M","?","?","?","M","R","M","R","T","?","R","M","R","E"],"items_purchased_type":["Relic","Relic","Card","Card"],"build_version":"2020-12-13","purchased_purges":1,"victory":false,"max_hp_per_floor":[70,70,70,70,70,70,70,70,70,70,70,70,70,70,70,70,70,70,70,75,75,75,75,75,75,75,75,75,75,75,75,75,75,75,75,75,85,85,85,85,85,85,85,85,85,85,85,85,85],"card_choices":[{"not_picked":["Concentrate","Setup"],"picked":"Dagger Throw","floor":1},{"not_picked":["Outmaneuver","Acrobatics"],"picked":"Backstab","floor":4},{"not_picked":["Slice","Deflect"],"picked":"Masterful Stab","floor":7},{"not_picked":["Riddle With Holes","Venomology"],"picked":"Terror","floor":11},{"not_picked":["Outmaneuver","Blade Dance"],"picked":"Deadly Poison","floor":13},{"not_picked":["Backflip","Bane"],"picked":"Footwork","floor":14},{"not_picked":["Die Die Die","Bullet Time"],"picked":"Unload","floor":16},{"not_picked":["Concentrate","Blade Dance"],"picked":"Backflip","floor":18},{"not_picked":["Flying Knee","Dagger Spray"],"picked":"Poisoned Stab","floor":22},{"not_picked":["Reflex","PiercingWail"],"picked":"Poisoned Stab","floor":24},{"not_picked":["Heel Hook","Underhanded Strike"],"picked":"Dodge and Roll","floor":29},{"not_picked":["Prepared","Grand Finale"],"picked":"Footwork","floor":31},{"not_picked":["Blade Dance+1","Escape Plan"],"picked":"Masterful Stab","floor":35},{"not_picked":["Dodge and Roll","Dagger Spray+1"],"picked":"Backflip","floor":38},{"not_picked":["Skewer","Dagger Throw+1"],"picked":"Finisher+1","floor":39},{"not_picked":["Concentrate","Poisoned Stab+1"],"picked":"Cloak And Dagger+1","floor":41},{"not_picked":["Riddle With Holes+1","Concentrate"],"picked":"Dodge and Roll+1","floor":44},{"not_picked":["Cloak And Dagger","Noxious Fumes"],"picked":"Flechettes+1","floor":46}],"player_experience":667261,"relics_obtained":[{"floor":9,"key":"Ancient Tea Set"},{"floor":11,"key":"Snake Skull"},{"floor":13,"key":"Pocketwatch"},{"floor":26,"key":"Turnip"},{"floor":44,"key":"Girya"}],"event_choices":[{"damage_healed":0,"gold_gain":0,"player_choice":"Grow","damage_taken":0,"max_hp_gain":0,"max_hp_loss":0,"event_name":"Living Wall","floor":2,"gold_loss":0,"cards_upgraded":["Neutralize"]},{"damage_healed":0,"gold_gain":275,"player_choice":"Desecrate","damage_taken":0,"max_hp_gain":0,"max_hp_loss":0,"event_name":"Golden Shrine","floor":3,"gold_loss":0,"cards_obtained":["Regret"]},{"damage_healed":0,"gold_gain":0,"player_choice":"Shed Blood","damage_taken":18,"max_hp_gain":5,"max_hp_loss":0,"event_name":"Forgotten Altar","floor":20,"gold_loss":0},{"damage_healed":0,"gold_gain":0,"cards_transformed":["Defend_G"],"player_choice":"Transformed","damage_taken":0,"max_hp_gain":0,"max_hp_loss":0,"event_name":"Transmorgrifier","floor":21,"gold_loss":0,"cards_obtained":["Corpse Explosion"]},{"damage_healed":0,"gold_gain":0,"player_choice":"Ignored","damage_taken":0,"max_hp_gain":0,"max_hp_loss":0,"event_name":"Ghosts","floor":27,"gold_loss":0},{"damage_healed":19,"gold_gain":0,"player_choice":"Writhe","damage_taken":0,"max_hp_gain":0,"max_hp_loss":0,"event_name":"Winding Halls","floor":36,"gold_loss":0,"cards_obtained":["Writhe"]},{"cards_removed":["Night Terror"],"damage_healed":9,"gold_gain":0,"player_choice":"Offered Rare","damage_taken":0,"max_hp_gain":10,"max_hp_loss":0,"event_name":"Bonfire Elementals","floor":37,"gold_loss":0},{"damage_healed":0,"gold_gain":0,"player_choice":"Fight","damage_taken":0,"max_hp_gain":0,"max_hp_loss":0,"event_name":"Mysterious Sphere","floor":44,"gold_loss":0}],"is_beta":false,"boss_relics":[{"not_picked":["Tiny House","SlaversCollar"],"picked":"Astrolabe"},{"not_picked":["Snecko Eye","Runic Dome"],"picked":"Coffee Dripper"}],"items_purged_floors":[5],"is_endless":false,"potions_floor_spawned":[7,11,16,18,22,38,41],"killed_by":"Nemesis","ascension_level":7}}