{"host":"hjkuipvvowcpo8la","time":1608647440,"event":{"mods":["AchievementEnabler","BaseMod","Block Reminder","CapriCore","Colored Map","Colored Powertips","Highlight Path","Minty Spire (QoL Compilation)","Permanent Neow","Quick Restart","Rare Cards Sparkle","StSLib"],"gold_per_floor":[113,124,135,13,13,13,39,39,63,88,116,154,166,253,265,375,387,413,442,53,53,64,96,96,131,157,157,157,107,136,152,152,152,255,255,268,268,278,296,296,329,349,349,377,377,180,539,572,620,649,649,649,649,649,185,219,219],"floor_reached":58,"playtime":2639,"items_purged":["Strike_R","Strike_R","Strike_R","Strike_R"],"score":1491,"play_id":"3d804b91-f3ea-4361-ba7a-10f584b62556","local_time":"20201222153040","is_ascension_mode":true,"campfire_choices":[{"data":"Bash","floor":6,"key":"SMITH"},{"data":"Rampage","floor":8,"key":"SMITH"},{"data":"Inflame","floor":13,"key":"SMITH"},{"data":"Twin Strike","floor":15,"key":"SMITH"},{"data":"Flame Barrier","floor":24,"key":"SMITH"},{"data":"Shockwave","floor":28,"key":"SMITH"},{"data":"Bludgeon","floor":33,"key":"SMITH"},{"floor":43,"key":"RECALL"},{"data":"Limit Break","floor":51,"key":"SMITH"},{"data":"Limit Break","floor":54,"key":"SMITH"}],"circlet_count":0,"master_deck":["Defend_R","Defend_R","Defend_R+1","Defend_R","Bash+1","Rampage+1","Armaments+1","Shrug It Off","Twin Strike+1","Impervious","Inflame+1","Limit Break+1","Flame Barrier+1","Shockwave+1","Bludgeon+1","Pommel Strike+1","Limit Break+1","Sword Boomerang+1","Fiend Fire+1","Sword Boomerang+1","Double Tap","Impervious"],"relics":["Black Star","Lantern","Eternal Feather","MawBank","War Paint","Shuriken","Coffee Dripper","Happy Flower","Frozen Eye","Nilry\u0027s Codex","Ornamental Fan","PreservedInsect","Molten Egg 2","CaptainsWheel","Ice Cream","Pantograph","Bottled Tornado","Calling Bell","Pen Nib","Meat on the Bone","Mango","CeramicFish","MealTicket","Smiling Mask","Sling","Old Coin","Juzu Bracelet","Paper Frog","Nunchaku","Ginger","Oddly Smooth Stone","Membership Card","Anchor","Vajra","Kunai","Whetstone"],"acts_visited":["Exordium","TheCity","TheBeyond","TheEnding"],"potions_floor_usage":[16,25,41,48,52,57,57,57],"damage_taken":[{"damage":1,"enemies":"Cultist","floor":1,"turns":4},{"damage":5,"enemies":"Small Slimes","floor":2,"turns":3},{"damage":9,"enemies":"Jaw Worm","floor":3,"turns":4},{"damage":20,"enemies":"Gremlin Nob","floor":7,"turns":4},{"damage":0,"enemies":"Exordium Wildlife","floor":10,"turns":3},{"damage":0,"enemies":"Looter","floor":11,"turns":4},{"damage":15,"enemies":"Lagavulin","floor":12,"turns":8},{"damage":17,"enemies":"Hexaghost","floor":16,"turns":8},{"damage":0,"enemies":"3 Byrds","floor":18,"turns":5},{"damage":5,"enemies":"Spheric Guardian","floor":19,"turns":4},{"damage":6,"enemies":"Snake Plant","floor":22,"turns":4},{"damage":30,"enemies":"Slavers","floor":23,"turns":6},{"damage":4,"enemies":"Book of Stabbing","floor":25,"turns":4},{"damage":0,"enemies":"Slavers","floor":30,"turns":4},{"damage":6,"enemies":"Snecko","floor":31,"turns":4},{"damage":16,"enemies":"Automaton","floor":34,"turns":8},{"damage":0,"enemies":"3 Shapes","floor":36,"turns":5},{"damage":6,"enemies":"3 Darklings","floor":38,"turns":4},{"damage":13,"enemies":"Sphere and 2 Shapes","floor":39,"turns":4},{"damage":6,"enemies":"Reptomancer","floor":41,"turns":3},{"damage":10,"enemies":"Jaw Worm Horde","floor":42,"turns":6},{"damage":7,"enemies":"4 Shapes","floor":44,"turns":4},{"damage":0,"enemies":"Mind Bloom Boss Battle","floor":47,"turns":4},{"damage":21,"enemies":"Nemesis","floor":48,"turns":3},{"damage":4,"enemies":"Giant Head","floor":50,"turns":4},{"damage":27,"enemies":"Awakened One","floor":52,"turns":6},{"damage":0,"enemies":"Shield and Spear","floor":56,"turns":3},{"damage":45,"enemies":"The Heart","floor":57,"turns":5}],"seed_played":"6904533461702727002","potions_obtained":[{"floor":1,"key":"Dexterity Potion"},{"floor":2,"key":"LiquidMemories"},{"floor":16,"key":"BlessingOfTheForge"},{"floor":18,"key":"GamblersBrew"},{"floor":23,"key":"GamblersBrew"},{"floor":25,"key":"Block Potion"},{"floor":39,"key":"DistilledChaos"},{"floor":42,"key":"Block Potion"}],"is_trial":false,"path_per_floor":["M","M","M","$","?","R","E","R","T","M","M","E","R","?","R","B",null,"M","M","$","?","M","E","R","E","T","T","R","?","E","M","?","R","B",null,"M","?","M","M","?","E","M","R","M","T","$","?","E","T","E","R","B",null,"R","$","E","B",null],"character_chosen":"IRONCLAD","items_purchased":["Shrug It Off","Happy Flower","Frozen Eye","Sling","Membership Card","Anchor","Vajra","Strength Potion","Explosive Potion","Double Tap"],"campfire_rested":0,"item_purchase_floors":[4,20,20,46,55,55,55,55,55,55],"current_hp_per_floor":[79,74,65,65,65,65,45,51,51,51,51,36,42,31,37,20,80,80,75,75,59,53,23,32,28,28,28,37,37,37,31,31,40,49,94,94,89,83,70,70,64,54,66,59,59,74,89,68,68,64,76,62,89,89,89,89,56],"gold":219,"neow_bonus":"BOSS_RELIC","is_daily":false,"chose_seed":false,"campfire_upgraded":9,"win_rate":0.0,"timestamp":1608647440,"path_taken":["M","M","M","?","?","R","E","R","T","?","M","E","R","?","R","BOSS","M","M","$","?","M","E","R","E","T","T","R","?","E","?","?","R","BOSS","M","?","M","M","?","E","M","R","M","T","$","?","E","?","E","R","BOSS","R","$","E","BOSS"],"items_purchased_type":["Card","Relic","Relic","Relic","Relic","Relic","Relic","Potion","Potion","Card"],"build_version":"2020-12-13","purchased_purges":4,"victory":true,"max_hp_per_floor":[80,80,80,80,80,80,80,80,80,80,80,80,80,80,80,80,80,80,80,80,80,80,80,80,80,80,80,80,80,80,80,80,80,80,94,94,89,89,89,89,89,89,89,89,89,89,89,89,89,89,89,89,89,89,89,89,89],"card_choices":[{"not_picked":["True Grit","Pommel Strike"],"picked":"Rampage","floor":1},{"not_picked":["Cleave","Body Slam"],"picked":"Armaments","floor":2},{"not_picked":["Perfected Strike","Heavy Blade","Havoc"],"picked":"SKIP","floor":3},{"not_picked":["Body Slam","Blood for Blood","Warcry"],"picked":"SKIP","floor":7},{"not_picked":["Dark Embrace","Reckless Charge"],"picked":"Impervious","floor":10},{"not_picked":["Perfected Strike","Flex","Power Through"],"picked":"SKIP","floor":11},{"not_picked":["Heavy Blade","Dark Embrace"],"picked":"Inflame","floor":12},{"not_picked":["Brutality","Feed"],"picked":"Limit Break","floor":16},{"not_picked":["Sever Soul+1","Armaments+1"],"picked":"Flame Barrier","floor":18},{"not_picked":["Wild Strike","Thunderclap"],"picked":"Shockwave","floor":19},{"not_picked":["Anger","Perfected Strike+1","Fire Breathing"],"picked":"SKIP","floor":22},{"not_picked":["Body Slam","Headbutt"],"picked":"Bludgeon","floor":23},{"not_picked":["Shrug It Off","Thunderclap+1"],"picked":"Pommel Strike+1","floor":25},{"not_picked":["Perfected Strike+1","Body Slam+1","Blood for Blood+1"],"picked":"SKIP","floor":30},{"not_picked":["Havoc","Iron Wave+1","Rage"],"picked":"SKIP","floor":31},{"not_picked":["Juggernaut","Impervious"],"picked":"Limit Break","floor":34},{"not_picked":["Wild Strike+1","Blood for Blood+1","Reckless Charge+1"],"picked":"SKIP","floor":36},{"not_picked":["Headbutt+1","Sentinel+1"],"picked":"Sword Boomerang+1","floor":38},{"not_picked":["Intimidate","Warcry","Sever Soul+1"],"picked":"SKIP","floor":39},{"not_picked":["Intimidate","Warcry","Sever Soul+1"],"picked":"SKIP","floor":39},{"not_picked":["Anger+1","Perfected Strike+1","Sever Soul+1"],"picked":"SKIP","floor":41},{"not_picked":["Pommel Strike+1","Shrug It Off","Iron Wave+1"],"picked":"SKIP","floor":42},{"not_picked":["Rage","Power Through"],"picked":"Fiend Fire+1","floor":44},{"not_picked":["Anger+1","Disarm"],"picked":"Sword Boomerang+1","floor":47},{"not_picked":["Heavy Blade+1","Havoc+1","Second Wind"],"picked":"SKIP","floor":48},{"not_picked":["Dark Embrace+1","Cleave+1","Evolve"],"picked":"SKIP","floor":50},{"not_picked":["Havoc+1","Anger+1"],"picked":"Impervious","floor":56}],"player_experience":244932,"relics_obtained":[{"floor":7,"key":"Lantern"},{"floor":7,"key":"Eternal Feather"},{"floor":9,"key":"MawBank"},{"floor":12,"key":"War Paint"},{"floor":12,"key":"Shuriken"},{"floor":21,"key":"Nilry\u0027s Codex"},{"floor":23,"key":"Ornamental Fan"},{"floor":23,"key":"PreservedInsect"},{"floor":25,"key":"Molten Egg 2"},{"floor":25,"key":"CaptainsWheel"},{"floor":27,"key":"Ice Cream"},{"floor":30,"key":"Pantograph"},{"floor":30,"key":"Bottled Tornado"},{"floor":35,"key":"Pen Nib"},{"floor":35,"key":"Meat on the Bone"},{"floor":35,"key":"Mango"},{"floor":41,"key":"CeramicFish"},{"floor":41,"key":"MealTicket"},{"floor":45,"key":"Smiling Mask"},{"floor":47,"key":"Old Coin"},{"floor":48,"key":"Juzu Bracelet"},{"floor":48,"key":"Paper Frog"},{"floor":49,"key":"Nunchaku"},{"floor":50,"key":"Ginger"},{"floor":50,"key":"Oddly Smooth Stone"},{"floor":56,"key":"Kunai"},{"floor":56,"key":"Whetstone"}],"event_choices":[{"damage_healed":0,"gold_gain":0,"cards_transformed":["Strike_R"],"player_choice":"Transformed","damage_taken":0,"max_hp_gain":0,"max_hp_loss":0,"event_name":"Transmorgrifier","floor":5,"gold_loss":0,"cards_obtained":["Twin Strike"]},{"damage_healed":0,"gold_gain":75,"player_choice":"Gather Gold","damage_taken":11,"max_hp_gain":0,"max_hp_loss":0,"event_name":"World of Goop","floor":14,"gold_loss":0},{"damage_healed":0,"gold_gain":0,"player_choice":"Obtained Book","damage_taken":16,"max_hp_gain":0,"max_hp_loss":0,"event_name":"Cursed Tome","floor":21,"gold_loss":0},{"damage_healed":0,"gold_gain":0,"player_choice":"Bet on Murderer","damage_taken":0,"max_hp_gain":0,"max_hp_loss":0,"event_name":"The Joust","floor":29,"gold_loss":50},{"damage_healed":0,"gold_gain":0,"player_choice":"Ignored","damage_taken":0,"max_hp_gain":0,"max_hp_loss":0,"event_name":"Ghosts","floor":32,"gold_loss":0},{"damage_healed":0,"gold_gain":0,"player_choice":"Max HP","damage_taken":0,"max_hp_gain":0,"max_hp_loss":5,"event_name":"Winding Halls","floor":37,"gold_loss":0},{"damage_healed":0,"gold_gain":0,"player_choice":"Ignored","damage_taken":0,"max_hp_gain":0,"max_hp_loss":0,"event_name":"Tomb of Lord Red Mask","floor":40,"gold_loss":0},{"damage_healed":0,"gold_gain":0,"player_choice":"Fight","damage_taken":0,"max_hp_gain":0,"max_hp_loss":0,"event_name":"MindBloom","floor":47,"gold_loss":0}],"is_beta":false,"boss_relics":[{"not_picked":["Fusion Hammer","Astrolabe"],"picked":"Coffee Dripper"},{"not_picked":["SacredBark","Velvet Choker"],"picked":"Calling Bell"}],"items_purged_floors":[4,20,46,55],"is_endless":false,"potions_floor_spawned":[1,2,16,18,23,25,30,39,42,44],"ascension_level":1}}