{"host":"ds28d883r3sz42zs","time":1608595660,"event":{"mods":["2.2 Compatiblity","AchievementEnabler","Act Like it!","Aspiration","BaseMod","Bestiary","Better Match","Better Sensory Stone","Better Silent Start","Better Third Choice","Better-Laid Plans","BetterRewards","Block Reminder","Challenge The Spire","Clawfect","Colored Map","Colored Powertips","Conspire","DeckTracker","Defuse TimeMaze Blight","Disable Question Mark Monsters","Displayed Cursed Tome","Emptier Cage","GifTheSpireLib","Gold Saver","Hallownest","Hubris","Infinite Spire","Minty Spire (QoL Compilation)","Permanent Neow","Practice Mode","Quick Restart","Random Character Button","Rare Cards Sparkle","Relic Filter","Relic Sorter","Relic Stats","Replay The Spire","SacredBarkPlus","StSLib","Stuff the Spire","SuperFastMode","The Bug Knight","The Jungle","Uncapped","Unknown Chances"],"gold_per_floor":[1285,1285,1304,1304,1304,1304,1330,1350,1375,1386,1414,1432,1460,1472,1472,1576,1576,1587,1122,608,625,645,672,672,672,672,688,719,719,729,729,879,984,1034,1046,1046,1058,1058,1073,1073,1102,1102,1102,1134,1134,1231,1379,728,728,868,868,868,489,604,744],"floor_reached":56,"playtime":1993,"items_purged":["Gash","Defend_B"],"score":2373,"play_id":"e771f863-55f6-453e-81ae-d481dfbfec30","local_time":"20201221190740","is_ascension_mode":true,"campfire_choices":[{"data":"StuffTheSpire:Rend","floor":6.0,"key":"SMITH"},{"data":"Reprogram","floor":15,"key":"SMITH"},{"data":"Clawfect:Clawline","floor":24,"key":"SMITH"},{"data":"FTL","floor":29,"key":"SMITH"},{"data":"Skim","floor":40,"key":"SMITH"},{"floor":42,"key":"RECALL"},{"data":"Defend_B","floor":49,"key":"SMITH"},{"data":"Defend_B","floor":52,"key":"SMITH"}],"circlet_count":0,"master_deck":["Gash","Gash","Gash","Defend_B+1","Defend_B+1","StuffTheSpire:Rend+1","Reprogram+1","FTL+1","Clawfect:Clawline+1","Steam+1","Clawfect:ClawAndTear+1","Skim+1","Gash+1","Clawfect:ClawForTheEyes+1","Core Surge","Steam"],"relics":["Replay:Drink Me","hubris:Icosahedron","StuffTheSpire:EmeraldSignet","Pen Nib","infinitespire:EmpoweringShard","StuffTheSpire:Tea","aspiration:RitualDagger","Nunchaku","Quantum Egg","Calipers","infinitespire:Broken Mirror","Pet Ghost","Replay:Wax Seal","Tiny House","Unceasing Top","hubris:SoftwareUpdate","Replay:Bandana","Prayer Wheel","Potion Belt","TheAbacus","HollowMod:StagPassRelic","StuffTheSpire:GrapeVine","Prayer Wheel","Sundial","hubris:TenFootPole"],"acts_visited":["Exordium","Hallownest:Greenpath","TheBeyond","TheEnding"],"potions_floor_usage":[8,13,55],"damage_taken":[{"damage":0.0,"enemies":"Hallownest:monsterHuskWarrior","floor":1.0,"turns":3.0},{"damage":0.0,"enemies":"2_ Uuma","floor":3.0,"turns":4.0},{"damage":0.0,"enemies":"Hallownest:eliteMossKnight","floor":7.0,"turns":3.0},{"damage":0,"enemies":"Hallownest:2_Baldur","floor":8,"turns":3},{"damage":0,"enemies":"Hallownest:Wandering_and_Horned","floor":10,"turns":3},{"damage":0,"enemies":"Hallownest:eliteCrystalGuardian","floor":11,"turns":3},{"damage":0,"enemies":"Hallownest:1_Baldur_1_Crawlid_1_Warrior","floor":12,"turns":3},{"damage":5,"enemies":"Hallownest:eliteMossKnight","floor":13,"turns":3},{"damage":0,"enemies":"Hallownest:monsterFoolEater","floor":14,"turns":3},{"damage":0,"enemies":"Hallownest:BossBrokenVessel","floor":16,"turns":4},{"damage":9,"enemies":"Shell Parasite","floor":18,"turns":3},{"damage":9,"enemies":"theJungle:GiantWrat","floor":21,"turns":3},{"damage":11,"enemies":"Snake Plant","floor":22,"turns":3},{"damage":12,"enemies":"theJungle:MamaSnecko","floor":23,"turns":4},{"damage":9,"enemies":"theJungle:JungleHuntersEncounter","floor":27,"turns":3},{"damage":12,"enemies":"theJungle:2_Phrogs","floor":28,"turns":4},{"damage":9,"enemies":"theJungle:Lyon","floor":30,"turns":3},{"damage":12,"enemies":"theJungle:TotemBoss","floor":33,"turns":4},{"damage":6,"enemies":"3 Darklings","floor":35,"turns":2},{"damage":6,"enemies":"Orb Walker","floor":37,"turns":2},{"damage":9,"enemies":"4 Shapes","floor":39,"turns":3},{"damage":3,"enemies":"R_Hoarder","floor":41,"turns":1},{"damage":9,"enemies":"Nemesis","floor":44,"turns":3},{"damage":9,"enemies":"3 Darklings","floor":46,"turns":3},{"damage":25,"enemies":"R_Hoarder","floor":47,"turns":5},{"damage":12,"enemies":"Awakened One","floor":50,"turns":4},{"damage":9,"enemies":"Shield and Spear","floor":54,"turns":3},{"damage":26,"enemies":"The Heart","floor":55,"turns":5}],"seed_played":"-8324604733180314319","potions_obtained":[{"floor":3.0,"key":"LifebloodPotion"},{"floor":7.0,"key":"FearPotion"},{"floor":11,"key":"Elixir"},{"floor":13,"key":"Block Potion"},{"floor":18,"key":"Toxic Potion"}],"is_trial":false,"path_per_floor":["M","?","M","?","?","R","E","M","T","M","E","M","E","M","R","B",null,"M","$","?","M","M","E","R","?","T","M","E","R","M","AVR","R_BF","B",null,"M","?","M","AVR","M","R","E","R","T","E","?","M","E","$","R","B",null,"R","$","E","B",null],"character_chosen":"DEFECT","items_purchased":["Nunchaku","Quantum Egg","TheAbacus","HollowMod:StagPassRelic","StuffTheSpire:GrapeVine","Sundial","PowerPotion","DuplicationPotion"],"campfire_rested":0,"item_purchase_floors":[19,19,48,48,48,53,53,53],"current_hp_per_floor":[57,57,57,57,57,57,57,57,57,57,57,57,52,52,52,52,56,47,47,47,38,29,17,17,17,17,8,2,2,57,57,57,57,62,62,59,59,59,59,59,58,58,58,59,59,59,59,59,59,59,59,59,59,59,59],"gold":744,"neow_bonus":"BOSS_RELIC","is_daily":false,"chose_seed":false,"campfire_upgraded":7,"win_rate":0.0,"timestamp":1608595660,"path_taken":["M","?","M","?","?","R","E","M","T","?","E","M","E","M","R","BOSS","M","$","?","M","M","E","R","?","T","M","E","R","M","AVR","R_BF","BOSS","M","?","M","AVR","M","R","E","R","T","E","?","M","E","$","R","BOSS","R","$","E","BOSS"],"items_purchased_type":["Relic","Relic","Relic","Relic","Relic","Relic","Potion","Potion"],"build_version":"2020-12-13","purchased_purges":2,"victory":true,"max_hp_per_floor":[57,57,57,57,57,57,57,57,57,57,57,57,57,57,57,57,57,57,57,57,57,57,57,57,57,57,57,57,57,57,57,57,57,62,62,59,59,59,59,59,59,59,59,59,59,59,59,59,59,59,59,59,59,59,59],"relic_stats":{"Nunchaku":[23],"TheAbacus":[48],"counters":[28,90],"Sundial":[2],"Prayer Wheel":0,"Pen Nib":[31],"obtain_stats":[{"Calipers":23,"Tiny House":34,"StuffTheSpire:EmeraldSignet":7,"StuffTheSpire:GrapeVine":48,"HollowMod:StagPassRelic":48,"Pet Ghost":28,"Nunchaku":19,"Replay:Bandana":44,"hubris:Icosahedron":5,"TheAbacus":48,"Sundial":53,"Prayer Wheel":47,"Replay:Wax Seal":31,"Clawfect:DRClaw":0,"Replay:Drink Me":0,"StuffTheSpire:Tea":13,"Potion Belt":47,"hubris:SoftwareUpdate":41,"Quantum Egg":19,"Pen Nib":9,"infinitespire:Broken Mirror":26,"infinitespire:EmpoweringShard":11,"hubris:TenFootPole":54,"aspiration:RitualDagger":17,"Unceasing Top":38},{"Calipers":14,"Tiny House":18,"StuffTheSpire:EmeraldSignet":3,"StuffTheSpire:GrapeVine":25,"HollowMod:StagPassRelic":25,"Pet Ghost":16,"Nunchaku":11,"Replay:Bandana":23,"hubris:Icosahedron":2,"TheAbacus":25,"Sundial":26,"Prayer Wheel":25,"Replay:Wax Seal":17,"Clawfect:DRClaw":0,"Replay:Drink Me":0,"StuffTheSpire:Tea":8,"Potion Belt":25,"hubris:SoftwareUpdate":22,"Quantum Egg":11,"Pen Nib":4,"infinitespire:Broken Mirror":14,"infinitespire:EmpoweringShard":6,"hubris:TenFootPole":27,"aspiration:RitualDagger":10,"Unceasing Top":20},{"Calipers":45,"Tiny House":59,"StuffTheSpire:EmeraldSignet":10,"StuffTheSpire:GrapeVine":78,"HollowMod:StagPassRelic":78,"Pet Ghost":52,"Nunchaku":35,"Replay:Bandana":70,"hubris:Icosahedron":7,"TheAbacus":78,"Sundial":82,"Prayer Wheel":77,"Replay:Wax Seal":55,"Clawfect:DRClaw":0,"Replay:Drink Me":0,"StuffTheSpire:Tea":25,"Potion Belt":78,"hubris:SoftwareUpdate":67,"Quantum Egg":35,"Pen Nib":13,"infinitespire:Broken Mirror":45,"infinitespire:EmpoweringShard":19,"hubris:TenFootPole":85,"aspiration:RitualDagger":32,"Unceasing Top":63}],"Unceasing Top":[24]},"card_choices":[{"not_picked":["Glacier","ReplayTheSpireMod:Dual Polarity","Panic Button"],"picked":"SKIP","floor":1.0},{"not_picked":["Coolheaded","Turbo"],"picked":"StuffTheSpire:Rend","floor":3.0},{"not_picked":["Stack","StuffTheSpire:Plugnplay","hubris:SpecializedCircuitry"],"picked":"SKIP","floor":7.0},{"not_picked":["BasicCrystalCard","Clawfect:Clawrage"],"picked":"Reprogram","floor":8},{"not_picked":["Tempest","Clawfect:Clawrage","BasicCrystalCard"],"picked":"SKIP","floor":10},{"not_picked":["aspiration:Polymerization","Sunder"],"picked":"FTL","floor":11},{"not_picked":["StuffTheSpire:ShieldGenerator","Rebound"],"picked":"Clawfect:Clawline","floor":12},{"not_picked":["White Noise","Darkness","ReplayTheSpireMod:Omega Cannon"],"picked":"SKIP","floor":13},{"not_picked":["Hello World","Conserve Battery","Redo"],"picked":"SKIP","floor":14},{"not_picked":["Panic Button","Darkness+1","ReplayTheSpireMod:Reroute Power+1"],"picked":"SKIP","floor":18},{"not_picked":["ReplayTheSpireMod:??????????????????????","infinitespire:UltimateForm"],"picked":"infinitespire:SealOfDarkness+","floor":20},{"not_picked":["Heatsinks","Capacitor","Clawfect:Clawter"],"picked":"SKIP","floor":21},{"not_picked":["Glacier","StuffTheSpire:LoadUp"],"picked":"Steam+1","floor":22},{"not_picked":["ReplayTheSpireMod:Fabricate Wheel","Hologram","Double Energy"],"picked":"SKIP","floor":23},{"not_picked":["Darkness+1","hubris:Ukulele"],"picked":"Clawfect:ClawAndTear","floor":27},{"not_picked":["BasicCrystalCard+1","ReplayTheSpireMod:Reroute Power","Clawfect:ClawpileDriver"],"picked":"SKIP","floor":28},{"not_picked":["StuffTheSpire:Plugnplay+1","Hologram"],"picked":"Skim","floor":30},{"not_picked":["Time Bomb+1","Reboot","ReplayGash+1"],"picked":"SKIP","floor":35},{"not_picked":["hubris:PowerSurge","BasicCrystalCard+1"],"picked":"Gash+1","floor":37},{"not_picked":["Panic Button+1","StuffTheSpire:Plugnplay","Clawfect:ClawLightning"],"picked":"SKIP","floor":39},{"not_picked":["Hologram+1","Clawfect:Clawter"],"picked":"Clawfect:ClawForTheEyes+1","floor":41},{"not_picked":["Clawfect:ClawSnap+1","StuffTheSpire:EventHorizon","Turbo+1"],"picked":"SKIP","floor":44},{"not_picked":["Clawfect:ClawSnap+1","StuffTheSpire:EventHorizon","Turbo+1"],"picked":"SKIP","floor":44},{"not_picked":["FTL","Stack+1","BasicCrystalCard+1"],"picked":"SKIP","floor":46},{"not_picked":["ReplayTheSpireMod:Fabricate Wheel","ReplayTheSpireMod:System Scan+1"],"picked":"Core Surge","floor":47},{"not_picked":["Heatsinks","Panic Button+1"],"picked":"Steam","floor":54}],"player_experience":740784,"relics_obtained":[{"floor":7.0,"key":"StuffTheSpire:EmeraldSignet"},{"floor":9,"key":"Pen Nib"},{"floor":11,"key":"infinitespire:EmpoweringShard"},{"floor":13,"key":"StuffTheSpire:Tea"},{"floor":23,"key":"Calipers"},{"floor":26,"key":"infinitespire:Broken Mirror"},{"floor":28,"key":"Pet Ghost"},{"floor":41,"key":"hubris:SoftwareUpdate"},{"floor":44,"key":"Replay:Bandana"},{"floor":47,"key":"Potion Belt"},{"floor":54,"key":"hubris:TenFootPole"}],"event_choices":[{"damage_healed":0.0,"max_hp_gain":0.0,"max_hp_loss":0.0,"gold_gain":0.0,"event_name":"conspire:Investor","player_choice":"Leave","floor":4.0,"gold_loss":0.0,"damage_taken":0.0},{"damage_healed":0,"gold_gain":0,"player_choice":"Max HP","damage_taken":0,"max_hp_gain":0,"max_hp_loss":3,"event_name":"Winding Halls","floor":36,"gold_loss":0}],"is_beta":false,"boss_relics":[{"not_picked":["Kintsugi","aspiration:FutureDiary"],"picked":"aspiration:RitualDagger"},{"not_picked":["Inserter","SlaversCollar"],"picked":"Tiny House"}],"items_purged_floors":[19,48],"is_endless":false,"potions_floor_spawned":[3,7,11,13,16,18,27,28,30,39,41,44],"ascension_level":9}}