{"host":"j4tm1fhkymdbe3p9","time":1608598869,"event":{"mods":["A Magickal Journey","BaseMod","Better Third Choice","BetterRewards","Chen","Downfall","Hermit","Hubris","Infinite Spire","Koishi","Luminous","Marisa????????","Mimic Mod","Minty Spire (QoL Compilation)","Reimu??????","Remilia??????","Replay The Spire","Shade Mod","Shop Mod","StSLib","The Administrix","The Animator","The Blackbeard","The Bladedancer","The Construct","The Cursed","The Disciple","The Druid","The Exalted","The Gatherer","The Hierophant","The Mystic","The Necromancer","The Runesmith","The Servant 0.9.4","The Spell Scribe","TheSwordswoman","??????REMEMod"],"gold_per_floor":[113,113,128,141,156,156,156,176,211,16,16,52,52,91,91,204,204,226,226,226,247,268,268,274,274],"floor_reached":24,"playtime":1891,"items_purged":[],"score":206,"play_id":"ee8db5e9-8070-444f-8723-feb36ee06380","local_time":"20201221200109","is_ascension_mode":false,"campfire_choices":[{"data":"hermit:FlashPowder","floor":6,"key":"SMITH"},{"floor":11,"key":"REST"},{"data":"Keepsakes","floor":15,"key":"SMITH"},{"data":"REME_BattleFury","floor":23,"key":"SMITH"}],"circlet_count":0,"master_deck":["Strike_Br","Strike_Br","Strike_Br","Strike_Br","Defend_Br","Defend_Br","Defend_Br","Defend_Br","SecondHand","PatternShift","hermit:FlashPowder+1","ExoVibe","HandsUpB","Keepsakes+1","Ritenuto","HandsUpC","REME_BattleFury+1","ReapSow","TickedOff","Decay","Replay:Sluggish","Shame","FormalWear+1","LockedLightning","LockedFlame"],"relics":["Chronometer","REME_ComplimentaryCards","NeowsBlessing","Bromod:ArcaneAvenger","TungstenRod","Replay:Bandana","Blue Doll","Bromod:ArcaneUltimatum","Replay:Ancient Bell","Bronze Scales","Kunai","infinitespire:Golems Mask","hubris:BottledHeart"],"acts_visited":["Exordium","TheCity"],"potions_floor_usage":[16],"damage_taken":[{"damage":0,"enemies":"Jaw Worm","floor":1,"turns":1},{"damage":0,"enemies":"Cultist","floor":3,"turns":1},{"damage":0,"enemies":"2 Louse","floor":4,"turns":1},{"damage":0,"enemies":"Blue Slaver","floor":5,"turns":6},{"damage":5,"enemies":"3 Louse","floor":8,"turns":7},{"damage":0,"enemies":"Looter","floor":9,"turns":9},{"damage":3,"enemies":"Replay:BlueRogue","floor":12,"turns":7},{"damage":12,"enemies":"Lagavulin","floor":14,"turns":5},{"damage":2,"enemies":"The Guardian","floor":16,"turns":10},{"damage":11,"enemies":"Chosen","floor":18,"turns":6},{"damage":0,"enemies":"Shell Parasite","floor":21,"turns":6},{"damage":0,"enemies":"Snecko","floor":22,"turns":7},{"damage":0,"enemies":"Centurion and Healer","floor":24,"turns":3}],"seed_played":"-6878541468180224479","potions_obtained":[{"floor":2,"key":"Weak Potion"},{"floor":2,"key":"infinitespire:BlackPotion"},{"floor":2,"key":"SneckoOil"},{"floor":5,"key":"Toxic Potion"},{"floor":8,"key":"Guardian:BlockOnCardUsePotion"},{"floor":16,"key":"FairyPotion"}],"is_trial":false,"path_per_floor":["M","?","M","M","M","R","?","M","MIM","$","R","E","?","E","R","B",null,"M","?","?","M","M","R","M"],"character_chosen":"CHRONO_CLASS","items_purchased":["REME_BattleFury"],"campfire_rested":1,"item_purchase_floors":[10],"current_hp_per_floor":[65,65,65,65,65,65,50,45,45,45,64,61,66,54,54,52,70,59,59,1,1,1,1,1,1],"gold":274,"neow_bonus":"THREE_ENEMY_KILL","is_daily":false,"chose_seed":false,"campfire_upgraded":3,"win_rate":0.0,"timestamp":1608598869,"path_taken":["M","?","M","?","M","R","?","M","MIM","$","R","E","?","E","R","BOSS","M","?","?","M","M","R","M"],"items_purchased_type":["Card"],"build_version":"2020-12-13","purchased_purges":0,"victory":false,"max_hp_per_floor":[65,65,65,65,65,65,65,65,65,65,65,65,70,70,70,70,70,70,70,1,1,1,1,1,1],"card_choices":[{"not_picked":["WindUp","CrunchTime"],"picked":"ExoVibe","floor":1},{"not_picked":["BackFourSeconds","FormalWear"],"picked":"Tempo","floor":3},{"not_picked":["ExoVibe","LockedTornado"],"picked":"HandsUpB","floor":4},{"not_picked":["LockedWhetstone","Parity","BiteCommand"],"picked":"SKIP","floor":5},{"not_picked":["ShortSighted","BeatsPerMinute"],"picked":"Keepsakes","floor":8},{"not_picked":["ExoVibe","Backlash"],"picked":"HandsUpC","floor":9},{"not_picked":["HandsUpB","Echoward"],"picked":"ReapSow","floor":12},{"not_picked":["ExoVibe","RageCommand"],"picked":"TickedOff","floor":14},{"not_picked":["OldTimer","LockedFlame"],"picked":"MasterKey","floor":16},{"not_picked":["Normality","hubris:Wrath"],"picked":"Decay","floor":17},{"not_picked":["CurseOfTheBell","Regret"],"picked":"Replay:Sluggish","floor":17},{"not_picked":["hubris:Envy","hubris:Compulsion"],"picked":"Shame","floor":17},{"not_picked":["LockedTornado+1","Parity"],"picked":"FormalWear+1","floor":18},{"not_picked":["LockedAnchor+1","BlueShift","Goo"],"picked":"SKIP","floor":21},{"not_picked":["LockedBlood+1","LockedAnchor+1","LockedMawBank"],"picked":"SKIP","floor":22}],"player_experience":582419,"relics_obtained":[{"floor":9,"key":"Replay:Bandana"},{"floor":12,"key":"Blue Doll"},{"floor":14,"key":"Bromod:ArcaneUltimatum"}],"event_choices":[{"damage_healed":0,"gold_gain":0,"player_choice":"Got Potions","damage_taken":0,"max_hp_gain":0,"max_hp_loss":0,"event_name":"Lab","floor":2,"gold_loss":0},{"damage_healed":0,"gold_gain":1,"player_choice":"Relic Relic ","damage_taken":15,"max_hp_gain":0,"max_hp_loss":0,"event_name":"betterThird:BetterScrap","floor":7,"gold_loss":0,"cards_obtained":["Heel Hook"]},{"damage_healed":0,"gold_gain":0,"player_choice":"Donut","damage_taken":0,"max_hp_gain":5,"max_hp_loss":0,"event_name":"Big Fish","floor":13,"gold_loss":0}],"is_beta":false,"boss_relics":[{"not_picked":["Replay:Wanted Poster","Replay:Bronze Core"],"picked":"Replay:Ancient Bell"},{"not_picked":["hubris:OldNail","Smiling Mask"],"picked":"Bronze Scales"},{"not_picked":["White Beast Statue","hubris:DisguiseKit"],"picked":"Kunai"},{"not_picked":["hubris:Potato","hubris:Spice"],"picked":"infinitespire:Golems Mask"}],"items_purged_floors":[],"is_endless":false,"potions_floor_spawned":[5,8,14,16,18],"killed_by":"Centurion and Healer","ascension_level":0}}