{"host":"Rich","time":1608673150,"event":{"mods":["AchievementEnabler","BaseMod","Highlight Path","Minty Spire (QoL Compilation)","Relic Stats"],"gold_per_floor":[115,190,190,10,25,25,25,25,104,4,35,46,46,59,59,134,134,146,146,71,121,138,138,168,168,193,193,208,227,227,241,241,316,316,327,327,342,353,373,373,55,55,82,99,110,110,136,161,161,161,161,161,161,13,40,40,40],"floor_reached":56,"playtime":3115,"items_purged":["Strike_G","Defend_G","Strike_G"],"score":1815,"play_id":"f3fcb28e-7aa8-453a-ae2a-1d8b726a293f","local_time":"20201222163910","is_ascension_mode":true,"campfire_choices":[{"floor":6.0,"key":"REST"},{"data":"Cloak And Dagger","floor":8.0,"key":"SMITH"},{"data":"Dagger Spray","floor":15.0,"key":"SMITH"},{"data":"Tools of the Trade","floor":23.0,"key":"SMITH"},{"data":"Wraith Form v2","floor":25.0,"key":"SMITH"},{"data":"Underhanded Strike","floor":27.0,"key":"SMITH"},{"floor":32.0,"key":"RECALL"},{"data":"Backstab","floor":40.0,"key":"SMITH"},{"data":"Dagger Throw","floor":42.0,"key":"SMITH"},{"data":"Leg Sweep","floor":46.0,"key":"SMITH"},{"data":"Neutralize","floor":49.0,"key":"SMITH"},{"data":"Survivor","floor":53,"key":"SMITH"}],"circlet_count":0,"master_deck":["AscendersBane","Strike_G","Strike_G","Defend_G","Defend_G","Defend_G","Defend_G","Survivor+1","Neutralize+1","Cloak And Dagger+1","Dagger Throw","Leg Sweep+1","Dagger Spray+1","Acrobatics+1","Terror+1","PiercingWail+1","Tools of the Trade+1","Dagger Throw+1","Underhanded Strike+1","Wraith Form v2+1","Blade Dance+1","A Thousand Cuts+1","Prepared+1","Backstab+1","Crippling Poison+1","Blur+1","Panacea+1","PiercingWail+1"],"relics":["Ring of the Serpent","NeowsBlessing","Tingsha","Toxic Egg 2","Mango","HoveringKite","Bronze Scales","Eternal Feather","Akabeko","Tough Bandages","Smiling Mask","Bird Faced Urn","Bottled Lightning"],"acts_visited":["Exordium","TheCity","TheBeyond","TheEnding"],"potions_floor_usage":[],"damage_taken":[{"damage":0.0,"enemies":"2 Louse","floor":1.0,"turns":1.0},{"damage":0.0,"enemies":"Jaw Worm","floor":5.0,"turns":1.0},{"damage":0.0,"enemies":"3 Sentries","floor":11.0,"turns":1.0},{"damage":0.0,"enemies":"Cultist","floor":12.0,"turns":3.0},{"damage":10.0,"enemies":"3 Louse","floor":14.0,"turns":3.0},{"damage":14.0,"enemies":"The Guardian","floor":16.0,"turns":15.0},{"damage":11.0,"enemies":"2 Thieves","floor":18.0,"turns":2.0},{"damage":10.0,"enemies":"Shell Parasite","floor":22.0,"turns":5.0},{"damage":6.0,"enemies":"Book of Stabbing","floor":24.0,"turns":5.0},{"damage":2.0,"enemies":"Chosen and Byrds","floor":28.0,"turns":6.0},{"damage":7.0,"enemies":"Snecko","floor":29.0,"turns":4.0},{"damage":0.0,"enemies":"Centurion and Healer","floor":31.0,"turns":5.0},{"damage":20.0,"enemies":"Automaton","floor":33.0,"turns":10.0},{"damage":6.0,"enemies":"Orb Walker","floor":35.0,"turns":4.0},{"damage":1.0,"enemies":"3 Shapes","floor":37.0,"turns":6.0},{"damage":19.0,"enemies":"Writhing Mass","floor":38.0,"turns":7.0},{"damage":8.0,"enemies":"Sphere and 2 Shapes","floor":39.0,"turns":3.0},{"damage":0.0,"enemies":"Spire Growth","floor":44.0,"turns":3.0},{"damage":0.0,"enemies":"Transient","floor":45.0,"turns":6.0},{"damage":30.0,"enemies":"Reptomancer","floor":47.0,"turns":4.0},{"damage":0.0,"enemies":"Mind Bloom Boss Battle","floor":48.0,"turns":6.0},{"damage":65.0,"enemies":"Time Eater","floor":50.0,"turns":14.0},{"damage":13,"enemies":"Awakened One","floor":51,"turns":20},{"damage":24,"enemies":"Shield and Spear","floor":55,"turns":9},{"damage":68,"enemies":"The Heart","floor":56,"turns":5}],"seed_played":"5856148144381817459","potions_obtained":[{"floor":5.0,"key":"Energy Potion"},{"floor":12.0,"key":"FearPotion"},{"floor":14.0,"key":"GhostInAJar"},{"floor":16.0,"key":"LiquidMemories"},{"floor":24.0,"key":"GamblersBrew"},{"floor":31.0,"key":"GamblersBrew"},{"floor":35.0,"key":"Energy Potion"},{"floor":39.0,"key":"Ancient Potion"},{"floor":45.0,"key":"LiquidMemories"},{"floor":47.0,"key":"DuplicationPotion"}],"is_trial":false,"path_per_floor":["M","?","?","$","M","R","$","R","T","$","E","M","?","M","R","B",null,"M","?","?","T","M","R","E","R","T","R","M","M","?","M","R","B",null,"M","?","M","M","M","R","$","R","T","M","M","R","E","?","R","B","B",null,"R","$","E","B"],"character_chosen":"THE_SILENT","items_purchased":["Dagger Throw","Leg Sweep","Tough Bandages","Panacea+1"],"campfire_rested":1,"item_purchase_floors":[4,4,41,54],"current_hp_per_floor":[59,48,13,13,13,32,32,32,32,32,46,46,51,41,41,27,71,60,60,60,60,50,50,44,56,56,68,66,59,59,59,71,51,77,71,71,70,51,43,58,58,73,73,73,73,85,55,55,70,11,4,65,80,80,62,0,0],"gold":40,"neow_bonus":"THREE_ENEMY_KILL","is_daily":false,"chose_seed":false,"campfire_upgraded":10,"win_rate":0.0,"timestamp":1608673150,"path_taken":["M","?","?","?","?","R","$","R","T","$","E","M","?","M","R","BOSS","M","?","?","?","M","R","E","R","T","R","M","M","?","M","R","BOSS","M","?","?","M","M","R","$","R","T","M","M","R","E","?","R","BOSS","BOSS","R","$","E","BOSS"],"items_purchased_type":["Card","Card","Relic","Card"],"build_version":"2020-12-18","purchased_purges":3,"victory":false,"max_hp_per_floor":[66,66,66,66,66,66,66,66,66,66,80,80,85,85,85,85,85,85,85,85,85,85,85,85,85,85,85,85,85,85,85,85,85,85,85,85,85,85,85,85,85,85,85,85,85,85,85,85,85,85,85,85,85,85,85,85,85],"relic_stats":{"Tough Bandages":[438],"counters":[25,148],"Bronze Scales":[473],"Bird Faced Urn":[24],"HoveringKite":[114],"Tingsha":[634],"Eternal Feather":108,"Smiling Mask":75,"obtain_stats":[{"NeowsBlessing":0,"HoveringKite":17,"Tingsha":3,"Mango":11,"Eternal Feather":24,"Smiling Mask":47,"Akabeko":26,"Tough Bandages":41,"Bronze Scales":21,"Bird Faced Urn":48,"Bottled Lightning":55,"Toxic Egg 2":9,"Ring of the Serpent":34,"Ring of the Snake":0},{"NeowsBlessing":0,"HoveringKite":6,"Tingsha":1,"Mango":3,"Eternal Feather":9,"Smiling Mask":20,"Akabeko":9,"Tough Bandages":17,"Bronze Scales":7,"Bird Faced Urn":21,"Bottled Lightning":24,"Toxic Egg 2":2,"Ring of the Serpent":13,"Ring of the Snake":0},{"NeowsBlessing":0,"HoveringKite":24,"Tingsha":1,"Mango":3,"Eternal Feather":36,"Smiling Mask":94,"Akabeko":36,"Tough Bandages":81,"Bronze Scales":26,"Bird Faced Urn":100,"Bottled Lightning":143,"Toxic Egg 2":2,"Ring of the Serpent":61,"Ring of the Snake":0}]},"card_choices":[{"not_picked":["Deflect","Sucker Punch"],"picked":"Cloak And Dagger","floor":1.0},{"not_picked":["Slice","Backflip"],"picked":"Dagger Spray","floor":5.0},{"not_picked":["Skewer","Sucker Punch"],"picked":"Acrobatics+1","floor":11.0},{"not_picked":["Dagger Spray","Poisoned Stab"],"picked":"Terror+1","floor":12.0},{"not_picked":["Storm of Steel+1","Blur+1"],"picked":"PiercingWail+1","floor":14.0},{"not_picked":["Wraith Form v2","Venomology+1"],"picked":"Tools of the Trade","floor":16.0},{"not_picked":["Caltrops+1","Sucker Punch"],"picked":"Dagger Throw","floor":18.0},{"not_picked":["Dagger Throw","Bane"],"picked":"Underhanded Strike","floor":22.0},{"not_picked":["PiercingWail+1","Poisoned Stab"],"picked":"Wraith Form v2","floor":24.0},{"not_picked":["Dagger Throw","Quick Slash"],"picked":"Blade Dance+1","floor":28.0},{"not_picked":["Expertise+1","Flying Knee","Masterful Stab"],"picked":"SKIP","floor":29.0},{"not_picked":["Heel Hook","Masterful Stab","Dagger Throw"],"picked":"SKIP","floor":31.0},{"not_picked":["Wraith Form v2","Unload"],"picked":"A Thousand Cuts","floor":33.0},{"not_picked":["Dagger Throw","Quick Slash+1","Bouncing Flask+1"],"picked":"SKIP","floor":35.0},{"not_picked":["Skewer","Quick Slash","Dagger Spray"],"picked":"SKIP","floor":37.0},{"not_picked":["Dagger Throw","Bouncing Flask+1"],"picked":"Prepared+1","floor":38.0},{"not_picked":["Prepared+1","Riddle With Holes"],"picked":"Backstab","floor":39.0},{"not_picked":["Sucker Punch","Dagger Spray","Masterful Stab"],"picked":"SKIP","floor":44.0},{"not_picked":["Expertise+1","Outmaneuver+1","Sucker Punch"],"picked":"SKIP","floor":45.0},{"not_picked":["Outmaneuver+1","Night Terror+1"],"picked":"Crippling Poison+1","floor":47.0},{"not_picked":["Well Laid Plans","Quick Slash+1"],"picked":"Blur+1","floor":48.0},{"not_picked":["Endless Agony+1","Infinite Blades+1"],"picked":"PiercingWail+1","floor":55}],"player_experience":1925910,"relics_obtained":[{"floor":9.0,"key":"Toxic Egg 2"},{"floor":11.0,"key":"Mango"},{"floor":21.0,"key":"Bronze Scales"},{"floor":24.0,"key":"Eternal Feather"},{"floor":26.0,"key":"Akabeko"},{"floor":47.0,"key":"Smiling Mask"},{"floor":48.0,"key":"Bird Faced Urn"},{"floor":55,"key":"Bottled Lightning"}],"event_choices":[{"damage_healed":0.0,"max_hp_gain":0.0,"max_hp_loss":0.0,"gold_gain":75.0,"event_name":"World of Goop","player_choice":"Gather Gold","floor":2.0,"gold_loss":0.0,"damage_taken":11.0},{"damage_healed":0.0,"max_hp_gain":0.0,"max_hp_loss":0.0,"gold_gain":0.0,"event_name":"Scrap Ooze","player_choice":"Success","floor":3.0,"gold_loss":0.0,"damage_taken":35.0,"relics_obtained":["Tingsha"]},{"damage_healed":0.0,"max_hp_gain":5.0,"max_hp_loss":0.0,"gold_gain":0.0,"event_name":"Big Fish","player_choice":"Donut","floor":13.0,"gold_loss":0.0,"damage_taken":0.0},{"damage_healed":0.0,"max_hp_gain":0.0,"max_hp_loss":0.0,"gold_gain":0.0,"event_name":"The Mausoleum","player_choice":"Ignored","floor":19.0,"gold_loss":0.0,"damage_taken":0.0},{"cards_removed":["Strike_G"],"damage_healed":0.0,"max_hp_gain":0.0,"max_hp_loss":0.0,"gold_gain":0.0,"event_name":"Beggar","player_choice":"Gave Gold","floor":20.0,"gold_loss":75.0,"damage_taken":0.0},{"damage_healed":0.0,"max_hp_gain":0.0,"max_hp_loss":0.0,"gold_gain":0.0,"event_name":"Ghosts","player_choice":"Ignored","floor":30.0,"gold_loss":0.0,"damage_taken":0.0},{"damage_healed":0.0,"max_hp_gain":0.0,"max_hp_loss":0.0,"gold_gain":0.0,"event_name":"Upgrade Shrine","player_choice":"Upgraded","floor":36.0,"gold_loss":0.0,"damage_taken":0.0,"cards_upgraded":["A Thousand Cuts"]},{"damage_healed":0.0,"max_hp_gain":0.0,"max_hp_loss":0.0,"gold_gain":0.0,"event_name":"MindBloom","player_choice":"Fight","floor":48.0,"gold_loss":0.0,"damage_taken":0.0}],"is_beta":true,"boss_relics":[{"not_picked":["Philosopher\u0027s Stone","Tiny House"],"picked":"HoveringKite"},{"not_picked":["Cursed Key","Busted Crown"],"picked":"Ring of the Serpent"}],"items_purged_floors":[4,10,54],"is_endless":false,"potions_floor_spawned":[5,12,14,16,24,28,31,35,39,45,47],"killed_by":"The Heart","ascension_level":20}}