{"host":"dh4nu8nelr2izibb","time":1608599614,"event":{"mods":["Act Like it!","BaseMod","Better Third Choice","Card Forge","Displayed Cursed Tome","HololiveMod","Marisa????????","Minty Spire (QoL Compilation)","Puzzle Mod","Quick Restart","Relic Filter","StSLib","The Marked","The Poker Player","The Servant 0.9.4","WarShipGirlsR/????R mod","???????????mod"],"gold_per_floor":[118,52,65,75,90,90,107,107,107,107,121,134,159,234,234,234,234],"floor_reached":16,"playtime":468,"items_purged":[],"score":208,"play_id":"b6619274-be3d-4083-81b5-75d29f802ff6","local_time":"20201221201334","is_ascension_mode":true,"campfire_choices":[{"data":"Neutralize","floor":6,"key":"SMITH"},{"data":"Blade Dance","floor":8,"key":"SMITH"},{"data":"Finisher","floor":10,"key":"SMITH"},{"floor":15,"key":"REST"}],"circlet_count":0,"master_deck":["AscendersBane","Strike_G","Strike_G","Strike_G","Strike_G","Defend_G","Defend_G","Defend_G","Defend_G","Survivor","Neutralize+1","Finisher+1","Blade Dance+1","Well Laid Plans+1","Dodge and Roll","Prepared"],"relics":["Hammer of Thor","Seething Fire","Anvil of the Gods","Busted Crown","Turnip","Tingsha","Blue Candle"],"acts_visited":["Exordium"],"potions_floor_usage":[7,13],"damage_taken":[{"damage":0,"enemies":"2 Louse","floor":1,"turns":4},{"damage":3,"enemies":"Cultist","floor":3,"turns":5},{"damage":4,"enemies":"Small Slimes","floor":4,"turns":5},{"damage":3,"enemies":"Looter","floor":5,"turns":3},{"damage":4,"enemies":"2 Fungi Beasts","floor":7,"turns":3},{"damage":20,"enemies":"Exordium Thugs","floor":11,"turns":3},{"damage":4,"enemies":"Large Slime","floor":12,"turns":4},{"damage":1,"enemies":"Lagavulin","floor":13,"turns":4},{"damage":38,"enemies":"Hexaghost","floor":16,"turns":10}],"seed_played":"-455134440539065865","potions_obtained":[{"floor":1,"key":"GamblersBrew"},{"floor":3,"key":"DuplicationPotion"},{"floor":7,"key":"Fruit Juice"},{"floor":12,"key":"Energy Potion"}],"is_trial":false,"path_per_floor":["M","?","M","M","M","R","M","R","T","R","M","M","E","?","R","B"],"character_chosen":"THE_SILENT","items_purchased":[],"campfire_rested":1,"item_purchase_floors":[],"current_hp_per_floor":[59,59,56,52,49,49,50,50,50,50,30,26,25,14,35,0,0],"gold":234,"neow_bonus":"BOSS_RELIC","is_daily":false,"chose_seed":false,"campfire_upgraded":3,"win_rate":0.0,"timestamp":1608599614,"path_taken":["M","?","M","M","?","R","M","R","T","R","M","M","E","?","R","BOSS"],"items_purchased_type":[],"build_version":"2020-12-13","purchased_purges":0,"victory":false,"max_hp_per_floor":[66,66,66,66,66,66,71,71,71,71,71,71,71,71,71,71,71],"card_choices":[{"not_picked":["Expertise"],"picked":"SKIP","floor":1},{"not_picked":[],"picked":"Finisher","floor":3},{"not_picked":[],"picked":"Blade Dance","floor":4},{"not_picked":[],"picked":"Well Laid Plans","floor":5},{"not_picked":["Deadly Poison"],"picked":"SKIP","floor":7},{"not_picked":[],"picked":"Dodge and Roll","floor":11},{"not_picked":["Poisoned Stab"],"picked":"SKIP","floor":12},{"not_picked":[],"picked":"Prepared","floor":13}],"player_experience":1108559,"relics_obtained":[{"floor":9,"key":"Tingsha"},{"floor":13,"key":"Blue Candle"}],"event_choices":[{"damage_healed":0,"gold_gain":0,"player_choice":"Paid Gold","damage_taken":0,"relics_obtained":["Turnip"],"max_hp_gain":0,"max_hp_loss":0,"event_name":"WeMeetAgain","floor":2,"gold_loss":66},{"damage_healed":0,"gold_gain":75,"player_choice":"Gold","damage_taken":11,"max_hp_gain":0,"max_hp_loss":0,"event_name":"betterThird:BetterGoop","floor":14,"gold_loss":0}],"is_beta":false,"boss_relics":[],"items_purged_floors":[],"is_endless":false,"potions_floor_spawned":[1,3,7,12],"killed_by":"Hexaghost","ascension_level":20}}