{"host":"mqhvlr3kpxebko0t","time":1608628991,"event":{"mods":["AchievementEnabler","BaseMod","Colored Map","Colored Powertips","Keyboard Shortcuts","Minty Spire (QoL Compilation)","StSLib","SuperFastMode"],"gold_per_floor":[114,39,54,64,64,64,95,111,138,164,64,114,114,125,125,125,125],"floor_reached":16,"playtime":207,"items_purged":["Strike_P","Defend_P"],"score":244,"play_id":"47fa505d-2d9d-4e6c-a774-e2d0993f445f","local_time":"20201222182311","is_ascension_mode":true,"campfire_choices":[{"data":"Vigilance","floor":6,"key":"SMITH"},{"data":"Strike_P","floor":13,"key":"SMITH"},{"data":"Swivel","floor":15,"key":"SMITH"}],"circlet_count":0,"master_deck":["AscendersBane","Strike_P","Strike_P+1","Strike_P","Defend_P","Defend_P","Defend_P","Eruption","Vigilance+1","Vault","Swivel+1"],"relics":["Snecko Eye","Centennial Puzzle","Anchor","Orichalcum"],"acts_visited":["Exordium"],"potions_floor_usage":[8],"damage_taken":[{"damage":7,"enemies":"Cultist","floor":1,"turns":3},{"damage":4,"enemies":"2 Louse","floor":3,"turns":2},{"damage":24,"enemies":"Jaw Worm","floor":4,"turns":2},{"damage":0,"enemies":"Gremlin Nob","floor":7,"turns":3},{"damage":0,"enemies":"Exordium Wildlife","floor":8,"turns":3},{"damage":0,"enemies":"2 Fungi Beasts","floor":14,"turns":3},{"damage":36,"enemies":"Hexaghost","floor":16,"turns":10}],"seed_played":"4877623984991385623","potions_obtained":[{"floor":3,"key":"PowerPotion"},{"floor":4,"key":"ColorlessPotion"},{"floor":8,"key":"BlessingOfTheForge"}],"is_trial":false,"path_per_floor":["M","$","M","M","?","R","E","M","T","T","$","?","R","M","R","B"],"character_chosen":"WATCHER","items_purchased":[],"campfire_rested":0,"item_purchase_floors":[],"current_hp_per_floor":[54,54,50,26,31,31,31,31,31,31,31,31,31,31,31,0,0],"gold":125,"neow_bonus":"BOSS_RELIC","is_daily":false,"chose_seed":false,"campfire_upgraded":3,"win_rate":0.0,"timestamp":1608628991,"path_taken":["M","$","M","?","?","R","E","M","T","?","?","?","R","M","R","BOSS"],"items_purchased_type":[],"build_version":"2020-12-13","purchased_purges":2,"victory":false,"max_hp_per_floor":[68,68,68,68,73,73,73,73,73,73,73,73,73,73,73,73,73],"card_choices":[{"not_picked":["Halt","WindmillStrike","Wireheading"],"picked":"SKIP","floor":1},{"not_picked":["Evaluate","EmptyBody","FlyingSleeves"],"picked":"SKIP","floor":3},{"not_picked":["Vengeance","EmptyBody","CrushJoints"],"picked":"SKIP","floor":4},{"not_picked":["FollowUp","Nirvana"],"picked":"Vault","floor":7},{"not_picked":["JustLucky","BowlingBash","SashWhip"],"picked":"SKIP","floor":8},{"not_picked":["MentalFortress","Evaluate"],"picked":"Swivel","floor":14}],"player_experience":674672,"relics_obtained":[{"floor":7,"key":"Centennial Puzzle"},{"floor":9,"key":"Anchor"},{"floor":10,"key":"Orichalcum"}],"event_choices":[{"damage_healed":0,"gold_gain":0,"player_choice":"Donut","damage_taken":0,"max_hp_gain":5,"max_hp_loss":0,"event_name":"Big Fish","floor":5,"gold_loss":0},{"damage_healed":0,"gold_gain":50,"player_choice":"Pray","damage_taken":0,"max_hp_gain":0,"max_hp_loss":0,"event_name":"Golden Shrine","floor":12,"gold_loss":0}],"is_beta":false,"boss_relics":[],"items_purged_floors":[2,11],"is_endless":false,"potions_floor_spawned":[3,4,8,14],"killed_by":"Hexaghost","ascension_level":19}}