{"host":"q6rs3in4l29iepap","time":1608646689,"event":{"mods":["Aspiration","BaseMod","Colored Map","Downfall","Hermit","Hubris","Infinite Spire","Jorbs\u0027s Wanderer Trilogy","Minty Spire (QoL Compilation)","Replay The Spire","Shade Mod","StSLib","The Bug Knight","The Construct","The Cursed","The Disciple","The Hierophant","The Mystic","The Runesmith"],"gold_per_floor":[115,134,152,171,186,186,199,233,258,35,52,68,68,68,68,172,172,192,212,225,40,40,40,58,58,58,75,75,104,118,118,118,118,118],"floor_reached":33,"playtime":3423,"items_purged":[],"score":298,"play_id":"cc7ec681-10d9-4649-b8e9-b0004069efd9","local_time":"20201222061809","is_ascension_mode":false,"campfire_choices":[{"data":"Defragment","floor":6,"key":"SMITH"},{"floor":23,"key":"REST"},{"floor":28,"key":"REST"},{"floor":32,"key":"REST"}],"circlet_count":0,"master_deck":["Strike_B","Defend_B+1","Defend_B","Defend_B","Defend_B","Zap","Dualcast","Reinforced Body","Stack","Stack","Defragment+1","EmptyFist","Hello World","Redo+1","Glacier","BasicCrystalCard","FollowUp","Chaos","ForeignInfluence","ForeignInfluence","Turbo","Meteor Strike","Mirror Shield","Stack+1","Blizzard","Self Repair","Panic Button","hubris:PowerSurge","Coolheaded","Chrysalis","Conserve Battery","infinitespire:UltimateForm","Conserve Battery+1","Chaos+1","Static Discharge","FTL","hubris:PowerSurge","Panic Button+1","Tempest+1","Panic Button","Mirror Shield","Decay"],"relics":["m_BurningSludge","aspiration:Nostalgia","Replay:M_SmolderingBlood","Prayer Wheel","Simple Rune","Vajra","Replay:Frozen Program","infinitespire:Cubic Diamond","construct:WeddingRing","Pear","Anchor"],"acts_visited":["Exordium","TheCity"],"potions_floor_usage":[5,5,12,16,16,33,33],"damage_taken":[{"damage":0,"enemies":"Small Slimes","floor":1,"turns":2},{"damage":0,"enemies":"Jaw Worm","floor":2,"turns":4},{"damage":1,"enemies":"Cultist","floor":3,"turns":3},{"damage":7,"enemies":"Blue Slaver","floor":4,"turns":5},{"damage":2,"enemies":"Exordium Thugs","floor":5,"turns":5},{"damage":0,"enemies":"Looter","floor":7,"turns":3},{"damage":1,"enemies":"Replay:BlueRogue","floor":8,"turns":6},{"damage":0,"enemies":"Blue Slaver","floor":11,"turns":4},{"damage":0,"enemies":"3 Louse","floor":12,"turns":2},{"damage":7,"enemies":"Fading Forest","floor":16,"turns":11},{"damage":1,"enemies":"Shell Parasite","floor":18,"turns":4},{"damage":3,"enemies":"Chosen","floor":19,"turns":5},{"damage":45,"enemies":"Sentry and Sphere","floor":20,"turns":3},{"damage":17,"enemies":"Centurion and Healer","floor":24,"turns":8},{"damage":24,"enemies":"Snake Plant","floor":27,"turns":3},{"damage":1,"enemies":"Replay:Snechameleon","floor":29,"turns":5},{"damage":0,"enemies":"Chosen and Byrds","floor":30,"turns":5},{"damage":93,"enemies":"Pondfish","floor":33,"turns":8}],"seed_played":"2241247082089638846","potions_obtained":[{"floor":2,"key":"Fire Potion"},{"floor":4,"key":"LiquidMemories"},{"floor":7,"key":"FocusPotion"},{"floor":8,"key":"champ:CounterPotion"},{"floor":11,"key":"Adrenaline Potion"},{"floor":18,"key":"Strength Potion"},{"floor":27,"key":"Death Potion"},{"floor":29,"key":"Regen Potion"}],"is_trial":false,"path_per_floor":["M","M","M","M","M","R","M","E","T","$","M","M","?","?","R_BF","B",null,"M","M","M","$","?","R","M","?","T","M","R","E","M","?","R","B"],"character_chosen":"DEFECT","items_purchased":["Replay:Frozen Program","BasicCrystalCard","FollowUp","Chrysalis","Conserve Battery"],"campfire_rested":3,"item_purchase_floors":[10,10,10,21,21],"current_hp_per_floor":[75,75,74,67,65,65,65,64,64,64,64,64,64,64,64,57,75,74,71,33,33,16,38,28,28,38,21,46,45,52,52,77,0,0],"gold":118,"neow_bonus":"NOSTALGIA","is_daily":false,"chose_seed":false,"campfire_upgraded":1,"win_rate":0.0,"timestamp":1608646689,"path_taken":["M","M","M","M","M","R","M","E","T","$","M","M","?","?","R_BF","BOSS","M","M","M","$","?","R","M","?","T","M","R","E","?","?","R","BOSS"],"items_purchased_type":["Relic","Card","Card","Card","Card"],"build_version":"2020-12-13","purchased_purges":0,"victory":false,"max_hp_per_floor":[75,75,75,75,75,75,75,75,75,75,75,75,75,75,75,75,75,75,75,75,75,75,75,75,75,85,85,85,85,85,85,85,85,85],"card_choices":[{"not_picked":["Ball Lightning","ReplaySolidLightProjector"],"picked":"Reinforced Body","floor":1},{"not_picked":["Ball Lightning","Steam Power"],"picked":"Stack","floor":2},{"not_picked":["Heatsinks","Compile Driver"],"picked":"Stack","floor":3},{"not_picked":["Steam Power","Hologram"],"picked":"ReplayTheSpireMod:Fabricate Wheel","floor":4},{"not_picked":["Cold Snap","WreathOfFlame"],"picked":"Defragment","floor":5},{"not_picked":["Barrage","Streamline"],"picked":"EmptyFist","floor":5},{"not_picked":["Buffer","Sweeping Beam"],"picked":"Hello World","floor":7},{"not_picked":["ReplayTheSpireMod:Reroute Power","Headbutt"],"picked":"Redo","floor":7},{"not_picked":["Streamline","Doom and Gloom"],"picked":"Glacier","floor":8},{"not_picked":["FollowUp","Ball Lightning"],"picked":"Chaos","floor":11},{"not_picked":["CrushJoints","Time Bomb"],"picked":"ForeignInfluence","floor":11},{"not_picked":["CrushJoints","Crescendo"],"picked":"ForeignInfluence","floor":12},{"not_picked":["Streamline","Stack"],"picked":"Turbo","floor":12},{"not_picked":["Machine Learning","Feed"],"picked":"Mirror Shield","floor":16},{"not_picked":["ReplayTheSpireMod:GoodbyeWorld","Genetic Algorithm"],"picked":"Stack+1","floor":18},{"not_picked":["Skim","ReplayTheSpireMod:System Scan"],"picked":"Blizzard","floor":18},{"not_picked":["Turbo+1","ReplayTheSpireMod:System Scan"],"picked":"Self Repair","floor":19},{"not_picked":["Compile Driver+1","Barrage"],"picked":"Panic Button","floor":19},{"not_picked":["Auto Shields","Barrage+1"],"picked":"hubris:PowerSurge","floor":20},{"not_picked":["Conserve Battery","BasicCrystalCard"],"picked":"Coolheaded","floor":20},{"not_picked":["hubris:Fate","infinitespire:DeathsTouch"],"picked":"infinitespire:UltimateForm","floor":22},{"not_picked":["Hologram+1","Go for the Eyes"],"picked":"Conserve Battery+1","floor":24},{"not_picked":["ReplayTheSpireMod:GoodbyeWorld","Ball Lightning"],"picked":"Chaos+1","floor":24},{"not_picked":["Leap+1","Chaos"],"picked":"hubris:PowerSurge","floor":27},{"not_picked":["Storm+1","Gash+1"],"picked":"Panic Button+1","floor":27},{"not_picked":["Aggregate","Stack"],"picked":"Tempest+1","floor":29},{"not_picked":["Storm","Sweeping Beam"],"picked":"Panic Button","floor":30},{"not_picked":["Chill","Hello World+1"],"picked":"Mirror Shield","floor":30}],"player_experience":83407,"relics_obtained":[{"floor":8,"key":"Simple Rune"},{"floor":9,"key":"Vajra"},{"floor":26,"key":"Pear"},{"floor":29,"key":"Anchor"}],"event_choices":[{"damage_healed":0,"gold_gain":0,"cards_transformed":["Strike_B","Strike_B"],"player_choice":"Became Test Subject","damage_taken":0,"max_hp_gain":0,"max_hp_loss":0,"event_name":"Drug Dealer","floor":25,"gold_loss":0,"cards_obtained":["Static Discharge","FTL"]},{"damage_healed":0,"gold_gain":0,"player_choice":"Cursed","damage_taken":0,"max_hp_gain":0,"max_hp_loss":0,"event_name":"Wheel of Change","floor":31,"gold_loss":0,"cards_obtained":["Decay"]}],"is_beta":false,"boss_relics":[{"not_picked":["Cursed Key","Astrolabe"],"picked":"construct:WeddingRing"}],"items_purged_floors":[],"is_endless":false,"potions_floor_spawned":[2,4,7,8,11,18,27,29],"killed_by":"Pondfish","ascension_level":0}}