{"host":"2461dio7vetlq1z3","time":1608595263,"event":{"mods":["2.2 Compatiblity","AchievementEnabler","BaseMod","Better Third Choice","Hermit","Infinite Spire","Minty Spire (QoL Compilation)","Relic Stats","Spicy Shops","StSLib","Waifu the Spire"],"gold_per_floor":[113,127,144,156,171,171,202,202,202,234,4,4,179,179,179,308,308,332,332,332,76,24,24,93,93,164,200,200,233,251,325,325,448,448,462,476,4,0,0,39,39,77,77,77,77,112,114,114,114,245,245,252,261,264,268,270,277,277,302,302,310,331,341,309,309],"floor_reached":64,"playtime":4420,"items_purged":["hermit:Strike_Hermit","Doubt","hermit:Snapshot"],"score":1815,"play_id":"7409f42b-c0d8-4bb5-95be-ed4fce5473f1","local_time":"20201222010103","is_ascension_mode":true,"campfire_choices":[{"data":"hermit:Maintenance","floor":6,"key":"SMITH"},{"data":"hermit:TakeCover","floor":8,"key":"SMITH"},{"data":"hermit:Covet","floor":15,"key":"SMITH"},{"data":"hermit:LoneWolf","floor":23,"key":"SMITH"},{"floor":25,"key":"REST"},{"data":"hermit:HighNoon","floor":28,"key":"SMITH"},{"data":"hermit:Showdown","floor":32,"key":"SMITH"},{"floor":41,"key":"DIG"},{"floor":44,"key":"DIG"},{"floor":49,"key":"REST"},{"data":"hermit:PistolWhip","floor":58,"key":"PURGE"}],"circlet_count":1,"master_deck":["hermit:Strike_Hermit","hermit:Strike_Hermit","hermit:Strike_Hermit","hermit:Defend_Hermit","hermit:Defend_Hermit","hermit:Defend_Hermit","hermit:Defend_Hermit","hermit:Covet+1","hermit:Midnight","hermit:Midnight","hermit:Maintenance+1","hermit:TakeCover+1","hermit:FullyLoaded","hermit:NoHoldsBarred","Injury","hermit:HighNoon+1","hermit:HighCaliber+1","hermit:LoneWolf+1","hermit:Maintenance","hermit:Showdown+1","hermit:Coalescence+1","hermit:Adapt","hermit:Dissolve","hermit:LuckOfTheDraw+1","hermit:HighCaliber+1","infinitespire:Execution","infinitespire:UltimateForm","hermit:HoleUp"],"relics":["SacredBark","HornCleat","infinitespire:EmpoweringShard","Happy Flower","Du-Vu Doll","Regal Pillow","Golden Idol","Runic Pyramid","Nilry\u0027s Codex","FossilizedHelix","Peace Pipe","Meat on the Bone","Question Card","Juzu Bracelet","Molten Egg 2","Fusion Hammer","Membership Card","Shovel","Red Mask","StrikeDummy","Omamori","Incense Burner","infinitespire:Bottled Soul","Smiling Mask","infinitespire:Midas Blood","Ancient Tea Set","Calling Bell","MealTicket","Darkstone Periapt","infinitespire:Lychee Nut","Strawberry","Ornamental Fan","Circlet","Letter Opener","infinitespire:CheckeredPen","Pocketwatch","Blood Vial"],"acts_visited":["Exordium","TheCity","TheBeyond","Exordium"],"potions_floor_usage":[7,16,27,27,29,33,46,50],"damage_taken":[{"damage":1,"enemies":"Cultist","floor":1,"turns":3},{"damage":3,"enemies":"Jaw Worm","floor":2,"turns":3},{"damage":0,"enemies":"Small Slimes","floor":3,"turns":2},{"damage":3,"enemies":"Blue Slaver","floor":4,"turns":5},{"damage":8,"enemies":"Exordium Wildlife","floor":5,"turns":4},{"damage":17,"enemies":"Gremlin Nob","floor":7,"turns":3},{"damage":3,"enemies":"3 Sentries","floor":10,"turns":6},{"damage":0,"enemies":"Hexaghost","floor":16,"turns":10},{"damage":0,"enemies":"Shell Parasite","floor":18,"turns":8},{"damage":16,"enemies":"Nightmare","floor":24,"turns":10},{"damage":0,"enemies":"Book of Stabbing","floor":27,"turns":5},{"damage":23,"enemies":"Slavers","floor":29,"turns":8},{"damage":0,"enemies":"2 Thieves","floor":30,"turns":4},{"damage":0,"enemies":"Book of Stabbing","floor":31,"turns":8},{"damage":0,"enemies":"Collector","floor":33,"turns":11},{"damage":0,"enemies":"3 Shapes","floor":35,"turns":5},{"damage":50,"enemies":"3 Darklings","floor":36,"turns":4},{"damage":0,"enemies":"Nemesis","floor":40,"turns":11},{"damage":0,"enemies":"Giant Head","floor":42,"turns":8},{"damage":0,"enemies":"Reptomancer","floor":46,"turns":11},{"damage":7,"enemies":"Awakened One","floor":50,"turns":9},{"damage":0,"enemies":"2 Louse","floor":52,"turns":3},{"damage":0,"enemies":"Small Slimes","floor":53,"turns":3},{"damage":0,"enemies":"Jaw Worm","floor":54,"turns":4},{"damage":0,"enemies":"Lagavulin","floor":57,"turns":6},{"damage":0,"enemies":"Gremlin Nob","floor":59,"turns":3},{"damage":0,"enemies":"Blue Slaver","floor":61,"turns":3},{"damage":0,"enemies":"Lagavulin","floor":62,"turns":7},{"damage":0,"enemies":"Exordium Thugs","floor":63,"turns":4},{"damage":116,"enemies":"Nightmare_Alpha","floor":64,"turns":9}],"seed_played":"3840989820759031821","potions_obtained":[{"floor":3,"key":"FearPotion"},{"floor":5,"key":"infinitespire:BlackPotion"},{"floor":7,"key":"PowerPotion"},{"floor":16,"key":"SpeedPotion"},{"floor":27,"key":"Swift Potion"},{"floor":30,"key":"EssenceOfSteel"},{"floor":33,"key":"Strength Potion"},{"floor":36,"key":"Explosive Potion"},{"floor":42,"key":"SkillPotion"},{"floor":53,"key":"Swift Potion"},{"floor":61,"key":"FairyPotion"},{"floor":62,"key":"LiquidBronze"}],"is_trial":false,"path_per_floor":["M","M","M","M","M","R","E","R","T","E","$","T","?","?","R","B",null,"M","?","?","$","$","R","NM","R","T","E","R","E","M","E","R","B",null,"M","M","$","?","?","E","R","E","T","R","?","E","?","AVR","R","B",null,"M","M","M","?","?","E","R","E","T","M","E","M","NM"],"character_chosen":"HERMIT","items_purchased":["Du-Vu Doll","FossilizedHelix","hermit:LoneWolf","Membership Card","Shovel","hermit:Adapt"],"campfire_rested":2,"item_purchase_floors":[11,21,22,37,37,37],"current_hp_per_floor":[67,64,64,61,53,53,36,36,36,33,33,33,33,33,33,33,65,65,49,49,49,49,49,33,70,70,70,70,47,47,47,47,47,68,68,30,30,30,30,42,42,42,42,42,42,42,25,25,62,55,56,56,56,56,57,42,48,48,53,53,58,63,63,0,0],"gold":309,"neow_bonus":"BOSS_RELIC","is_daily":false,"chose_seed":false,"campfire_upgraded":6,"win_rate":0.0,"timestamp":1608595263,"path_taken":["M","M","?","M","M","R","E","R","T","E","$","?","?","?","R","BOSS","M","?","?","?","$","R","NM","R","T","E","R","E","M","E","R","BOSS","M","M","$","?","?","E","R","E","T","R","?","E","?","AVR","R","BOSS","M","M","M","?","?","E","R","E","T","M","E","M","NM"],"items_purchased_type":["Relic","Relic","Card","Relic","Relic","Card"],"build_version":"2020-12-13","purchased_purges":3,"victory":false,"max_hp_per_floor":[75,75,75,75,75,75,75,75,75,75,75,75,75,75,75,75,75,75,75,75,75,75,75,75,75,75,75,75,75,75,75,75,75,75,75,75,75,75,75,75,75,75,75,75,75,75,75,75,75,75,56,56,56,56,63,63,63,63,63,63,63,63,63,63,63],"relic_stats":{"Darkstone Periapt":0,"Regal Pillow":30,"Happy Flower":[51],"counters":[30,180],"Golden Idol":187,"Juzu Bracelet":1,"Letter Opener":[52],"Question Card":24,"Smiling Mask":0,"Peace Pipe":2,"Blood Vial":0,"Shovel":2,"Ornamental Fan":[12],"MealTicket":0,"obtain_stats":[{"Darkstone Periapt":51,"Regal Pillow":12,"Nilry\u0027s Codex":19,"SacredBark":0,"Juzu Bracelet":29,"Incense Burner":42,"Smiling Mask":44,"Ancient Tea Set":48,"Blood Vial":62,"HornCleat":7,"Shovel":37,"infinitespire:Bottled Soul":43,"Strawberry":55,"MealTicket":51,"Fusion Hammer":34,"Red Mask":38,"Runic Pyramid":17,"Happy Flower":10,"Golden Idol":14,"Circlet":56,"Omamori":41,"Letter Opener":57,"infinitespire:CheckeredPen":59,"Question Card":27,"Du-Vu Doll":11,"Peace Pipe":24,"Calling Bell":51,"infinitespire:Lychee Nut":51,"Ornamental Fan":55,"Molten Egg 2":31,"infinitespire:EmpoweringShard":9,"Membership Card":37,"StrikeDummy":40,"hermit:Momento":0,"FossilizedHelix":21,"Meat on the Bone":26,"infinitespire:Midas Blood":46,"Pocketwatch":60},{"Darkstone Periapt":21,"Regal Pillow":7,"Nilry\u0027s Codex":9,"SacredBark":0,"Juzu Bracelet":12,"Incense Burner":19,"Smiling Mask":19,"Ancient Tea Set":20,"Blood Vial":28,"HornCleat":6,"Shovel":17,"infinitespire:Bottled Soul":19,"Strawberry":24,"MealTicket":21,"Fusion Hammer":15,"Red Mask":17,"Runic Pyramid":8,"Happy Flower":7,"Golden Idol":7,"Circlet":24,"Omamori":18,"Letter Opener":25,"infinitespire:CheckeredPen":26,"Question Card":11,"Du-Vu Doll":7,"Peace Pipe":10,"Calling Bell":21,"infinitespire:Lychee Nut":21,"Ornamental Fan":24,"Molten Egg 2":14,"infinitespire:EmpoweringShard":6,"Membership Card":17,"StrikeDummy":18,"hermit:Momento":0,"FossilizedHelix":9,"Meat on the Bone":10,"infinitespire:Midas Blood":20,"Pocketwatch":26},{"Darkstone Periapt":138,"Regal Pillow":26,"Nilry\u0027s Codex":44,"SacredBark":0,"Juzu Bracelet":67,"Incense Burner":118,"Smiling Mask":118,"Ancient Tea Set":129,"Blood Vial":167,"HornCleat":20,"Shovel":99,"infinitespire:Bottled Soul":118,"Strawberry":148,"MealTicket":138,"Fusion Hammer":90,"Red Mask":99,"Runic Pyramid":36,"Happy Flower":26,"Golden Idol":26,"Circlet":148,"Omamori":110,"Letter Opener":154,"infinitespire:CheckeredPen":157,"Question Card":59,"Du-Vu Doll":26,"Peace Pipe":54,"Calling Bell":138,"infinitespire:Lychee Nut":138,"Ornamental Fan":148,"Molten Egg 2":79,"infinitespire:EmpoweringShard":20,"Membership Card":99,"StrikeDummy":110,"hermit:Momento":0,"FossilizedHelix":44,"Meat on the Bone":54,"infinitespire:Midas Blood":129,"Pocketwatch":157}],"Meat on the Bone":24,"Pocketwatch":[11]},"card_choices":[{"not_picked":["hermit:HighCaliber","hermit:Manifest"],"picked":"hermit:Midnight","floor":1},{"not_picked":["hermit:TrackingShot","hermit:Showdown"],"picked":"hermit:Midnight","floor":2},{"not_picked":["hermit:LuckOfTheDraw","hermit:Glare"],"picked":"hermit:Maintenance","floor":3},{"not_picked":["hermit:Quickdraw","hermit:Roulette"],"picked":"hermit:TakeCover","floor":4},{"not_picked":["hermit:Feint","hermit:CalledShot"],"picked":"hermit:PistolWhip","floor":5},{"not_picked":["hermit:WideOpen","hermit:CalledShot"],"picked":"hermit:FullyLoaded","floor":7},{"not_picked":["hermit:GhostlyPresence","hermit:HighCaliber"],"picked":"hermit:NoHoldsBarred","floor":10},{"not_picked":["hermit:FatalDesire","hermit:Adapt"],"picked":"hermit:HighNoon","floor":16},{"not_picked":["hermit:Scavenge","hermit:TrackingShot"],"picked":"hermit:HighCaliber+1","floor":18},{"not_picked":["hermit:Dissolve","hermit:Dive"],"picked":"hermit:Maintenance","floor":24},{"not_picked":["hermit:Spite","hermit:TakeAim"],"picked":"hermit:Showdown","floor":27},{"not_picked":["hermit:DeadOrAlive","hermit:Snipe+1","hermit:Roulette","hermit:Enervate"],"picked":"SKIP","floor":29},{"not_picked":["hermit:CalledShot","hermit:Roulette","hermit:Vantage","hermit:WideOpen"],"picked":"SKIP","floor":30},{"not_picked":["hermit:DeadOrAlive+1","hermit:TrackingShot+1","hermit:FlashPowder","hermit:Roulette+1"],"picked":"SKIP","floor":31},{"not_picked":["hermit:HighNoon","hermit:OverwhelmingPower","hermit:Magnum+1"],"picked":"hermit:RoundhouseKick+1","floor":33},{"not_picked":["hermit:BodyArmor","hermit:Showdown+1","hermit:SprayPray+1"],"picked":"hermit:Coalescence+1","floor":35},{"not_picked":["hermit:Shortfuse+1","hermit:Headshot+1","hermit:PistolWhip+1","hermit:Quickdraw+1"],"picked":"SKIP","floor":36},{"not_picked":["hermit:Snipe+1","hermit:FullyLoaded+1","hermit:GoldenBullet+1"],"picked":"hermit:Dissolve","floor":40},{"not_picked":["hermit:GhostlyPresence","hermit:Desperado+1","hermit:LuckOfTheDraw+1","hermit:FinalCanter+1"],"picked":"SKIP","floor":42},{"not_picked":["hermit:GhostlyPresence","hermit:Desperado+1","hermit:LuckOfTheDraw+1","hermit:FinalCanter+1"],"picked":"SKIP","floor":42},{"not_picked":["hermit:GhostlyPresence","hermit:Desperado+1","hermit:FinalCanter+1"],"picked":"hermit:LuckOfTheDraw+1","floor":42},{"not_picked":["hermit:Deadeye+1","hermit:WideOpen+1","hermit:Glare"],"picked":"hermit:HighCaliber+1","floor":46},{"not_picked":["infinitespire:FutureSight","infinitespire:SevenWalls"],"picked":"infinitespire:Execution","floor":47},{"not_picked":["hermit:Scavenge","hermit:SprayPray+1","hermit:ShadowCloak","hermit:GoldenBullet+1"],"picked":"SKIP","floor":52},{"not_picked":["hermit:SprayPray+1","hermit:Dive","hermit:Misfire+1"],"picked":"hermit:HoleUp","floor":53},{"not_picked":["hermit:LowProfile","hermit:Vantage","hermit:HighCaliber+1","hermit:WideOpen+1"],"picked":"SKIP","floor":54},{"not_picked":["hermit:Dissolve","hermit:Feint","hermit:BlackWind+1","hermit:PistolWhip+1"],"picked":"SKIP","floor":57},{"not_picked":["hermit:Roulette+1","hermit:LoneWolf","hermit:TrackingShot+1","hermit:RoundhouseKick+1"],"picked":"SKIP","floor":59},{"not_picked":["hermit:Roulette+1","hermit:LoneWolf","hermit:TrackingShot+1","hermit:RoundhouseKick+1"],"picked":"SKIP","floor":59},{"not_picked":["hermit:FullyLoaded","hermit:Headshot+1","hermit:Feint","hermit:Glare"],"picked":"SKIP","floor":61},{"not_picked":["hermit:HighCaliber+1","hermit:EyeOfTheStorm","hermit:Feint","hermit:Quickdraw+1"],"picked":"SKIP","floor":62},{"not_picked":["hermit:Midnight","hermit:Cheat","hermit:TrackingShot+1","hermit:WideOpen+1"],"picked":"SKIP","floor":63}],"player_experience":819078,"relics_obtained":[{"floor":7,"key":"HornCleat"},{"floor":9,"key":"infinitespire:EmpoweringShard"},{"floor":10,"key":"Happy Flower"},{"floor":12,"key":"Regal Pillow"},{"floor":19,"key":"Nilry\u0027s Codex"},{"floor":24,"key":"Peace Pipe"},{"floor":26,"key":"Meat on the Bone"},{"floor":27,"key":"Question Card"},{"floor":29,"key":"Juzu Bracelet"},{"floor":31,"key":"Molten Egg 2"},{"floor":40,"key":"StrikeDummy"},{"floor":41,"key":"Omamori"},{"floor":42,"key":"Incense Burner"},{"floor":43,"key":"infinitespire:Bottled Soul"},{"floor":44,"key":"Smiling Mask"},{"floor":46,"key":"infinitespire:Midas Blood"},{"floor":51,"key":"MealTicket"},{"floor":51,"key":"Darkstone Periapt"},{"floor":51,"key":"infinitespire:Lychee Nut"},{"floor":57,"key":"Letter Opener"},{"floor":59,"key":"infinitespire:CheckeredPen"},{"floor":60,"key":"Pocketwatch"},{"floor":62,"key":"Blood Vial"}],"event_choices":[{"damage_healed":0,"gold_gain":175,"player_choice":"AGREE","damage_taken":4,"max_hp_gain":0,"max_hp_loss":0,"event_name":"betterThird:BetterSerpent","floor":13,"gold_loss":0},{"damage_healed":0,"gold_gain":0,"player_choice":"Take Wound","damage_taken":0,"relics_obtained":["Golden Idol"],"max_hp_gain":0,"max_hp_loss":0,"event_name":"Golden Idol","floor":14,"gold_loss":0,"cards_obtained":["Injury"]},{"damage_healed":0,"gold_gain":0,"player_choice":"Obtained Book","damage_taken":16,"max_hp_gain":0,"max_hp_loss":0,"event_name":"Cursed Tome","floor":19,"gold_loss":0},{"damage_healed":0,"gold_gain":0,"player_choice":"Ignored","damage_taken":0,"max_hp_gain":0,"max_hp_loss":0,"event_name":"Vampires","floor":20,"gold_loss":0},{"damage_healed":0,"gold_gain":0,"player_choice":"Paid","damage_taken":0,"relics_obtained":["Red Mask"],"max_hp_gain":0,"max_hp_loss":0,"event_name":"Tomb of Lord Red Mask","floor":38,"gold_loss":4},{"cards_removed":["hermit:RoundhouseKick"],"damage_healed":0,"gold_gain":0,"player_choice":"Removed Attack","damage_taken":0,"max_hp_gain":0,"max_hp_loss":0,"event_name":"Falling","floor":39,"gold_loss":0},{"damage_healed":0,"gold_gain":0,"player_choice":"Bought 0 Potions","damage_taken":0,"max_hp_gain":0,"max_hp_loss":0,"event_name":"The Woman in Blue","floor":45,"gold_loss":0},{"damage_healed":0,"gold_gain":1,"player_choice":"Relic Relic ","damage_taken":6,"max_hp_gain":0,"max_hp_loss":0,"event_name":"betterThird:BetterScrap","floor":55,"gold_loss":0,"cards_obtained":["Uppercut"]},{"damage_healed":0,"gold_gain":0,"player_choice":"Take Damage","damage_taken":15,"relics_obtained":["Circlet"],"max_hp_gain":0,"max_hp_loss":0,"event_name":"Golden Idol","floor":56,"gold_loss":0}],"is_beta":false,"boss_relics":[{"not_picked":["Tiny House","Coffee Dripper"],"picked":"Runic Pyramid"},{"not_picked":["SlaversCollar","Astrolabe"],"picked":"Fusion Hammer"},{"not_picked":["Philosopher\u0027s Stone","Cursed Key"],"picked":"Calling Bell"}],"items_purged_floors":[11,21,37],"is_endless":true,"potions_floor_spawned":[3,5,7,16,27,30,33,36,42,53,61,62,63],"killed_by":"Nightmare_Alpha","ascension_level":8}}