{"host":"dsxpg2dh2uupq0t9","time":1608639849,"event":{"mods":["Act Like it!","Aspiration","BaseMod","Better Note","Better Skull","BetterRewards","Colored Powertips","DeckTracker","Halation","Hallownest","Hubris","Minty Spire (QoL Compilation)","Replay The Spire","Shop Mod","Spicy Shops","StSLib"],"gold_per_floor":[115,115,115,115,131,149,149,149,184,195,219,235,235,252,7,7,7,110,110,120,60,60,60,60,60,77,77,77,77,88,103,116,151,151,253,253,272,272,292,50,50,82,82,101,148,148,164,179,212,49,49,49,49],"floor_reached":52,"playtime":3122,"items_purged":[],"score":585,"play_id":"5c4f8b2e-0fbe-45f9-857f-98cac6e7901d","local_time":"20201222072409","is_ascension_mode":true,"campfire_choices":[{"floor":8,"key":"REST"},{"floor":17,"key":"REST"},{"data":"Zap","floor":25,"key":"SMITH"},{"floor":27,"key":"REST"},{"data":"Ball Lightning","floor":29,"key":"SMITH"},{"floor":34,"key":"REST"},{"floor":43,"key":"REST"},{"data":"ReplayTheSpireMod:Omega Cannon","floor":46,"key":"SMITH"},{"floor":51,"key":"REST"}],"circlet_count":0,"master_deck":["Strike_B","Strike_B","Strike_B","Strike_B+1","Defend_B","Defend_B","Defend_B","Zap+1","Dualcast","Ball Lightning+1","Gash","Go for the Eyes","Self Repair","Beam Cell","FIFO Queue","Conserve Battery","Reboot","Leap+1","Zap+1","Beam Cell","Sweeping Beam","Go for the Eyes+1","Redo","ReplayTheSpireMod:Omega Cannon+1","Turbo+1","Rebound+1","Swift Strike","Rebound+1","aspiration:Polymerization","Go for the Eyes","Static Discharge+1","Steam+1","Apotheosis"],"relics":["Cracked Core","Art of War","Pet Ghost","Replay:WaspNest","hubris:HollowSoul","halation:PinkSoulGem","hubris:MedicalManual","aspiration:Stabinomicon","aspiration:PoetsPen_weak","Ring of Chaos","Replay:Baseball","hubris:DeckOfHolding","Oddly Smooth Stone","Pantograph"],"acts_visited":["Exordium","TheCity","TheBeyond"],"potions_floor_usage":[18,30,32,33,33,35,48,52,52,52],"damage_taken":[{"damage":12,"enemies":"Small Slimes","floor":1,"turns":4},{"damage":0,"enemies":"2 Louse","floor":5,"turns":2},{"damage":6,"enemies":"Jaw Worm","floor":6,"turns":2},{"damage":24,"enemies":"Replay:BlueRogue","floor":9,"turns":3},{"damage":4,"enemies":"Exordium Wildlife","floor":10,"turns":3},{"damage":1,"enemies":"Large Slime","floor":12,"turns":3},{"damage":3,"enemies":"Red Slaver","floor":14,"turns":3},{"damage":14,"enemies":"Fading Forest","floor":18,"turns":11},{"damage":15,"enemies":"Spheric Guardian","floor":20,"turns":4},{"damage":21,"enemies":"Shell Parasite","floor":26,"turns":4},{"damage":19,"enemies":"Snake Plant","floor":30,"turns":4},{"damage":29,"enemies":"Snecko","floor":31,"turns":6},{"damage":0,"enemies":"3 Cultists","floor":32,"turns":2},{"damage":23,"enemies":"Book of Stabbing","floor":33,"turns":3},{"damage":30,"enemies":"hubris:MusketHawk","floor":35,"turns":6},{"damage":0,"enemies":"3 Darklings","floor":37,"turns":1},{"damage":32,"enemies":"3 Shapes","floor":39,"turns":2},{"damage":0,"enemies":"Reptomancer","floor":42,"turns":1},{"damage":0,"enemies":"3 Darklings","floor":44,"turns":1},{"damage":20,"enemies":"Sphere and 2 Shapes","floor":47,"turns":2},{"damage":0,"enemies":"Spire Growth","floor":48,"turns":3},{"damage":27,"enemies":"Nemesis","floor":49,"turns":3},{"damage":21,"enemies":"Awakened One","floor":52,"turns":2}],"seed_played":"77923300317560714","potions_obtained":[{"floor":1,"key":"Strength Potion"},{"floor":5,"key":"PowerPotion"},{"floor":9,"key":"Block Potion"},{"floor":18,"key":"Strength Potion"},{"floor":31,"key":"Strength Potion"},{"floor":32,"key":"ColorlessPotion"},{"floor":39,"key":"PowerPotion"},{"floor":44,"key":"AttackPotion"},{"floor":47,"key":"FocusPotion"},{"floor":48,"key":"SkillPotion"}],"is_trial":false,"path_per_floor":["M","?","PTL","PTL","M","M","?","R","E","M","T","M","R","M","$","?","R","B",null,"M","?","?","$","?","R","M","R","T","R","M","M","M","E","R","B",null,"M","?","M","$","?","E","R","M","T","R","M","M","E","$","R","B"],"character_chosen":"DEFECT","items_purchased":["Replay:WaspNest","Replay:Baseball","Swift Strike","Apotheosis"],"campfire_rested":6,"item_purchase_floors":[15,40,40,50],"current_hp_per_floor":[63,71,71,71,71,65,65,75,51,54,54,60,60,64,64,64,75,68,75,67,67,67,67,67,67,53,75,75,75,63,41,41,25,47,24,75,75,75,43,43,43,43,65,65,65,65,45,52,32,32,54,0,0],"gold":49,"neow_bonus":"REMOVE_CARD","is_daily":false,"chose_seed":false,"campfire_upgraded":3,"win_rate":0.0,"timestamp":1608639849,"path_taken":["M","?","PTL","PTL","M","M","?","R","E","M","T","M","R","M","$","?","R","BOSS","M","?","?","$","?","R","M","R","T","R","?","M","M","E","R","BOSS","M","?","M","$","?","E","R","M","T","R","M","?","E","$","R","BOSS"],"items_purchased_type":["Relic","Relic","Card","Card"],"build_version":"2020-12-13","purchased_purges":0,"victory":false,"max_hp_per_floor":[75,75,75,75,75,75,75,75,75,75,75,75,75,75,75,75,75,75,75,75,75,75,75,75,75,75,75,75,75,75,75,75,75,75,75,75,75,75,75,75,75,75,75,75,75,75,75,75,75,75,75,75,75],"card_choices":[{"not_picked":["aspiration:Polymerization","Aggregate"],"picked":"Ball Lightning","floor":1},{"not_picked":["Panic Button","FTL"],"picked":"Gash","floor":5},{"not_picked":["Defragment","Panic Button"],"picked":"Go for the Eyes","floor":6},{"not_picked":["Sunder","FIFO Queue"],"picked":"Self Repair","floor":9},{"not_picked":["Tempest","Force Field"],"picked":"Beam Cell","floor":10},{"not_picked":["Fusion","White Noise"],"picked":"FIFO Queue","floor":12},{"not_picked":["Reinforced Body","Panic Button"],"picked":"Conserve Battery","floor":14},{"not_picked":["Buffer","hubris:DoWhile"],"picked":"Reboot","floor":18},{"not_picked":["Streamline","Consume+1"],"picked":"Leap+1","floor":20},{"not_picked":["Cold Snap","hubris:PowerSurge"],"picked":"Sweeping Beam","floor":26},{"not_picked":["Sweeping Beam","Undo","Reinforced Body+1"],"picked":"SKIP","floor":30},{"not_picked":["Compile Driver","Coolheaded"],"picked":"Go for the Eyes+1","floor":31},{"not_picked":["Panic Button","Barrage"],"picked":"Redo","floor":32},{"not_picked":["Leap","FIFO Queue","Hologram"],"picked":"SKIP","floor":33},{"not_picked":["Rainbow","Fission"],"picked":"ReplayTheSpireMod:Omega Cannon","floor":35},{"not_picked":["Leap+1","Compile Driver+1"],"picked":"Turbo+1","floor":37},{"not_picked":["Turbo+1","Gash"],"picked":"Rebound+1","floor":39},{"not_picked":["Panic Button+1","Blizzard+1","Barrage"],"picked":"SKIP","floor":42},{"not_picked":["Leap","Storm"],"picked":"aspiration:Polymerization","floor":44},{"not_picked":["Sweeping Beam+1","Thunder Strike"],"picked":"Go for the Eyes","floor":47},{"not_picked":["Steam Power","Compile Driver"],"picked":"Static Discharge+1","floor":48},{"not_picked":["Leap+1","Conserve Battery"],"picked":"Steam+1","floor":49}],"player_experience":622321,"relics_obtained":[{"floor":9,"key":"Art of War"},{"floor":11,"key":"Pet Ghost"},{"floor":28,"key":"hubris:MedicalManual"},{"floor":33,"key":"aspiration:Stabinomicon"},{"floor":38,"key":"Ring of Chaos"},{"floor":42,"key":"hubris:DeckOfHolding"},{"floor":45,"key":"Oddly Smooth Stone"},{"floor":49,"key":"Pantograph"}],"event_choices":[{"damage_healed":0,"gold_gain":0,"player_choice":"2 cards matched","damage_taken":0,"max_hp_gain":0,"max_hp_loss":0,"event_name":"Match and Keep!","floor":24,"gold_loss":0,"cards_obtained":["Zap","Beam Cell"]},{"damage_healed":0,"gold_gain":0,"player_choice":"Copied","damage_taken":0,"max_hp_gain":0,"max_hp_loss":0,"event_name":"Duplicator","floor":41,"gold_loss":0,"cards_obtained":["Rebound"]}],"is_beta":false,"boss_relics":[{"not_picked":["halation:ForbiddenBikini","Painkiller Herb"],"picked":"hubris:HollowSoul"},{"not_picked":["Replay:Wanted Poster","Abe\u0027s Treasure"],"picked":"aspiration:PoetsPen_weak"}],"items_purged_floors":[],"is_endless":false,"potions_floor_spawned":[1,5,9,18,31,32,39,44,47,48],"killed_by":"Awakened One","ascension_level":1}}