{"host":"63o2iqaaus9jfjk5","time":1608618270,"event":{"mods":["AchievementEnabler","BaseMod","Bestiary","Better Altar","Better Match","Better Note","Better Sensory Stone","Better Skull","Better Third Choice","Better Vampires","Better-Laid Plans","BetterRewards","Block Reminder","Colored Powertips","Displayed Cursed Tome","GifTheSpireLib","Lobotomy","Minty Spire (QoL Compilation)","RNG Fix","Random Character Button","Red Circlet Mod","Relic Stats","StSLib","Unceasing Turn Reminder"],"gold_per_floor":[113,113,123,123,123,123,123,123,150,166,189,189,189,209,209,209,209],"floor_reached":16,"playtime":940,"items_purged":[],"score":90,"play_id":"4f3a59ab-630d-4664-bd8f-d5614570c285","local_time":"20201222002430","is_ascension_mode":false,"campfire_choices":[{"data":"Eruption","floor":6,"key":"SMITH"},{"data":"EmptyFist","floor":8,"key":"SMITH"},{"floor":15,"key":"REST"}],"circlet_count":0,"master_deck":["Strike_P","Strike_P","Strike_P","Strike_P","Defend_P","Defend_P","Defend_P","Defend_P","Eruption+1","Vigilance","FairyFestival","Wallop","EmptyFist+1","Bloodbath","Halt","Freischutz","BowlingBash","WallGazer","Vengeance"],"relics":["PureWater","CogitoBucket","CultistMask","Golden Idol","Juzu Bracelet","Gremlin Horn"],"acts_visited":["Exordium"],"potions_floor_usage":[16,16],"damage_taken":[{"damage":0,"enemies":"2 Louse","floor":1,"turns":2},{"damage":4,"enemies":"Jaw Worm","floor":3,"turns":5},{"damage":35,"enemies":"Small Slimes","floor":10,"turns":4},{"damage":28,"enemies":"2 Fungi Beasts","floor":11,"turns":6},{"damage":0,"enemies":"Large Slime","floor":14,"turns":4},{"damage":63,"enemies":"Hexaghost","floor":16,"turns":8}],"seed_played":"-3653192712301378125","potions_obtained":[{"floor":3,"key":"AttackPotion"},{"floor":11,"key":"Explosive Potion"}],"is_trial":false,"path_per_floor":["M","?","M","?","?","R","?","R","T","M","M","T","?","M","R","B"],"character_chosen":"WATCHER","items_purchased":[],"campfire_rested":1,"item_purchase_floors":[],"current_hp_per_floor":[72,72,72,77,77,77,70,70,70,38,16,16,21,23,46,0,0],"gold":209,"neow_bonus":"","is_daily":false,"chose_seed":false,"campfire_upgraded":2,"win_rate":0.0,"timestamp":1608618270,"path_taken":["M","?","M","?","?","R","?","R","T","M","M","?","?","M","R","BOSS"],"items_purchased_type":[],"build_version":"2020-12-13","purchased_purges":0,"victory":false,"max_hp_per_floor":[72,72,72,77,77,77,77,77,77,77,77,77,77,77,77,77,77],"relic_stats":{"Gremlin Horn":[1,1],"counters":[6,29],"Golden Idol":12,"Juzu Bracelet":0,"obtain_stats":[{"CogitoBucket":0,"Gremlin Horn":12,"Golden Idol":5,"CultistMask":2,"Juzu Bracelet":9,"PureWater":0},{"CogitoBucket":0,"Gremlin Horn":4,"Golden Idol":2,"CultistMask":1,"Juzu Bracelet":2,"PureWater":0},{"CogitoBucket":0,"Gremlin Horn":17,"Golden Idol":7,"CultistMask":2,"Juzu Bracelet":7,"PureWater":0}]},"card_choices":[{"not_picked":["LittlePrince","Wellcheers"],"picked":"FairyFestival","floor":1},{"not_picked":["FlurryOfBlows","Swivel"],"picked":"Wallop","floor":1},{"not_picked":["Porccubus","SpiderBud"],"picked":"ShyLook","floor":3},{"not_picked":["Protect","Perseverance"],"picked":"EmptyFist","floor":3},{"not_picked":["CrumblingArmor","Murderer"],"picked":"Bloodbath","floor":10},{"not_picked":["Sanctity","WaveOfTheHand"],"picked":"Halt","floor":10},{"not_picked":["Murderer","MHz"],"picked":"Freischutz","floor":11},{"not_picked":["Protect","Indignation"],"picked":"BowlingBash","floor":11},{"not_picked":["Scorched","PunishingBird"],"picked":"WallGazer","floor":14},{"not_picked":["Ragnarok","BowlingBash"],"picked":"Vengeance","floor":14}],"player_experience":95880,"relics_obtained":[{"floor":9,"key":"Juzu Bracelet"},{"floor":12,"key":"Gremlin Horn"}],"event_choices":[{"damage_healed":0,"gold_gain":0,"player_choice":"Trade","damage_taken":0,"relics_obtained":["CultistMask"],"max_hp_gain":0,"max_hp_loss":0,"event_name":"FaceTrader","floor":2,"gold_loss":0},{"damage_healed":0,"gold_gain":0,"player_choice":"Donut","damage_taken":0,"max_hp_gain":5,"max_hp_loss":0,"event_name":"Big Fish","floor":4,"gold_loss":0},{"damage_healed":0,"gold_gain":0,"player_choice":"Take Wound","damage_taken":0,"relics_obtained":["Golden Idol"],"max_hp_gain":0,"max_hp_loss":0,"event_name":"Golden Idol","floor":5,"gold_loss":0,"cards_obtained":["Injury"]},{"cards_removed":["Injury"],"damage_healed":0,"gold_gain":0,"player_choice":"Card Removal","damage_taken":7,"max_hp_gain":0,"max_hp_loss":0,"event_name":"Golden Wing","floor":7,"gold_loss":0},{"cards_removed":["ShyLook"],"damage_healed":5,"gold_gain":0,"player_choice":"Offered Special","damage_taken":0,"max_hp_gain":0,"max_hp_loss":0,"event_name":"Bonfire Elementals","floor":13,"gold_loss":0}],"is_beta":false,"boss_relics":[],"items_purged_floors":[],"is_endless":false,"potions_floor_spawned":[3,11],"killed_by":"Hexaghost","ascension_level":0}}