{"host":"y8hg8nbtd8qkv7tj","time":1608605801,"event":{"mods":["AchievementEnabler","Aspiration","BaseMod","BetterRewards","CapriCore","Colored Map","Downfall","Friendly Minions","GifTheSpireLib","GungeonMod","Hubris","Lobotomy","LobotomyExtend","Minty Spire (QoL Compilation)","Replay The Spire","StSLib","The Animator","The Bladedancer"],"gold_per_floor":[119,138,150,150,6,6,8,8,8,14,14],"floor_reached":10,"playtime":601,"items_purged":[],"score":62,"play_id":"80834c7f-35ca-4bca-b90f-faf1cdbe4e25","local_time":"20201221215641","daily_mods":["Vintage","Time Dilation","Flight","DeadlyEvents","Elite Swarm"],"is_ascension_mode":true,"campfire_choices":[{"floor":6,"key":"REST"}],"circlet_count":0,"master_deck":["Demon Form","Wraith Form v2","Echo Form","DevaForm","hexamod:ParanormalForm","sneckomod:SerpentMind","Guardian:ConstructionForm","Slimebound:DuplicatedForm+1","DemoMod:GunslingerForm","SpecialBullet","SpecialBullet","SpecialBullet","SpecialBullet","SpecialBullet","SpecialBullet","SpecialBullet","SpecialBullet","SecurityCode","TrainingCode","ControlCode","QueenOfHatred","OSAHOGD","InformationCode"],"relics":["CogitoBucket","LetterFromLob","Question Card","Frozen Egg 2","DemoMod:GlassGuonStoneRelic","Bag of Preparation","aspiration:ChemicalBlood","Replay:Bandana","DemoMod:ChaffGrenade"],"acts_visited":["Exordium"],"potions_floor_usage":[],"damage_taken":[{"damage":8,"enemies":"Small Slimes","floor":1,"turns":3},{"damage":31,"enemies":"Jaw Worm","floor":2,"turns":4},{"damage":23,"enemies":"2 Louse","floor":3,"turns":4},{"damage":15,"enemies":"Gremlin Nob","floor":10,"turns":3}],"seed_played":"-6129987336692985650","potions_obtained":[],"is_trial":true,"path_per_floor":["M","M","M","?","$","R","M","$","T","E"],"character_chosen":"Angela","items_purchased":["Replay:Bandana"],"campfire_rested":1,"item_purchase_floors":[5],"current_hp_per_floor":[70,47,38,35,35,56,1,1,1,0,0],"gold":14,"neow_bonus":"","is_daily":false,"chose_seed":false,"campfire_upgraded":0,"win_rate":0.0,"timestamp":1608605801,"path_taken":["M","M","M","?","$","R","M","$","T","E"],"items_purchased_type":["Relic"],"build_version":"2020-12-13","purchased_purges":0,"victory":false,"max_hp_per_floor":[70,70,70,70,70,70,1,1,1,1,1],"card_choices":[{"not_picked":["BlackSwan","CherryBlossoms"],"picked":"QueenOfHatred","floor":2},{"not_picked":["WallGazer","Murderer"],"picked":"OSAHOGD","floor":3}],"player_experience":77373,"relics_obtained":[{"floor":1,"key":"LetterFromLob"},{"floor":1,"key":"Question Card"},{"floor":2,"key":"Frozen Egg 2"},{"floor":3,"key":"Bag of Preparation"},{"floor":9,"key":"DemoMod:ChaffGrenade"}],"event_choices":[{"damage_healed":0,"gold_gain":0,"player_choice":"Success","damage_taken":3,"relics_obtained":["aspiration:ChemicalBlood"],"max_hp_gain":0,"max_hp_loss":0,"event_name":"Scrap Ooze","floor":4,"gold_loss":0}],"is_beta":false,"boss_relics":[],"items_purged_floors":[],"is_endless":false,"potions_floor_spawned":[],"killed_by":"Gremlin Nob","ascension_level":2}}