{"host":"baymyijz6sxaqj5s","time":1608629638,"event":{"mods":["AchievementEnabler","BaseMod","Colored Map","Colored Powertips","DeckTracker","KOR Keyword Fix","Keyboard Shortcuts","Minty Spire (QoL Compilation)","Quick Restart","StSLib","SuperFastMode"],"gold_per_floor":[117,137,149,169,188,188,206,206,230,246,246,246,257,257,257,353,403,423,32,42,62,62,62,80,80,132,132,144,169,191,203,215,227,227],"floor_reached":33,"playtime":964,"items_purged":[],"score":243,"play_id":"433965ee-c838-44b3-ac16-6e9726badf4b","local_time":"20201222183358","is_ascension_mode":false,"campfire_choices":[{"data":"Power Through","floor":6,"key":"SMITH"},{"data":"Shrug It Off","floor":8,"key":"SMITH"},{"data":"Body Slam","floor":12,"key":"SMITH"},{"data":"Heavy Blade","floor":15,"key":"SMITH"},{"floor":23,"key":"REST"},{"floor":25,"key":"REST"},{"data":"Body Slam","floor":28,"key":"SMITH"},{"data":"Limit Break","floor":32,"key":"SMITH"}],"circlet_count":0,"master_deck":["Strike_R","Strike_R+1","Strike_R","Strike_R","Defend_R","Defend_R","Defend_R","Defend_R","Bash","Shrug It Off+1","Heavy Blade+1","Power Through+1","Thunderclap","Battle Trance","Body Slam+1","Inflame","Impervious","Body Slam+1","Cleave","Limit Break+1"],"relics":["Burning Blood","Omamori","Matryoshka","Tiny House","Bottled Lightning","Juzu Bracelet","Bronze Scales","MawBank"],"acts_visited":["Exordium","TheCity"],"potions_floor_usage":[16,16,16,20,21,21,30,33],"damage_taken":[{"damage":2,"enemies":"Small Slimes","floor":1,"turns":4},{"damage":2,"enemies":"Jaw Worm","floor":2,"turns":4},{"damage":8,"enemies":"Cultist","floor":3,"turns":5},{"damage":26,"enemies":"Exordium Thugs","floor":4,"turns":6},{"damage":0,"enemies":"Red Slaver","floor":5,"turns":4},{"damage":4,"enemies":"Blue Slaver","floor":7,"turns":5},{"damage":14,"enemies":"Gremlin Gang","floor":10,"turns":7},{"damage":0,"enemies":"Exordium Wildlife","floor":13,"turns":4},{"damage":12,"enemies":"Slime Boss","floor":16,"turns":8},{"damage":0,"enemies":"Chosen","floor":18,"turns":4},{"damage":5,"enemies":"Shell Parasite","floor":20,"turns":4},{"damage":37,"enemies":"Centurion and Healer","floor":21,"turns":5},{"damage":38,"enemies":"Sentry and Sphere","floor":24,"turns":9},{"damage":11,"enemies":"Snake Plant","floor":29,"turns":2},{"damage":12,"enemies":"Centurion and Healer","floor":30,"turns":5},{"damage":87,"enemies":"Champ","floor":33,"turns":11}],"seed_played":"1204586235845626934","potions_obtained":[{"floor":3,"key":"ElixirPotion"},{"floor":4,"key":"Strength Potion"},{"floor":7,"key":"Block Potion"},{"floor":13,"key":"SkillPotion"},{"floor":16,"key":"SpeedPotion"},{"floor":17,"key":"Strength Potion"},{"floor":18,"key":"AttackPotion"},{"floor":24,"key":"Block Potion"},{"floor":30,"key":"FearPotion"}],"is_trial":false,"path_per_floor":["M","M","M","M","M","R","M","R","T","M","?","R","M","?","R","B",null,"M","$","M","M","?","R","M","R","T","?","R","M","M","?","R","B"],"character_chosen":"IRONCLAD","items_purchased":["Limit Break","Bottled Lightning"],"campfire_rested":2,"item_purchase_floors":[19,19],"current_hp_per_floor":[88,88,86,66,72,72,74,74,74,66,66,66,72,72,72,66,93,93,93,93,62,62,89,57,84,84,84,84,79,73,73,73,0,0],"gold":227,"neow_bonus":"TEN_PERCENT_HP_BONUS","is_daily":false,"chose_seed":false,"campfire_upgraded":6,"win_rate":0.0,"timestamp":1608629638,"path_taken":["M","M","M","M","M","R","M","R","T","M","?","R","M","?","R","BOSS","M","$","?","M","?","R","M","R","T","?","R","M","M","?","R","BOSS"],"items_purchased_type":["Card","Relic"],"build_version":"2020-12-13","purchased_purges":0,"victory":false,"max_hp_per_floor":[88,88,88,88,88,88,88,88,88,88,88,88,88,88,88,88,93,93,93,93,93,93,93,93,93,93,93,93,93,93,93,93,93,93],"card_choices":[{"not_picked":["Sword Boomerang","Clash"],"picked":"Shrug It Off","floor":1},{"not_picked":["True Grit","Wild Strike","Dark Embrace"],"picked":"SKIP","floor":2},{"not_picked":["Clash","Shrug It Off"],"picked":"Heavy Blade","floor":3},{"not_picked":["Dual Wield","Disarm"],"picked":"Power Through","floor":4},{"not_picked":["Twin Strike","Anger"],"picked":"Thunderclap","floor":5},{"not_picked":["Intimidate","Sword Boomerang"],"picked":"Battle Trance","floor":7},{"not_picked":["Cleave","Twin Strike"],"picked":"Body Slam","floor":10},{"not_picked":["Flex","Headbutt"],"picked":"Inflame","floor":13},{"not_picked":["Brutality","Immolate"],"picked":"Impervious","floor":16},{"not_picked":["Thunderclap","Dark Embrace"],"picked":"Body Slam","floor":17},{"not_picked":["Dropkick","Pummel"],"picked":"Cleave","floor":18},{"not_picked":["Whirlwind","Havoc","Warcry"],"picked":"SKIP","floor":20},{"not_picked":["Clash","Heavy Blade+1","Disarm+1"],"picked":"SKIP","floor":21},{"not_picked":["Sword Boomerang","Disarm+1","Clothesline"],"picked":"SKIP","floor":24},{"not_picked":["True Grit+1","Battle Trance","Blood for Blood+1"],"picked":"SKIP","floor":29},{"not_picked":["Clothesline","Cleave","Flex"],"picked":"SKIP","floor":30}],"player_experience":182048,"relics_obtained":[{"floor":9,"key":"Omamori"},{"floor":26,"key":"Juzu Bracelet"},{"floor":26,"key":"Bronze Scales"}],"event_choices":[{"damage_healed":0,"gold_gain":0,"player_choice":"Searched \u00271\u0027 times","damage_taken":0,"relics_obtained":["Matryoshka"],"max_hp_gain":0,"max_hp_loss":0,"event_name":"Dead Adventurer","floor":11,"gold_loss":0},{"cards_removed":["Strike_R"],"damage_healed":0,"gold_gain":0,"player_choice":"Offered Basic","damage_taken":0,"max_hp_gain":0,"max_hp_loss":0,"event_name":"Bonfire Elementals","floor":14,"gold_loss":0},{"damage_healed":0,"gold_gain":0,"player_choice":"Ignored","damage_taken":0,"max_hp_gain":0,"max_hp_loss":0,"event_name":"Duplicator","floor":22,"gold_loss":0},{"damage_healed":0,"gold_gain":0,"player_choice":"Opened","damage_taken":0,"relics_obtained":["MawBank"],"max_hp_gain":0,"max_hp_loss":0,"event_name":"The Mausoleum","floor":27,"gold_loss":0,"cards_obtained":["Writhe"]},{"damage_healed":0,"gold_gain":0,"player_choice":"Ignored","damage_taken":0,"max_hp_gain":0,"max_hp_loss":0,"event_name":"NoteForYourself","floor":31,"gold_loss":0}],"is_beta":false,"boss_relics":[{"not_picked":["Fusion Hammer","Astrolabe"],"picked":"Tiny House"}],"items_purged_floors":[],"is_endless":false,"potions_floor_spawned":[3,4,7,13,16,18,24,30],"killed_by":"Champ","ascension_level":0}}