{"host":"Godlander","time":1608680112,"event":{"mods":["BaseMod","Bestiary","BetterRewards","Card Forge","Colored Powertips","Conspire","Custom Start","Googly Eyes","Halation","Hubris","Infinite Spire","Mimic Mod","Minty Spire (QoL Compilation)","Replay The Spire","Shop Mod","StSLib","SuperFastMode","The Jungle","UnlockEverythingMod","[JumpMod]????"],"gold_per_floor":[111,111,124,124,141,141,141],"floor_reached":6,"playtime":638,"items_purged":[],"score":36,"play_id":"0d737202-dcbc-44bf-bb6b-0c13abc2fdad","local_time":"20201222153512","is_ascension_mode":false,"campfire_choices":[],"circlet_count":0,"master_deck":["hubris:Wrath","infinitespire:NeuralNetwork","Master of Strategy","Calculated Gamble","infinitespire:Execution"],"relics":["Burning Blood","Hammer of Thor","Seething Fire","Anvil of the Gods","HowToJump","NeowsBlessing"],"acts_visited":["Exordium"],"potions_floor_usage":[],"damage_taken":[{"damage":0,"enemies":"Small Slimes","floor":1,"turns":1},{"damage":0,"enemies":"Cultist","floor":3,"turns":1},{"damage":0,"enemies":"2 Louse","floor":5,"turns":1},{"damage":81,"enemies":"3 Sentries","floor":6,"turns":7}],"seed_played":"4344774565087216254","potions_obtained":[{"floor":3,"key":"EssenceOfSteel"},{"floor":4,"key":"FearPotion"},{"floor":4,"key":"CultistPotion"}],"is_trial":false,"path_per_floor":["M","?","M","?","M","E"],"character_chosen":"IRONCLAD","items_purchased":[],"campfire_rested":0,"item_purchase_floors":[],"current_hp_per_floor":[80,80,80,80,80,0,0],"gold":141,"neow_bonus":"THREE_ENEMY_KILL","is_daily":false,"chose_seed":false,"campfire_upgraded":0,"win_rate":0.0,"timestamp":1608680112,"path_taken":["M","?","?","?","M","E"],"items_purchased_type":[],"build_version":"2020-12-18","purchased_purges":0,"victory":false,"max_hp_per_floor":[80,80,80,80,80,80,80],"card_choices":[{"not_picked":["Warcry","Twin Strike","Headbutt"],"picked":"SKIP","floor":1},{"not_picked":["ReplayTheSpireMod:Limb From Limb","Anger"],"picked":"Clothesline","floor":3},{"not_picked":["Headbutt","Shrug It Off","Life Link"],"picked":"SKIP","floor":5}],"player_experience":537236,"relics_obtained":[],"event_choices":[{"damage_healed":0,"gold_gain":0,"player_choice":"Bought 0 Potions","damage_taken":0,"max_hp_gain":0,"max_hp_loss":0,"event_name":"The Woman in Blue","floor":2,"gold_loss":0},{"damage_healed":0,"gold_gain":0,"player_choice":"Got Potions","damage_taken":0,"max_hp_gain":0,"max_hp_loss":0,"event_name":"Lab","floor":4,"gold_loss":0}],"is_beta":true,"boss_relics":[],"items_purged_floors":[],"is_endless":false,"potions_floor_spawned":[3,5],"killed_by":"3 Sentries","ascension_level":0}}