{"host":"qwttrqaysb380yri","time":1608664385,"event":{"mods":["BaseMod","Custom Start","Minty Spire (QoL Compilation)","Permanent Neow","Puzzle Mod","Relic Stats","StSLib","The Cursed","The Hierophant"],"gold_per_floor":[218,229,229,269,281,281,309,330,355,355,355,379,397,397,397,484,484,642,418,500,500,648,648,701,799,826,929,255,373,373,333,333],"floor_reached":31,"playtime":978,"items_purged":["hierophant:Strike_Hierophant","hierophant:Strike_Hierophant"],"score":627,"play_id":"6019279b-ff35-48e6-adaf-967673539b70","local_time":"20201222201305","is_ascension_mode":true,"campfire_choices":[{"data":"hierophant:Purify","floor":6,"key":"SMITH"},{"data":"hierophant:Martyrdom","floor":11,"key":"SMITH"},{"data":"hierophant:Exaltation","floor":15,"key":"SMITH"},{"floor":23,"key":"REST"}],"circlet_count":0,"master_deck":["AscendersBane","hierophant:Punish","hierophant:Defend_Hierophant","hierophant:Defend_Hierophant","hierophant:Defend_Hierophant","hierophant:ChurchCoffers","hierophant:Exaltation+1","hierophant:RustyCrate","hierophant:Doubloon","hierophant:Doubloon","hierophant:Martyrdom+1","hierophant:Purify+1","hierophant:Purify+1","hierophant:Doubloon","hierophant:ConvertCurrency","hierophant:Smite+1","hierophant:AuricForm","hierophant:BulkyChest","hierophant:Levitation+1","hierophant:BulkyChest+1","hierophant:ArchangelShield+1","hierophant:MorningPrayer+1","hierophant:Rebuild+1","hierophant:AuricBeam","hierophant:Shelter","hierophant:BulkyChest"],"relics":["hierophant:PropheticMaskRelic","Tiny Chest","Juzu Bracelet","Golden Idol","Vajra","Astrolabe","Whetstone","hierophant:DonationBoxRelic","Pen Nib","Bronze Scales","Potion Belt","CaptainsWheel"],"acts_visited":["Exordium","TheCity"],"potions_floor_usage":[7,20,22,22,24,24,29,29,29,29,31,31,31],"damage_taken":[{"damage":1,"enemies":"Small Slimes","floor":1,"turns":4},{"damage":6,"enemies":"Cultist","floor":2,"turns":4},{"damage":10,"enemies":"2 Louse","floor":4,"turns":3},{"damage":12,"enemies":"Looter","floor":5,"turns":3},{"damage":15,"enemies":"Lagavulin","floor":7,"turns":4},{"damage":6,"enemies":"2 Fungi Beasts","floor":8,"turns":3},{"damage":0,"enemies":"Gremlin Gang","floor":12,"turns":4},{"damage":25,"enemies":"3 Sentries","floor":13,"turns":6},{"damage":0,"enemies":"Slime Boss","floor":16,"turns":3},{"damage":28,"enemies":"Spheric Guardian","floor":18,"turns":4},{"damage":7,"enemies":"3 Byrds","floor":20,"turns":4},{"damage":13,"enemies":"Shelled Parasite and Fungi","floor":22,"turns":2},{"damage":24,"enemies":"Slavers","floor":24,"turns":8},{"damage":0,"enemies":"Snecko","floor":25,"turns":4},{"damage":3,"enemies":"Chosen and Byrds","floor":27,"turns":3},{"damage":0,"enemies":"Sentry and Sphere","floor":29,"turns":3},{"damage":16,"enemies":"Masked Bandits","floor":31,"turns":2}],"seed_played":"-4238477615935224565","potions_obtained":[{"floor":3,"key":"FairyPotion"},{"floor":3,"key":"DuplicationPotion"},{"floor":8,"key":"EntropicBrew"},{"floor":13,"key":"SpeedPotion"},{"floor":16,"key":"DistilledChaos"},{"floor":22,"key":"FearPotion"},{"floor":25,"key":"CultistPotion"},{"floor":27,"key":"Swift Potion"}],"is_trial":false,"path_per_floor":["M","M","?","M","M","R","E","M","T","?","R","M","E","?","R","B",null,"M","$","M","T","M","R","E","M","T","M","$","M","?","?"],"character_chosen":"HIEROPHANT","items_purchased":["Whetstone","Potion Belt","EntropicBrew","CaptainsWheel","hierophant:Shelter"],"campfire_rested":1,"item_purchase_floors":[19,28,28,28,28],"current_hp_per_floor":[67,61,61,51,39,39,24,18,18,18,18,18,20,20,20,20,56,28,28,21,21,8,28,4,4,4,1,1,1,1,0,0],"gold":333,"neow_bonus":"HUNDRED_GOLD","is_daily":false,"chose_seed":false,"campfire_upgraded":3,"win_rate":0.0,"timestamp":1608664385,"path_taken":["M","M","?","M","M","R","E","?","T","?","R","M","E","?","R","BOSS","M","$","M","?","M","R","E","M","T","M","$","M","?","?"],"items_purchased_type":["Relic","Relic","Potion","Relic","Card"],"build_version":"2020-12-13","purchased_purges":2,"victory":false,"max_hp_per_floor":[75,75,75,75,75,75,75,75,75,68,68,68,68,68,68,68,68,68,68,68,68,68,68,68,68,68,68,68,68,68,68,68],"relic_stats":{"counters":[17,64],"Golden Idol":69,"Astrolabe":["hierophant:Levitation","hierophant:BulkyChest","hierophant:ArchangelShield"],"Bronze Scales":[33],"Tiny Chest":1,"Pen Nib":[1],"Juzu Bracelet":1,"Whetstone":["hierophant:Smite","hierophant:Purify"],"obtain_stats":[{"Potion Belt":28,"CaptainsWheel":28,"Golden Idol":10,"hierophant:PropheticMaskRelic":0,"Astrolabe":17,"Bronze Scales":26,"Vajra":13,"hierophant:DonationBoxRelic":21,"Tiny Chest":7,"Pen Nib":24,"Juzu Bracelet":9,"Whetstone":19},{"Potion Belt":15,"CaptainsWheel":15,"Golden Idol":6,"hierophant:PropheticMaskRelic":0,"Astrolabe":9,"Bronze Scales":14,"Vajra":8,"hierophant:DonationBoxRelic":11,"Tiny Chest":5,"Pen Nib":13,"Juzu Bracelet":6,"Whetstone":10},{"Potion Belt":59,"CaptainsWheel":59,"Golden Idol":21,"hierophant:PropheticMaskRelic":0,"Astrolabe":34,"Bronze Scales":56,"Vajra":31,"hierophant:DonationBoxRelic":42,"Tiny Chest":18,"Pen Nib":52,"Juzu Bracelet":21,"Whetstone":38}]},"card_choices":[{"not_picked":["hierophant:RepressedViolence","hierophant:AuricBeam"],"picked":"hierophant:Exaltation","floor":1},{"not_picked":["hierophant:RepressedViolence","hierophant:DisplayOfPower"],"picked":"hierophant:RustyCrate","floor":2},{"not_picked":["hierophant:Shelter","hierophant:Doubloon"],"picked":"hierophant:Martyrdom","floor":4},{"not_picked":["hierophant:AuricShield","hierophant:FlamingChariot"],"picked":"hierophant:Purify","floor":5},{"not_picked":["hierophant:Doubloon","hierophant:MorningPrayer"],"picked":"hierophant:Purify","floor":7},{"not_picked":["hierophant:Zeal","hierophant:Shelter"],"picked":"hierophant:ConvertCurrency","floor":8},{"not_picked":["hierophant:RepressedViolence","hierophant:Sermon"],"picked":"hierophant:Smite","floor":12},{"not_picked":["hierophant:Alms","hierophant:PristineSoul"],"picked":"hierophant:AuricForm","floor":13},{"not_picked":["hierophant:AuricForm","hierophant:Kindle"],"picked":"hierophant:BulkyChest","floor":16},{"not_picked":["hierophant:FlamingChariot","hierophant:HammerAndAnvil","hierophant:Remorse"],"picked":"SKIP","floor":18},{"not_picked":["hierophant:EyeForCoin","hierophant:FieryStrike"],"picked":"hierophant:MorningPrayer+1","floor":20},{"not_picked":["hierophant:PristineSoul","hierophant:HolyVerse"],"picked":"hierophant:Rebuild+1","floor":22},{"not_picked":["hierophant:Kindle","hierophant:Smite","hierophant:CursedGold"],"picked":"SKIP","floor":24},{"not_picked":["hierophant:Patience","hierophant:Remorse"],"picked":"hierophant:AuricBeam","floor":25},{"not_picked":["hierophant:HammerAndAnvil","hierophant:Alms","hierophant:SealAway"],"picked":"SKIP","floor":27},{"not_picked":["hierophant:Martyrdom","hierophant:FlamingChariot","hierophant:Flagellation"],"picked":"SKIP","floor":29}],"player_experience":1936389,"relics_obtained":[{"floor":7,"key":"Tiny Chest"},{"floor":9,"key":"Juzu Bracelet"},{"floor":13,"key":"Vajra"},{"floor":21,"key":"hierophant:DonationBoxRelic"},{"floor":24,"key":"Pen Nib"},{"floor":26,"key":"Bronze Scales"}],"event_choices":[{"damage_healed":0,"gold_gain":0,"player_choice":"Got Potions","damage_taken":0,"max_hp_gain":0,"max_hp_loss":0,"event_name":"Lab","floor":3,"gold_loss":0},{"damage_healed":0,"gold_gain":0,"player_choice":"Lose Max HP","damage_taken":0,"relics_obtained":["Golden Idol"],"max_hp_gain":0,"max_hp_loss":7,"event_name":"Golden Idol","floor":10,"gold_loss":0},{"damage_healed":0,"gold_gain":0,"player_choice":"Ignored","damage_taken":0,"max_hp_gain":0,"max_hp_loss":0,"event_name":"Liars Game","floor":14,"gold_loss":0},{"damage_healed":0,"gold_gain":0,"player_choice":"1 cards matched","damage_taken":0,"max_hp_gain":0,"max_hp_loss":0,"event_name":"Match and Keep!","floor":30,"gold_loss":0,"cards_obtained":["hierophant:BulkyChest"]},{"damage_healed":0,"gold_gain":0,"player_choice":"Fought Bandits","damage_taken":0,"max_hp_gain":0,"max_hp_loss":0,"event_name":"Masked Bandits","floor":31,"gold_loss":0}],"is_beta":false,"boss_relics":[{"not_picked":["Ectoplasm","Fusion Hammer"],"picked":"Astrolabe"}],"items_purged_floors":[19,28],"is_endless":false,"potions_floor_spawned":[4,5,8,13,16,18,22,25,27],"killed_by":"Masked Bandits","ascension_level":15}}