{"host":"28p8ce41sjwa6lzf","time":1608648219,"event":{"mods":["BaseMod","Colored Map","Colored Powertips","Highlight Path","Minty Spire (QoL Compilation)","Permanent Neow","Quick Restart","Random Character Button","Rare Cards Sparkle","Relic Stats","StSLib","Unceasing Turn Reminder"],"gold_per_floor":[10,21,33,52,52,52,87,101,101,101,135,135,150,164,164,238,238,254,254,8,25,25,68,77,117,150,150,150],"floor_reached":27,"playtime":1157,"items_purged":["Strike_P"],"score":626,"play_id":"dc090e27-8bbc-4717-ad25-10cc71164822","local_time":"20201222084339","is_ascension_mode":true,"campfire_choices":[{"data":"Judgement","floor":6.0,"key":"SMITH"},{"floor":12.0,"key":"REST"},{"data":"Vault","floor":15.0,"key":"SMITH"},{"floor":24.0,"key":"REST"}],"circlet_count":0,"master_deck":["AscendersBane","Strike_P","Strike_P","Defend_P","Defend_P","Defend_P","Defend_P","Eruption","Vigilance","Judgement+1","Conclude","FollowUp","FearNoEvil","ReachHeaven","Vault+1","FlurryOfBlows","JustLucky","Scrawl","Halt","EmptyFist","DevaForm","Sanctity","Vault+1","MentalFortress","Perseverance","JustLucky","EmptyBody+1","Worship","Pain"],"relics":["PureWater","Regal Pillow","Question Card","Dream Catcher","Cursed Key","Kunai","DollysMirror","CeramicFish","Unceasing Top"],"acts_visited":["Exordium","TheCity"],"potions_floor_usage":[27],"damage_taken":[{"damage":1.0,"enemies":"Cultist","floor":1.0,"turns":4.0},{"damage":0.0,"enemies":"Small Slimes","floor":2.0,"turns":1.0},{"damage":0.0,"enemies":"2 Louse","floor":3.0,"turns":2.0},{"damage":3.0,"enemies":"Lots of Slimes","floor":4.0,"turns":2.0},{"damage":20.0,"enemies":"Lagavulin","floor":7.0,"turns":5.0},{"damage":17.0,"enemies":"Exordium Thugs","floor":8.0,"turns":5.0},{"damage":0.0,"enemies":"Gremlin Nob","floor":11.0,"turns":2.0},{"damage":6.0,"enemies":"3 Louse","floor":13.0,"turns":2.0},{"damage":0.0,"enemies":"Exordium Wildlife","floor":14.0,"turns":2.0},{"damage":52.0,"enemies":"Hexaghost","floor":16.0,"turns":9.0},{"damage":12.0,"enemies":"Shell Parasite","floor":18.0,"turns":4.0},{"damage":0.0,"enemies":"3 Byrds","floor":21.0,"turns":5.0},{"damage":0.0,"enemies":"Book of Stabbing","floor":23.0,"turns":3.0},{"damage":34.0,"enemies":"Gremlin Leader","floor":25.0,"turns":7.0},{"damage":39,"enemies":"Slavers","floor":27,"turns":4}],"seed_played":"-5671272092345558232","potions_obtained":[{"floor":2.0,"key":"Swift Potion"},{"floor":3.0,"key":"Dexterity Potion"},{"floor":13.0,"key":"Swift Potion"},{"floor":16.0,"key":"Ambrosia"},{"floor":18.0,"key":"BlessingOfTheForge"},{"floor":23.0,"key":"StancePotion"}],"is_trial":false,"path_per_floor":["M","M","M","M","?","R","E","M","T","?","E","R","M","M","R","B",null,"M","?","$","M","?","E","R","E","T","E"],"character_chosen":"WATCHER","items_purchased":["DollysMirror"],"campfire_rested":2,"item_purchase_floors":[20],"current_hp_per_floor":[60,60,60,57,62,62,42,25,25,25,25,61,55,55,55,3,56,44,44,44,44,44,44,73,39,39,0,0],"gold":150,"neow_bonus":"THREE_RARE_CARDS","is_daily":false,"chose_seed":false,"campfire_upgraded":2,"win_rate":0.0,"timestamp":1608648219,"path_taken":["M","M","M","?","?","R","E","M","T","?","E","R","M","M","R","BOSS","M","?","$","?","?","E","R","E","T","E"],"items_purchased_type":["Relic"],"build_version":"2020-12-13","purchased_purges":1,"victory":false,"max_hp_per_floor":[68,68,68,68,73,73,73,73,73,73,73,73,73,73,73,73,73,73,73,73,73,73,73,73,73,73,73,73],"relic_stats":{"Regal Pillow":23,"Dream Catcher":2,"counters":[15,57],"CeramicFish":36,"Kunai":[8],"Question Card":10,"Cursed Key":1,"obtain_stats":[{"Regal Pillow":7,"Dream Catcher":11,"DollysMirror":20,"CeramicFish":23,"Kunai":19,"PureWater":0,"Question Card":9,"Cursed Key":17,"Unceasing Top":25},{"Regal Pillow":5,"Dream Catcher":7,"DollysMirror":11,"CeramicFish":13,"Kunai":11,"PureWater":0,"Question Card":6,"Cursed Key":10,"Unceasing Top":14},{"Regal Pillow":14,"Dream Catcher":21,"DollysMirror":38,"CeramicFish":46,"Kunai":38,"PureWater":0,"Question Card":19,"Cursed Key":34,"Unceasing Top":53}],"Unceasing Top":[1]},"card_choices":[{"not_picked":["Scrawl","MasterReality"],"picked":"Judgement","floor":0.0},{"not_picked":["JustLucky","WreathOfFlame"],"picked":"Conclude","floor":1.0},{"not_picked":["LikeWater","Conclude"],"picked":"FollowUp","floor":2.0},{"not_picked":["Collect","Crescendo"],"picked":"FearNoEvil","floor":3.0},{"not_picked":["SandsOfTime","BowlingBash"],"picked":"ReachHeaven","floor":4.0},{"not_picked":["Prostrate","Sanctity"],"picked":"Vault","floor":7.0},{"not_picked":["CrushJoints","ClearTheMind"],"picked":"FlurryOfBlows","floor":8.0},{"not_picked":["EmptyBody","EmptyMind","PathToVictory"],"picked":"JustLucky","floor":11.0},{"not_picked":["Meditate","ClearTheMind","CarveReality"],"picked":"Scrawl","floor":12.0},{"not_picked":["BowlingBash","SandsOfTime","Study"],"picked":"Halt","floor":13.0},{"not_picked":["Adaptation","PathToVictory","Indignation"],"picked":"EmptyFist","floor":14.0},{"not_picked":["Ragnarok","Alpha","Blasphemy"],"picked":"DevaForm","floor":16.0},{"not_picked":["Crescendo","FollowUp","JustLucky"],"picked":"Sanctity","floor":18.0},{"not_picked":["SignatureMove+1","WreathOfFlame","ClearTheMind"],"picked":"MentalFortress","floor":21.0},{"not_picked":["Collect","EmptyFist","WindmillStrike"],"picked":"JustLucky","floor":23.0},{"not_picked":["CrushJoints","WindmillStrike","FlyingSleeves+1"],"picked":"EmptyBody+1","floor":24.0},{"not_picked":["CrushJoints","Meditate+1","Ragnarok"],"picked":"Worship","floor":25.0}],"player_experience":1011439,"relics_obtained":[{"floor":7.0,"key":"Regal Pillow"},{"floor":9.0,"key":"Question Card"},{"floor":11.0,"key":"Dream Catcher"},{"floor":23.0,"key":"CeramicFish"},{"floor":25.0,"key":"Unceasing Top"}],"event_choices":[{"damage_healed":0.0,"max_hp_gain":5.0,"max_hp_loss":0.0,"gold_gain":0.0,"event_name":"Big Fish","player_choice":"Donut","floor":5.0,"gold_loss":0.0,"damage_taken":0.0},{"damage_healed":0.0,"max_hp_gain":0.0,"max_hp_loss":0.0,"gold_gain":0.0,"event_name":"Liars Game","player_choice":"Ignored","floor":10.0,"gold_loss":0.0,"damage_taken":0.0},{"damage_healed":0.0,"max_hp_gain":0.0,"max_hp_loss":0.0,"gold_gain":0.0,"event_name":"WeMeetAgain","player_choice":"Gave Potion","floor":19.0,"gold_loss":0.0,"damage_taken":0.0,"relics_obtained":["Kunai"]},{"damage_healed":0.0,"max_hp_gain":0.0,"max_hp_loss":0.0,"gold_gain":0.0,"cards_transformed":["Strike_P"],"event_name":"Transmorgrifier","player_choice":"Transformed","floor":22.0,"gold_loss":0.0,"damage_taken":0.0,"cards_obtained":["Perseverance"]}],"is_beta":false,"boss_relics":[{"not_picked":["Empty Cage","Velvet Choker"],"picked":"Cursed Key"}],"items_purged_floors":[20],"is_endless":false,"potions_floor_spawned":[2,3,13,14,16,18,23],"killed_by":"Slavers","ascension_level":20}}