{"host":"i0avyit1s6jb1siw","time":1608636335,"event":{"mods":["BaseMod","DeckTracker","Dota2Spire","Highlight Path","Minty Spire (QoL Compilation)","Quick Restart","Replay The Spire","StSLib","SuperFastMode"],"gold_per_floor":[111,111,111,121,46,46,77,77,104,139,139,139,39,39,39,118,118,137,187,200,211,211,211],"floor_reached":22,"playtime":552,"items_purged":["Strike_G","Strike_G"],"score":430,"play_id":"c29815d4-d972-4f49-b4d2-0dd722c0cfc3","local_time":"20201222122535","is_ascension_mode":true,"campfire_choices":[{"data":"Midas Touch","floor":6,"key":"SMITH"},{"data":"Toxin Wave","floor":8,"key":"SMITH"},{"data":"Neutralize","floor":12,"key":"SMITH"},{"data":"Pot Of Greed","floor":15,"key":"SMITH"}],"circlet_count":0,"master_deck":["AscendersBane","Strike_G","Defend_G","Defend_G","Defend_G","Defend_G","Defend_G","Survivor","Neutralize+1","Midas Touch+1","Heel Hook","Toxin Wave+1","Deadly Poison","Pot Of Greed+1","Pot Of Greed","Adrenaline","Bane"],"relics":["Ring of the Snake","Dota2Spire:UrnOfShadows","Dota2Spire:MagicBottle","Grinning Jar","Dota2Spire:MonkeyKingBar","Ring of Chaos"],"acts_visited":["Exordium","TheCity"],"potions_floor_usage":[21],"damage_taken":[{"damage":7,"enemies":"Small Slimes","floor":1,"turns":4},{"damage":0,"enemies":"Jaw Worm","floor":4,"turns":5},{"damage":22,"enemies":"Replay:BlueRogue","floor":7,"turns":4},{"damage":0,"enemies":"Gremlin Nob","floor":10,"turns":3},{"damage":2,"enemies":"The Guardian","floor":16,"turns":6},{"damage":0,"enemies":"Chosen","floor":18,"turns":2},{"damage":12,"enemies":"Shell Parasite","floor":20,"turns":3},{"damage":7,"enemies":"Snecko","floor":21,"turns":3},{"damage":33,"enemies":"Shelled Parasite and Fungi","floor":22,"turns":4}],"seed_played":"-3199564498721426427","potions_obtained":[{"floor":4,"key":"Ancient Potion"},{"floor":7,"key":"SkillPotion"}],"is_trial":false,"path_per_floor":["M","?","T","M","$","R","E","R","T","E","?","R","$","?","R","B",null,"M","?","M","M","M"],"character_chosen":"THE_SILENT","items_purchased":[],"campfire_rested":0,"item_purchase_floors":[],"current_hp_per_floor":[52,45,45,45,45,45,23,23,23,32,32,32,32,27,27,25,51,51,51,39,32,0,0],"gold":211,"neow_bonus":"RANDOM_COLORLESS_2","is_daily":false,"chose_seed":false,"campfire_upgraded":4,"win_rate":0.0,"timestamp":1608636335,"path_taken":["M","?","?","M","?","R","E","R","T","E","?","R","$","?","R","BOSS","M","?","M","M","?"],"items_purchased_type":[],"build_version":"2020-12-13","purchased_purges":2,"victory":false,"max_hp_per_floor":[60,60,60,60,60,60,60,60,60,60,60,60,60,60,60,60,60,60,60,60,60,60,60],"card_choices":[{"not_picked":["Secret Weapon","Violence"],"picked":"Midas Touch","floor":0},{"not_picked":["Distraction","Underhanded Strike"],"picked":"Heel Hook","floor":1},{"not_picked":["Bane","Blade Dance"],"picked":"Toxin Wave","floor":4},{"not_picked":["Distraction","Hidden Blade"],"picked":"Deadly Poison","floor":7},{"not_picked":["Sucker Punch","Bane","ReplayTheSpireMod:Tripwire"],"picked":"SKIP","floor":10},{"not_picked":["Poison Darts","Die Die Die"],"picked":"Adrenaline","floor":16},{"not_picked":["Outmaneuver","Deadly Poison+1"],"picked":"Bane","floor":18},{"not_picked":["Prepared","Accuracy","Slice"],"picked":"SKIP","floor":20},{"not_picked":["Well Laid Plans","Flying Knee","Outmaneuver"],"picked":"SKIP","floor":21}],"player_experience":2097508,"relics_obtained":[{"floor":3,"key":"Dota2Spire:UrnOfShadows"},{"floor":7,"key":"Dota2Spire:MagicBottle"},{"floor":10,"key":"Grinning Jar"}],"event_choices":[{"cards_removed":["Strike_G"],"damage_healed":0,"gold_gain":0,"player_choice":"Card Removal","damage_taken":7,"max_hp_gain":0,"max_hp_loss":0,"event_name":"Golden Wing","floor":2,"gold_loss":0},{"cards_removed":["Strike_G"],"damage_healed":0,"gold_gain":0,"player_choice":"Forget","damage_taken":0,"max_hp_gain":0,"max_hp_loss":0,"event_name":"Living Wall","floor":11,"gold_loss":0},{"damage_healed":0,"gold_gain":0,"player_choice":"Success","damage_taken":5,"relics_obtained":["Dota2Spire:MonkeyKingBar"],"max_hp_gain":0,"max_hp_loss":0,"event_name":"Scrap Ooze","floor":14,"gold_loss":0},{"damage_healed":0,"gold_gain":50,"player_choice":"Pray","damage_taken":0,"max_hp_gain":0,"max_hp_loss":0,"event_name":"Golden Shrine","floor":19,"gold_loss":0}],"is_beta":false,"boss_relics":[{"not_picked":["HoveringKite","ReplayTheSpireMod:DimensionalGlitch"],"picked":"Ring of Chaos"}],"items_purged_floors":[5,13],"is_endless":false,"potions_floor_spawned":[4,7],"killed_by":"Shelled Parasite and Fungi","ascension_level":20}}