{"host":"j06fkfseroga8i8e","time":1608652559,"event":{"mods":["BaseMod","Bestiary","Colored Map","Colored Powertips","Minty Spire (QoL Compilation)","Relic Stats","Slay the Relics Exporter","StSLib"],"gold_per_floor":[109,34,109,61,61,87,87,87,111,111,131,162,124,25,25,25,25],"floor_reached":16,"playtime":199,"items_purged":["Strike_G"],"score":206,"play_id":"771bfab6-7d07-4b7c-8d7b-b2acde1734c7","local_time":"20201222105559","is_ascension_mode":true,"campfire_choices":[{"data":"Deadly Poison","floor":7,"key":"SMITH"},{"data":"Noxious Fumes","floor":15,"key":"SMITH"}],"circlet_count":0,"master_deck":["AscendersBane","Strike_G","Strike_G","Strike_G","Defend_G","Defend_G","Defend_G","Defend_G","Defend_G+1","Survivor+1","Neutralize","Dagger Throw","Deadly Poison+1","Bane","All Out Attack","Noxious Fumes+1","Blur"],"relics":["Ring of the Snake","NeowsBlessing","Singing Bowl","Tiny Chest","MawBank"],"acts_visited":["Exordium"],"potions_floor_usage":[12],"damage_taken":[{"damage":0.0,"enemies":"Small Slimes","floor":1.0,"turns":1.0},{"damage":0,"enemies":"Lagavulin","floor":6,"turns":1},{"damage":0,"enemies":"Cultist","floor":11,"turns":1},{"damage":37,"enemies":"3 Sentries","floor":12,"turns":9},{"damage":16,"enemies":"The Guardian","floor":16,"turns":4}],"seed_played":"-1538726113161221445","potions_obtained":[{"floor":6,"key":"DuplicationPotion"}],"is_trial":false,"path_per_floor":["M","$","?","$","$","E","R","?","T","?","M","E","?","$","R","B"],"character_chosen":"THE_SILENT","items_purchased":["Deadly Poison","Noxious Fumes","Blur"],"campfire_rested":0,"item_purchase_floors":[4,14,14],"current_hp_per_floor":[63,63,56,56,56,56,56,42,42,65,67,30,30,30,30,14,14],"gold":25,"neow_bonus":"THREE_ENEMY_KILL","is_daily":false,"chose_seed":false,"campfire_upgraded":2,"win_rate":0.0,"timestamp":1608652559,"path_taken":["M","$","?","?","$","E","R","?","T","?","?","E","?","$","R","BOSS"],"items_purchased_type":["Card","Card","Card"],"build_version":"2020-12-13","purchased_purges":1,"victory":false,"max_hp_per_floor":[70,70,70,70,70,70,70,70,70,70,72,72,72,72,72,72,72],"relic_stats":{"Singing Bowl":2,"counters":[5,16],"Tiny Chest":0,"MawBank":24,"obtain_stats":[{"NeowsBlessing":0,"Singing Bowl":6,"Tiny Chest":9,"MawBank":12,"Ring of the Snake":0},{"NeowsBlessing":0,"Singing Bowl":2,"Tiny Chest":2,"MawBank":4,"Ring of the Snake":0},{"NeowsBlessing":0,"Singing Bowl":2,"Tiny Chest":2,"MawBank":12,"Ring of the Snake":0}],"Ring of the Snake":[10]},"card_choices":[{"not_picked":["Leg Sweep","Slice"],"picked":"Dagger Throw","floor":1.0},{"not_picked":["Prepared","Flying Knee"],"picked":"Bane","floor":6},{"not_picked":["Outmaneuver","Escape Plan","Dagger Spray"],"picked":"Singing Bowl","floor":11},{"not_picked":["Dodge and Roll","Poisoned Stab"],"picked":"All Out Attack","floor":12}],"player_experience":544178,"relics_obtained":[{"floor":6,"key":"Singing Bowl"},{"floor":9,"key":"Tiny Chest"},{"floor":12,"key":"MawBank"}],"event_choices":[{"damage_healed":0,"gold_gain":75,"player_choice":"Touch","damage_taken":7,"max_hp_gain":0,"max_hp_loss":0,"event_name":"FaceTrader","floor":3,"gold_loss":0},{"damage_healed":0,"gold_gain":0,"player_choice":"Entered Light","damage_taken":14,"max_hp_gain":0,"max_hp_loss":0,"event_name":"Shining Light","floor":8,"gold_loss":0,"cards_upgraded":["Survivor","Defend_G"]},{"damage_healed":23,"gold_gain":0,"player_choice":"Banana","damage_taken":0,"max_hp_gain":0,"max_hp_loss":0,"event_name":"Big Fish","floor":10,"gold_loss":0},{"cards_removed":["Strike_G"],"damage_healed":0,"gold_gain":0,"player_choice":"Card Removal","damage_taken":0,"max_hp_gain":0,"max_hp_loss":0,"event_name":"The Cleric","floor":13,"gold_loss":50}],"is_beta":false,"boss_relics":[],"items_purged_floors":[2],"is_endless":false,"potions_floor_spawned":[6],"killed_by":"The Guardian","ascension_level":12}}