{"host":"ue7jlgf7uv134an9","time":1608624975,"event":{"mods":["BaseMod","Better Third Choice","Defuse TimeMaze Blight","Minty Spire (QoL Compilation)","Quick Restart","Rare Cards Sparkle","Relic Stats","StSLib","UnlockEverythingMod"],"gold_per_floor":[114,114,132,149,299,316,41,55,105,25,25,25,25],"floor_reached":12,"playtime":628,"items_purged":["Doubt"],"score":140,"play_id":"c78fb46c-8527-4500-93d4-ab903714e3d6","local_time":"20201222031615","is_ascension_mode":true,"campfire_choices":[{"floor":11,"key":"REST"}],"circlet_count":0,"master_deck":["AscendersBane","Strike_G","Strike_G","Strike_G","Strike_G","Defend_G","Defend_G","Defend_G","Defend_G","Survivor","Neutralize","Predator","Rage","PiercingWail","Cloak And Dagger","Dagger Spray","Poisoned Stab","Well Laid Plans"],"relics":["Ring of the Snake","Potion Belt","Frozen Eye","Tiny Chest"],"acts_visited":["Exordium"],"potions_floor_usage":[6,12],"damage_taken":[{"damage":0,"enemies":"Small Slimes","floor":1,"turns":4},{"damage":0,"enemies":"Jaw Worm","floor":3,"turns":3},{"damage":0,"enemies":"Cultist","floor":4,"turns":4},{"damage":4,"enemies":"2 Fungi Beasts","floor":6,"turns":7},{"damage":22,"enemies":"Large Slime","floor":8,"turns":9},{"damage":26,"enemies":"Lagavulin","floor":12,"turns":9}],"seed_played":"748791231325386836","potions_obtained":[{"floor":4,"key":"Dexterity Potion"},{"floor":8,"key":"AttackPotion"}],"is_trial":false,"path_per_floor":["M","?","M","M","?","M","$","M","T","$","R","E"],"character_chosen":"THE_SILENT","items_purchased":["Frozen Eye","Dagger Spray","Well Laid Plans"],"campfire_rested":1,"item_purchase_floors":[7,7,10],"current_hp_per_floor":[44,27,27,27,27,23,23,1,1,1,20,0,0],"gold":25,"neow_bonus":"REMOVE_TWO","is_daily":false,"chose_seed":false,"campfire_upgraded":0,"win_rate":0.0,"timestamp":1608624975,"path_taken":["M","?","M","M","?","M","?","M","T","$","R","E"],"items_purchased_type":["Relic","Card","Card"],"build_version":"2020-12-13","purchased_purges":1,"victory":false,"max_hp_per_floor":[66,66,66,66,66,66,66,66,66,66,66,66,66],"relic_stats":{"counters":[6,36],"Tiny Chest":0,"obtain_stats":[{"Potion Belt":2,"Frozen Eye":7,"Tiny Chest":9,"Ring of the Snake":0},{"Potion Belt":1,"Frozen Eye":4,"Tiny Chest":5,"Ring of the Snake":0},{"Potion Belt":4,"Frozen Eye":18,"Tiny Chest":27,"Ring of the Snake":0}],"Ring of the Snake":[12]},"card_choices":[{"not_picked":["Dagger Throw","Noxious Fumes"],"picked":"Predator","floor":1},{"not_picked":["Dagger Spray","Eviscerate"],"picked":"PiercingWail","floor":3},{"not_picked":["Underhanded Strike","Acrobatics","Quick Slash"],"picked":"SKIP","floor":4},{"not_picked":["Underhanded Strike","Acrobatics","Quick Slash"],"picked":"SKIP","floor":4},{"not_picked":["Eviscerate","All Out Attack"],"picked":"Cloak And Dagger","floor":6},{"not_picked":["Acrobatics","Well Laid Plans"],"picked":"Poisoned Stab","floor":8}],"player_experience":21696,"relics_obtained":[{"floor":9,"key":"Tiny Chest"}],"event_choices":[{"damage_healed":0,"gold_gain":150,"player_choice":"AGREE","damage_taken":149,"max_hp_gain":0,"max_hp_loss":0,"event_name":"betterThird:BetterSerpent","floor":5,"gold_loss":0}],"is_beta":false,"boss_relics":[],"items_purged_floors":[7],"is_endless":false,"potions_floor_spawned":[4,8],"killed_by":"Lagavulin","ascension_level":20}}