{"host":"kw4o7b3ro2ktmmbe","time":1608601322,"event":{"mods":["BaseMod","Minty Spire (QoL Compilation)","StSLib","The Mystic","Treasure Hunter"],"gold_per_floor":[123,133,208,383,69,69,82,82,82,93,93,124,124,124,124,252,252,268,193,193,209,228,228,249,249,285,285,294,316,316,64,64,201,201,224,249,321,353,353,353,405,421,430,463,515,540,540,63,63,63],"floor_reached":51,"playtime":4816,"items_purged":["Doubt"],"score":755,"play_id":"2025bea2-1096-4e47-ac7a-44b4d1734c1c","local_time":"20201222144202","is_ascension_mode":false,"campfire_choices":[{"data":"mysticmod:MagicMissile","floor":6.0,"key":"SMITH"},{"data":"mysticmod:Dedication","floor":8.0,"key":"SMITH"},{"data":"mysticmod:Dedication+1","floor":13.0,"key":"SMITH"},{"data":"mysticmod:Dedication+2","floor":15.0,"key":"SMITH"},{"data":"mysticmod:Dedication+3","floor":23.0,"key":"SMITH"},{"data":"mysticmod:GeminiForm","floor":27.0,"key":"SMITH"},{"data":"mysticmod:Dedication+4","floor":30.0,"key":"SMITH"},{"data":"mysticmod:Dedication+5","floor":32.0,"key":"SMITH"},{"data":"mysticmod:Dedication+6","floor":40.0,"key":"SMITH"},{"data":"mysticmod:Dedication+7","floor":47.0,"key":"SMITH"},{"data":"mysticmod:Dedication+8","floor":49,"key":"SMITH"}],"circlet_count":0,"master_deck":["mysticmod:Defend_Mystic","mysticmod:Defend_Mystic+1","mysticmod:Defend_Mystic","mysticmod:Defend_Mystic","mysticmod:ArcaneDodge+1","mysticmod:ShockingGrasp","mysticmod:MagicMissile+1","mysticmod:Dedication+9","TH:ElvenBoots+1","mysticmod:Probe+1","TH:ArmorSpikes","TH:CursedSword","mysticmod:GeminiForm+1","mysticmod:BulkUp+1","mysticmod:KnowledgePool","mysticmod:Disengage+1","Bite","Bite","Bite","Bite","Bite","TH:TreasureMap","TH:TreasureMap","mysticmod:ArcaneAccuracy","TH:ArmorSpikes","mysticmod:EnchantedMoulinet","mysticmod:CorrosiveTouch+1","mysticmod:MagicWeapon+1","mysticmod:EbbAndFlow","mysticmod:ArcaneAccuracy+1","TH:CopperCoins","TH:ArmorSpikes","mysticmod:BladeMaster+1","TH:TreasureMap","mysticmod:MagicMissile+1","mysticmod:MagicWeapon+1","mysticmod:CorrosiveTouch+1"],"relics":["Runic Pyramid","Mercury Hourglass","War Paint","Centennial Puzzle","Golden Idol","Sozu","MutagenicStrength","CeramicFish","Pantograph","Pear","Black Star","Du-Vu Doll","Torii","Pen Nib","Mango","Molten Egg 2","Question Card","Incense Burner","Strawberry"],"acts_visited":["Exordium","TheCity","TheBeyond"],"potions_floor_usage":[],"damage_taken":[{"damage":2.0,"enemies":"2 Louse","floor":1.0,"turns":2.0},{"damage":0.0,"enemies":"Small Slimes","floor":2.0,"turns":3.0},{"damage":6.0,"enemies":"Jaw Worm","floor":7.0,"turns":2.0},{"damage":1.0,"enemies":"Exordium Wildlife","floor":10.0,"turns":4.0},{"damage":28.0,"enemies":"Gremlin Nob","floor":12.0,"turns":4.0},{"damage":6.0,"enemies":"The Guardian","floor":16.0,"turns":8.0},{"damage":10.0,"enemies":"2 Thieves","floor":18.0,"turns":4.0},{"damage":9.0,"enemies":"Shell Parasite","floor":21.0,"turns":6.0},{"damage":0.0,"enemies":"Snecko","floor":22.0,"turns":5.0},{"damage":1.0,"enemies":"Centurion and Healer","floor":24.0,"turns":6.0},{"damage":22.0,"enemies":"Snake Plant","floor":29.0,"turns":5.0},{"damage":41.0,"enemies":"Automaton","floor":33.0,"turns":9.0},{"damage":12.0,"enemies":"Orb Walker","floor":35.0,"turns":4.0},{"damage":17.0,"enemies":"3 Darklings","floor":36.0,"turns":5.0},{"damage":1.0,"enemies":"Mind Bloom Boss Battle","floor":37.0,"turns":8.0},{"damage":15.0,"enemies":"Maw","floor":38.0,"turns":8.0},{"damage":20.0,"enemies":"Nemesis","floor":41.0,"turns":9.0},{"damage":22.0,"enemies":"Transient","floor":42.0,"turns":5.0},{"damage":36.0,"enemies":"Spire Growth","floor":44.0,"turns":4.0},{"damage":1.0,"enemies":"Reptomancer","floor":45.0,"turns":7.0},{"damage":20.0,"enemies":"Jaw Worm Horde","floor":46.0,"turns":3.0},{"damage":63,"enemies":"Donu and Deca","floor":50,"turns":9}],"seed_played":"-4187756094749824263","potions_obtained":[{"floor":1.0,"key":"Weak Potion"},{"floor":2.0,"key":"Regen Potion"},{"floor":12.0,"key":"DuplicationPotion"}],"is_trial":false,"path_per_floor":["M","M","?","?","$","R","M","R","T","M","?","E","R","?","R","B",null,"M","?","?","M","M","R","M","?","T","R","T","M","R","$","R","B",null,"M","M","?","M","?","R","E","M","T","M","E","M","R","$","R","B",null],"character_chosen":"MYSTIC_CLASS","items_purchased":["Mercury Hourglass","Pear","Incense Burner","Strawberry","mysticmod:CorrosiveTouch+1"],"campfire_rested":0,"item_purchase_floors":[5,31,48,48,48],"current_hp_per_floor":[75,75,64,64,64,64,58,58,58,69,54,26,26,7,7,1,77,67,67,67,58,58,58,57,53,53,53,53,39,39,49,49,38,63,53,42,63,62,73,73,65,51,65,37,48,34,34,41,41,11],"gold":63,"neow_bonus":"BOSS_RELIC","is_daily":false,"chose_seed":false,"campfire_upgraded":11,"win_rate":0.0,"timestamp":1608601322,"path_taken":["M","M","?","?","$","R","M","R","T","M","?","E","R","?","R","BOSS","M","?","?","M","?","R","M","?","T","R","?","M","R","$","R","BOSS","M","M","?","M","?","R","E","M","T","M","E","?","R","$","R","BOSS"],"items_purchased_type":["Relic","Relic","Relic","Relic","Card"],"build_version":"2020-12-13","purchased_purges":1,"victory":true,"max_hp_per_floor":[77,77,77,77,77,77,77,77,77,77,77,77,77,77,77,77,77,77,77,77,77,77,77,77,53,53,53,53,53,53,63,63,63,63,63,63,63,63,73,73,73,73,87,87,87,87,87,94,94,94],"card_choices":[{"not_picked":["mysticmod:Fly","mysticmod:KeenEdge","mysticmod:Sideswipe"],"picked":"SKIP","floor":1.0},{"not_picked":["mysticmod:PureInstinct","mysticmod:Shield"],"picked":"mysticmod:MagicMissile","floor":2.0},{"not_picked":["mysticmod:SuddenClarity","mysticmod:BulkUp"],"picked":"mysticmod:Dedication","floor":7.0},{"not_picked":["TH:PixieDust"],"picked":"TH:ElvenBoots","floor":9.0},{"not_picked":["mysticmod:Shield","mysticmod:HeavyStrike"],"picked":"mysticmod:Probe","floor":10.0},{"not_picked":["TH:BikiniMail"],"picked":"TH:ArmorSpikes","floor":12.0},{"not_picked":["mysticmod:Fly","mysticmod:Riposte"],"picked":"mysticmod:Disintegrate","floor":12.0},{"not_picked":["TH:Mimic"],"picked":"TH:CursedSword","floor":16.0},{"not_picked":["mysticmod:ObscuringMist","mysticmod:Haste"],"picked":"mysticmod:GeminiForm","floor":16.0},{"not_picked":["mysticmod:FloatingDisk","mysticmod:ComponentsPouch"],"picked":"mysticmod:BulkUp+1","floor":18.0},{"not_picked":["mysticmod:BulkUp","mysticmod:Snowball","mysticmod:LightningBolt"],"picked":"SKIP","floor":21.0},{"not_picked":["mysticmod:RapidCaster","mysticmod:Grease+1"],"picked":"mysticmod:KnowledgePool","floor":22.0},{"not_picked":["mysticmod:HeavyStrike","mysticmod:AllIn"],"picked":"mysticmod:Disengage+1","floor":24.0},{"not_picked":["TH:EnergyPotion"],"picked":"TH:TreasureMap","floor":26.0},{"not_picked":["TH:ArmorSpikes"],"picked":"TH:TreasureMap","floor":28.0},{"not_picked":["mysticmod:Alacrity","mysticmod:HeavyStrike"],"picked":"mysticmod:ArcaneAccuracy","floor":29.0},{"not_picked":["TH:EnergyPotion"],"picked":"TH:ArmorSpikes","floor":33.0},{"not_picked":["mysticmod:ClosingBarrage","mysticmod:GreaterInvisibility"],"picked":"mysticmod:EnchantedMoulinet","floor":33.0},{"not_picked":["mysticmod:Alacrity+1","mysticmod:PreparedCaster"],"picked":"mysticmod:CorrosiveTouch+1","floor":35.0},{"not_picked":["mysticmod:ChargedParry","mysticmod:PowerSlash"],"picked":"mysticmod:MagicWeapon+1","floor":36.0},{"not_picked":["mysticmod:Snowball+1","mysticmod:Disengage"],"picked":"mysticmod:EbbAndFlow","floor":37.0},{"not_picked":["mysticmod:Daze","mysticmod:Flurry+1"],"picked":"mysticmod:ArcaneAccuracy+1","floor":38.0},{"not_picked":["TH:BikiniMail"],"picked":"TH:CopperCoins","floor":41.0},{"not_picked":["mysticmod:PowerSlash+1","mysticmod:SpontaneousCaster","mysticmod:VorpalThrust+1"],"picked":"SKIP","floor":41.0},{"not_picked":["mysticmod:PowerSlash+1","mysticmod:Snowball+1","mysticmod:ComponentsPouch+1"],"picked":"SKIP","floor":42.0},{"not_picked":["TH:PixieDust"],"picked":"TH:ArmorSpikes","floor":43.0},{"not_picked":["mysticmod:RapidCaster","mysticmod:IllusionOfCalm"],"picked":"mysticmod:BladeMaster+1","floor":44.0},{"not_picked":["TH:CopperCoins"],"picked":"TH:TreasureMap","floor":45.0},{"not_picked":["mysticmod:PowerAttack","mysticmod:FloatingDisk"],"picked":"mysticmod:MagicMissile+1","floor":45.0},{"not_picked":["mysticmod:PreparedCaster","mysticmod:TomeOfSpells+1","mysticmod:HeavyStrike+1"],"picked":"mysticmod:MagicWeapon+1","floor":46.0}],"player_experience":1751930,"relics_obtained":[{"floor":9.0,"key":"War Paint"},{"floor":12.0,"key":"Centennial Puzzle"},{"floor":26.0,"key":"CeramicFish"},{"floor":28.0,"key":"Pantograph"},{"floor":37.0,"key":"Du-Vu Doll"},{"floor":41.0,"key":"Torii"},{"floor":41.0,"key":"Pen Nib"},{"floor":43.0,"key":"Mango"},{"floor":45.0,"key":"Molten Egg 2"},{"floor":45.0,"key":"Question Card"}],"event_choices":[{"damage_healed":0.0,"max_hp_gain":0.0,"max_hp_loss":0.0,"gold_gain":75.0,"event_name":"World of Goop","player_choice":"Gather Gold","floor":3.0,"gold_loss":0.0,"damage_taken":11.0},{"damage_healed":0.0,"max_hp_gain":0.0,"max_hp_loss":0.0,"gold_gain":175.0,"event_name":"Liars Game","player_choice":"AGREE","floor":4.0,"gold_loss":0.0,"damage_taken":0.0,"cards_obtained":["Doubt"]},{"damage_healed":0.0,"max_hp_gain":0.0,"max_hp_loss":0.0,"gold_gain":0.0,"event_name":"Shining Light","player_choice":"Entered Light","floor":11.0,"gold_loss":0.0,"damage_taken":15.0,"cards_upgraded":["mysticmod:Probe","TH:ElvenBoots"]},{"damage_healed":0.0,"max_hp_gain":0.0,"max_hp_loss":0.0,"gold_gain":0.0,"event_name":"Golden Idol","player_choice":"Take Damage","floor":14.0,"gold_loss":0.0,"damage_taken":19.0,"relics_obtained":["Golden Idol"]},{"cards_removed":["mysticmod:Strike_Mystic"],"damage_healed":0.0,"max_hp_gain":0.0,"max_hp_loss":0.0,"gold_gain":0.0,"event_name":"Beggar","player_choice":"Gave Gold","floor":19.0,"gold_loss":75.0,"damage_taken":0.0},{"damage_healed":0.0,"max_hp_gain":0.0,"max_hp_loss":0.0,"gold_gain":0.0,"event_name":"Drug Dealer","player_choice":"Inject Mutagens","floor":20.0,"gold_loss":0.0,"damage_taken":0.0,"relics_obtained":["MutagenicStrength"]},{"damage_healed":0.0,"max_hp_gain":0.0,"max_hp_loss":24.0,"gold_gain":0.0,"event_name":"Vampires","player_choice":"Became a vampire","floor":25.0,"gold_loss":0.0,"damage_taken":0.0,"cards_obtained":["Bite","Bite","Bite","Bite","Bite"]},{"damage_healed":0.0,"max_hp_gain":0.0,"max_hp_loss":0.0,"gold_gain":0.0,"event_name":"MindBloom","player_choice":"Fight","floor":37.0,"gold_loss":0.0,"damage_taken":0.0},{"cards_removed":["mysticmod:Disintegrate"],"damage_healed":1.0,"max_hp_gain":10.0,"max_hp_loss":0.0,"gold_gain":0.0,"event_name":"Bonfire Elementals","player_choice":"Offered Rare","floor":39.0,"gold_loss":0.0,"damage_taken":0.0}],"is_beta":false,"boss_relics":[{"not_picked":["Calling Bell","Empty Cage"],"picked":"Sozu"},{"not_picked":["Tiny House","SacredBark"],"picked":"Black Star"}],"items_purged_floors":[5],"is_endless":false,"potions_floor_spawned":[1,2,12,21,24,36,37,45,46],"ascension_level":0}}