{"host":"fm9e0lfunjlbhzxv","time":1608598504,"event":{"mods":["2.2 Compatiblity","Astrologer","BaseMod","Colored Map","Colored Powertips","Energized Spire","Gremlin Mod","Key Reminder","Minty Spire (QoL Compilation)","Permanent Neow","Rare Cards Sparkle","Relic Stats","StSLib","The Administrix","The Disciple","The Mystic","The Vixen","TheBandit","slay the spire mod where everything is the same but ironclad has a cowboy hat"],"gold_per_floor":[109,125,137,148,68,68,105,126,153,178,199,230,60,85,85,198,207,226,151,178,198,198,198],"floor_reached":22,"playtime":1766,"items_purged":["TheVixenMod:Defend_TheVixen"],"score":252,"play_id":"218c715b-2c4f-4a07-b7c0-41c3dab73db5","local_time":"20201221165504","is_ascension_mode":false,"campfire_choices":[{"data":"TheVixenMod:SunnyDay","floor":6,"key":"SMITH"},{"floor":15,"key":"REST"}],"circlet_count":0,"master_deck":["TheVixenMod:Strike_TheVixen","TheVixenMod:Strike_TheVixen","TheVixenMod:Strike_TheVixen","TheVixenMod:Strike_TheVixen","TheVixenMod:Defend_TheVixen","TheVixenMod:Defend_TheVixen","TheVixenMod:Defend_TheVixen","TheVixenMod:SunnyDay+1","TheVixenMod:Ember","TheVixenMod:Refresh","TheVixenMod:FlareBlitz","TheVixenMod:ShadowBall","TheVixenMod:Facade","TheVixenMod:Protect","TheVixenMod:FireSpin","TheVixenMod:Incinerate","TheVixenMod:PerishSong","TheVixenMod:BurnUp","TheVixenMod:Incinerate","TheVixenMod:FlameBody","TheVixenMod:Spite","TheVixenMod:Guts","CurseOfTheBell","TheVixenMod:MagicCoat","TheVixenMod:Flamethrower+1","TheVixenMod:Curse"],"relics":["TheVixenMod:BurningStick","CeramicFish","Oddly Smooth Stone","Vajra","ClockworkSouvenir","Calling Bell","Anchor","TheVixenMod:WeaknessPolicy","TungstenRod"],"acts_visited":["Exordium","TheCity"],"potions_floor_usage":[11,12,22],"damage_taken":[{"damage":1,"enemies":"Cultist","floor":1,"turns":4},{"damage":3,"enemies":"Jaw Worm","floor":2,"turns":5},{"damage":0,"enemies":"Small Slimes","floor":3,"turns":3},{"damage":13,"enemies":"2 Fungi Beasts","floor":4,"turns":3},{"damage":13,"enemies":"Gremlin Nob","floor":7,"turns":4},{"damage":6,"enemies":"Exordium Wildlife","floor":8,"turns":3},{"damage":11,"enemies":"Lots of Slimes","floor":10,"turns":5},{"damage":0,"enemies":"Large Slime","floor":11,"turns":3},{"damage":1,"enemies":"3 Sentries","floor":12,"turns":4},{"damage":7,"enemies":"2 Fungi Beasts","floor":14,"turns":3},{"damage":0,"enemies":"Slime Boss","floor":16,"turns":4},{"damage":11,"enemies":"2 Thieves","floor":18,"turns":4},{"damage":5,"enemies":"3 Byrds","floor":20,"turns":5},{"damage":26,"enemies":"Sentry and Sphere","floor":21,"turns":5},{"damage":31,"enemies":"3 Cultists","floor":22,"turns":4}],"seed_played":"6844562813086218668","potions_obtained":[{"floor":1,"key":"Explosive Potion"},{"floor":2,"key":"Fruit Juice"},{"floor":8,"key":"GamblersBrew"},{"floor":11,"key":"DistilledChaos"},{"floor":12,"key":"EntropicBrew"}],"is_trial":false,"path_per_floor":["M","M","M","M","$","R","E","M","T","M","M","E","$","M","R","B",null,"M","$","M","M","M"],"character_chosen":"THE_VIXEN","items_purchased":["TheVixenMod:Protect","TheVixenMod:FireSpin","ClockworkSouvenir","TheVixenMod:FlameBody"],"campfire_rested":1,"item_purchase_floors":[5,5,13,13],"current_hp_per_floor":[69,66,66,53,53,53,40,34,34,23,23,22,22,15,36,36,70,59,59,54,28,0,0],"gold":198,"neow_bonus":"RANDOM_COLORLESS","is_daily":false,"chose_seed":false,"campfire_upgraded":1,"win_rate":0.0,"timestamp":1608598504,"path_taken":["M","?","M","M","?","R","E","?","T","M","M","E","$","M","R","BOSS","M","$","M","M","M"],"items_purchased_type":["Card","Card","Relic","Card"],"build_version":"2020-12-13","purchased_purges":1,"victory":false,"max_hp_per_floor":[70,70,70,70,70,70,70,70,70,70,70,70,70,70,70,70,70,70,70,70,70,70,70],"relic_stats":{"counters":[15,59],"CeramicFish":99,"obtain_stats":[{"Calling Bell":17,"TheVixenMod:WeaknessPolicy":17,"Anchor":17,"CeramicFish":7,"Oddly Smooth Stone":9,"Vajra":12,"TheVixenMod:BurningStick":0,"TungstenRod":17,"ClockworkSouvenir":13},{"Calling Bell":11,"TheVixenMod:WeaknessPolicy":11,"Anchor":11,"CeramicFish":5,"Oddly Smooth Stone":6,"Vajra":9,"TheVixenMod:BurningStick":0,"TungstenRod":11,"ClockworkSouvenir":9},{"Calling Bell":41,"TheVixenMod:WeaknessPolicy":41,"Anchor":41,"CeramicFish":19,"Oddly Smooth Stone":22,"Vajra":34,"TheVixenMod:BurningStick":0,"TungstenRod":41,"ClockworkSouvenir":34}],"TungstenRod":12},"card_choices":[{"not_picked":["TheVixenMod:LightScreen","TheVixenMod:Disable"],"picked":"TheVixenMod:Refresh","floor":1},{"not_picked":["TheVixenMod:Swagger","TheVixenMod:Extrasensory"],"picked":"TheVixenMod:FlareBlitz","floor":2},{"not_picked":["TheVixenMod:Flamethrower","TheVixenMod:Amnesia"],"picked":"TheVixenMod:ShadowBall","floor":3},{"not_picked":["TheVixenMod:ConfuseRay","TheVixenMod:FireFang"],"picked":"TheVixenMod:Facade","floor":4},{"not_picked":["TheVixenMod:Flamethrower","TheVixenMod:Overheat"],"picked":"TheVixenMod:Incinerate","floor":7},{"not_picked":["TheVixenMod:FireSpin","TheVixenMod:LavaPlume"],"picked":"TheVixenMod:PerishSong","floor":8},{"not_picked":["TheVixenMod:Agility","TheVixenMod:FlameWheel"],"picked":"TheVixenMod:BurnUp","floor":10},{"not_picked":["TheVixenMod:Extrasensory","TheVixenMod:FireFang"],"picked":"TheVixenMod:Incinerate","floor":11},{"not_picked":["TheVixenMod:FlameWheel","TheVixenMod:CalmMind","TheVixenMod:TailWhip"],"picked":"SKIP","floor":12},{"not_picked":["TheVixenMod:MindReader","TheVixenMod:Substitute"],"picked":"TheVixenMod:Spite","floor":14},{"not_picked":["TheVixenMod:WonderRoom","TheVixenMod:MysticalFire"],"picked":"TheVixenMod:Guts","floor":16},{"not_picked":["TheVixenMod:FlareBlitz+1","TheVixenMod:LavaPlume"],"picked":"TheVixenMod:MagicCoat","floor":18},{"not_picked":["TheVixenMod:LavaPlume+1","TheVixenMod:Protect+1"],"picked":"TheVixenMod:Flamethrower+1","floor":20},{"not_picked":["TheVixenMod:Telepathy","TheVixenMod:Hypnosis"],"picked":"TheVixenMod:Curse","floor":21}],"player_experience":563774,"relics_obtained":[{"floor":7,"key":"CeramicFish"},{"floor":9,"key":"Oddly Smooth Stone"},{"floor":12,"key":"Vajra"},{"floor":17,"key":"Anchor"},{"floor":17,"key":"TheVixenMod:WeaknessPolicy"},{"floor":17,"key":"TungstenRod"}],"event_choices":[],"is_beta":false,"boss_relics":[{"not_picked":["TheVixenMod:FiriumZ","SacredBark"],"picked":"Calling Bell"}],"items_purged_floors":[19],"is_endless":false,"potions_floor_spawned":[1,2,8,11,12,16,20],"killed_by":"3 Cultists","ascension_level":0}}