{"host":"xyexbe31ku0ov20l","time":1608622804,"event":{"mods":["AchievementEnabler","AlwaysNeverKeys","BaseMod","Bestiary","Block Reminder","Colored Map","Colored Powertips","Curses Come First","Displayed Cursed Tome","Minty Spire (QoL Compilation)","Permanent Neow","Quick Restart","Random Character Button","Rare Cards Sparkle","Relic Stats","StSLib"],"gold_per_floor":[119,139,157,175,175,210,224,224,250,550,579,503,523,536,536,637,637,655,655,641,566,577,577,608,27,27,27,43,69,86,86,86,186,186,204,218,235,235,235,235,235,235],"floor_reached":41,"playtime":16919,"items_purged":[],"score":743,"play_id":"9b00e417-7368-477e-8cff-1afc96fad5da","local_time":"20201221234004","is_ascension_mode":true,"campfire_choices":[{"floor":8.0,"key":"REST"},{"data":"Searing Blow","floor":15.0,"key":"SMITH"},{"floor":23.0,"key":"REST"},{"floor":27.0,"key":"REST"},{"floor":32.0,"key":"REST"},{"data":"Mayhem","floor":40.0,"key":"SMITH"}],"circlet_count":0,"master_deck":["AscendersBane","Strike_R","Strike_R","Strike_R","Strike_R","Defend_R","Defend_R","Defend_R+1","Defend_R","Bash","Apotheosis+1","Wild Strike","Thunderclap","Spot Weakness+1","Heavy Blade","Shrug It Off","Warcry","Fire Breathing","Power Through","Searing Blow+1","Feed","Headbutt","Cleave+1","Metallicize+1","Body Slam+1","Fire Breathing","Flame Barrier","Fire Breathing","Barricade","Necronomicurse","Impervious","Parasite","Fire Breathing+1","Mayhem+1","Forethought"],"relics":["Black Blood","Lizard Tail","Toy Ornithopter","Old Coin","Art of War","War Paint","Snecko Eye","GremlinMask","Gremlin Horn","Shuriken","Pear","Thread and Needle","Peace Pipe","Necronomicon"],"acts_visited":["Exordium","TheCity","TheBeyond"],"potions_floor_usage":[],"damage_taken":[{"damage":2.0,"enemies":"Small Slimes","floor":1.0,"turns":4.0},{"damage":4.0,"enemies":"Jaw Worm","floor":2.0,"turns":3.0},{"damage":0.0,"enemies":"Cultist","floor":3.0,"turns":3.0},{"damage":16.0,"enemies":"3 Louse","floor":4.0,"turns":4.0},{"damage":24.0,"enemies":"3 Sentries","floor":6.0,"turns":6.0},{"damage":14.0,"enemies":"Lots of Slimes","floor":7.0,"turns":3.0},{"damage":29.0,"enemies":"Lagavulin","floor":11.0,"turns":7.0},{"damage":0.0,"enemies":"2 Fungi Beasts","floor":13.0,"turns":3.0},{"damage":2.0,"enemies":"Exordium Wildlife","floor":14.0,"turns":4.0},{"damage":18.0,"enemies":"Slime Boss","floor":16.0,"turns":7.0},{"damage":24.0,"enemies":"Chosen","floor":18.0,"turns":6.0},{"damage":17.0,"enemies":"2 Thieves","floor":20.0,"turns":4.0},{"damage":20.0,"enemies":"Snecko","floor":22.0,"turns":4.0},{"damage":44.0,"enemies":"Gremlin Leader","floor":24.0,"turns":7.0},{"damage":0.0,"enemies":"3 Cultists","floor":28.0,"turns":4.0},{"damage":26.0,"enemies":"Slavers","floor":29.0,"turns":6.0},{"damage":29.0,"enemies":"Cultist and Chosen","floor":30.0,"turns":7.0},{"damage":93.0,"enemies":"Champ","floor":33.0,"turns":8.0},{"damage":5.0,"enemies":"Orb Walker","floor":35.0,"turns":4.0},{"damage":11.0,"enemies":"3 Shapes","floor":36.0,"turns":2.0},{"damage":39.0,"enemies":"Writhing Mass","floor":37.0,"turns":8.0},{"damage":112,"enemies":"Transient","floor":41,"turns":5}],"seed_played":"2704367504717267863","potions_obtained":[{"floor":4.0,"key":"SkillPotion"},{"floor":6.0,"key":"EntropicBrew"},{"floor":16.0,"key":"FairyPotion"},{"floor":22.0,"key":"BlessingOfTheForge"},{"floor":28.0,"key":"ElixirPotion"},{"floor":30.0,"key":"FearPotion"}],"is_trial":false,"path_per_floor":["M","M","M","M","?","E","M","R","T","T","E","?","M","M","R","B",null,"M","?","M","?","M","R","E","$","T","R","M","E","M","?","R","B",null,"M","M","M","?","?","R","M"],"character_chosen":"IRONCLAD","items_purchased":["Shuriken","Pear","Fire Breathing"],"campfire_rested":4,"item_purchase_floors":[25,25,25],"current_hp_per_floor":[55,57,63,53,53,35,27,51,51,51,28,28,34,38,38,26,67,49,49,38,38,24,48,19,29,29,57,67,51,28,12,42,61,95,102,103,79,79,74,74,0,0],"gold":235,"neow_bonus":"RANDOM_COLORLESS_2","is_daily":false,"chose_seed":false,"campfire_upgraded":2,"win_rate":0.0,"timestamp":1608622804,"path_taken":["M","M","M","M","?","E","M","R","T","?","E","?","M","?","R","BOSS","M","?","?","?","M","R","E","?","T","R","M","E","M","?","R","BOSS","M","M","M","?","?","R","M"],"items_purchased_type":["Relic","Relic","Card"],"build_version":"2020-12-13","purchased_purges":0,"victory":false,"max_hp_per_floor":[80,80,80,80,80,80,80,80,80,80,80,80,80,80,80,80,80,80,80,80,80,80,80,84,94,94,94,98,102,102,102,102,106,106,106,106,106,106,106,106,106,106],"relic_stats":{"Peace Pipe":0,"Lizard Tail":51,"Gremlin Horn":[7,7],"counters":[22,109],"Shuriken":[13],"Black Blood":144,"Snecko Eye":[97,105,97,128],"Art of War":[9],"Necronomicon":[15],"War Paint":["Defend_R","Spot Weakness"],"obtain_stats":[{"Pear":25,"Gremlin Horn":24,"Black Blood":34,"GremlinMask":19,"Thread and Needle":26,"War Paint":12,"Burning Blood":0,"Old Coin":10,"Peace Pipe":29,"Lizard Tail":6,"Shuriken":25,"Snecko Eye":17,"Art of War":11,"Necronomicon":31,"Toy Ornithopter":9},{"Pear":14,"Gremlin Horn":14,"Black Blood":18,"GremlinMask":11,"Thread and Needle":14,"War Paint":7,"Burning Blood":0,"Old Coin":6,"Peace Pipe":16,"Lizard Tail":5,"Shuriken":14,"Snecko Eye":10,"Art of War":7,"Necronomicon":17,"Toy Ornithopter":6},{"Pear":65,"Gremlin Horn":65,"Black Blood":90,"GremlinMask":50,"Thread and Needle":65,"War Paint":30,"Burning Blood":0,"Old Coin":23,"Peace Pipe":75,"Lizard Tail":20,"Shuriken":65,"Snecko Eye":44,"Art of War":30,"Necronomicon":82,"Toy Ornithopter":23}],"Toy Ornithopter":13},"card_choices":[{"not_picked":["Sadistic Nature","Metamorphosis"],"picked":"Apotheosis","floor":0.0},{"not_picked":["Perfected Strike","Armaments"],"picked":"Wild Strike","floor":1.0},{"not_picked":["Wild Strike","Havoc"],"picked":"Thunderclap","floor":2.0},{"not_picked":["Twin Strike","Clash"],"picked":"Spot Weakness","floor":3.0},{"not_picked":["Anger","Twin Strike"],"picked":"Heavy Blade","floor":4.0},{"not_picked":["Iron Wave","True Grit"],"picked":"Shrug It Off","floor":6.0},{"not_picked":["Perfected Strike","Pummel"],"picked":"Warcry","floor":7.0},{"not_picked":["Warcry","Shockwave"],"picked":"Fire Breathing","floor":11.0},{"not_picked":["Thunderclap","Hemokinesis"],"picked":"Power Through","floor":13.0},{"not_picked":["Spot Weakness","Havoc"],"picked":"Searing Blow","floor":14.0},{"not_picked":["Double Tap","Immolate"],"picked":"Feed","floor":16.0},{"not_picked":["Dropkick","Dual Wield"],"picked":"Headbutt","floor":18.0},{"not_picked":["Flex","Shrug It Off"],"picked":"Cleave+1","floor":20.0},{"not_picked":["Perfected Strike","Headbutt"],"picked":"Metallicize+1","floor":22.0},{"not_picked":["Evolve","Armaments"],"picked":"Body Slam+1","floor":24.0},{"not_picked":["Warcry+1","Ghostly Armor"],"picked":"Flame Barrier","floor":28.0},{"not_picked":["Rage","True Grit"],"picked":"Fire Breathing","floor":29.0},{"not_picked":["Infernal Blade","Warcry"],"picked":"Barricade","floor":30.0},{"not_picked":["Exhume","Barricade"],"picked":"Impervious","floor":33.0},{"not_picked":["Ghostly Armor+1","Armaments+1","Body Slam+1"],"picked":"SKIP","floor":35.0},{"not_picked":["Heavy Blade+1","Whirlwind+1","Blood for Blood+1"],"picked":"SKIP","floor":36.0},{"not_picked":["Flame Barrier","Body Slam"],"picked":"Fire Breathing+1","floor":37.0},{"not_picked":["Sadistic Nature","Secret Technique"],"picked":"Mayhem","floor":39.0},{"not_picked":["Good Instincts","The Bomb"],"picked":"Forethought","floor":39.0}],"player_experience":2272583,"relics_obtained":[{"floor":6.0,"key":"Lizard Tail"},{"floor":9.0,"key":"Toy Ornithopter"},{"floor":10.0,"key":"Old Coin"},{"floor":11.0,"key":"Art of War"},{"floor":24.0,"key":"Gremlin Horn"},{"floor":26.0,"key":"Thread and Needle"},{"floor":29.0,"key":"Peace Pipe"}],"event_choices":[{"damage_healed":0.0,"max_hp_gain":0.0,"max_hp_loss":0.0,"gold_gain":0.0,"event_name":"Living Wall","player_choice":"Grow","floor":5.0,"gold_loss":0.0,"damage_taken":0.0,"cards_upgraded":["Apotheosis"]},{"damage_healed":0.0,"max_hp_gain":0.0,"max_hp_loss":0.0,"gold_gain":0.0,"event_name":"WeMeetAgain","player_choice":"Paid Gold","floor":12.0,"gold_loss":76.0,"damage_taken":0.0,"relics_obtained":["War Paint"]},{"damage_healed":0.0,"max_hp_gain":0.0,"max_hp_loss":0.0,"gold_gain":0.0,"event_name":"FaceTrader","player_choice":"Trade","floor":19.0,"gold_loss":0.0,"damage_taken":0.0,"relics_obtained":["GremlinMask"]},{"cards_removed":["Strike_R"],"damage_healed":0.0,"max_hp_gain":0.0,"max_hp_loss":0.0,"gold_gain":0.0,"event_name":"Beggar","player_choice":"Gave Gold","floor":21.0,"gold_loss":75.0,"damage_taken":0.0},{"damage_healed":0.0,"max_hp_gain":0.0,"max_hp_loss":0.0,"gold_gain":0.0,"event_name":"Cursed Tome","player_choice":"Obtained Book","floor":31.0,"gold_loss":0.0,"damage_taken":16.0},{"damage_healed":0.0,"max_hp_gain":0.0,"max_hp_loss":0.0,"gold_gain":0.0,"event_name":"Tomb of Lord Red Mask","player_choice":"Ignored","floor":38.0,"gold_loss":0.0,"damage_taken":0.0},{"damage_healed":0.0,"max_hp_gain":0.0,"max_hp_loss":0.0,"gold_gain":0.0,"event_name":"SensoryStone","player_choice":"Memory 2","floor":39.0,"gold_loss":0.0,"damage_taken":5.0}],"is_beta":false,"boss_relics":[{"not_picked":["Pandora\u0027s Box","Ectoplasm"],"picked":"Snecko Eye"},{"not_picked":["Black Star","Coffee Dripper"],"picked":"Black Blood"}],"items_purged_floors":[],"is_endless":false,"potions_floor_spawned":[4,6,16,22,28,30],"killed_by":"Transient","ascension_level":10}}