{"host":"wppa8gky53tnknhf","time":1608676854,"event":{"mods":["AchievementEnabler","Act Like it!","BaseMod","Better Third Choice","BetterRewards","Card Forge","Colored Powertips","Energized Spire","Hubris","Infinite Spire","Marked Mod","Minty Spire (QoL Compilation)","Permanent Neow","Quick Restart","Rare Cards Sparkle","Relic Stats","Remove Card Discount Mod","Replay The Spire","Spikes Relics","Spire Birthday Party","StSLib"],"gold_per_floor":[15,26,41,55,130,162,162,190,190,218,218,218,230,249,249,352,352,371,386,93,104,122,122,122],"floor_reached":23,"playtime":568,"items_purged":["PanicButton"],"score":226,"play_id":"7d7dd903-2ca4-418d-b3dd-2a32c8e9f8a8","local_time":"20201222224054","is_ascension_mode":true,"campfire_choices":[{"floor":7,"key":"REST"},{"floor":11,"key":"REST"},{"floor":15,"key":"RECALL"}],"circlet_count":0,"master_deck":["Strike_R+1","Strike_R+1","Strike_R+1","Strike_R+1","Strike_R+1","Defend_R+1","Defend_R+1","Defend_R+1","Defend_R+1","Bash+1","Demon Form+1","Perfected Strike+1","Body Slam+1","Disarm+1","Flex+1","Carnage+1","Heavy Blade+1","Sword Boomerang+1","Metallicize+1","Berserk+1","Shockwave+1","Sword Boomerang+1","Twin Strike+1","Sword Boomerang"],"relics":["Burning Blood","Hammer of Thor","Seething Fire","Anvil of the Gods","Champion Belt","Matryoshka","Red Skull","ClockworkSouvenir"],"acts_visited":["Exordium","TheCity"],"potions_floor_usage":[3,8,10,16,18],"damage_taken":[{"damage":10,"enemies":"Cultist","floor":1,"turns":5},{"damage":3,"enemies":"Jaw Worm","floor":2,"turns":3},{"damage":0,"enemies":"2 Louse","floor":3,"turns":1},{"damage":12,"enemies":"Blue Slaver","floor":4,"turns":4},{"damage":29,"enemies":"Gremlin Nob","floor":6,"turns":4},{"damage":32,"enemies":"Lagavulin","floor":8,"turns":6},{"damage":12,"enemies":"3 Sentries","floor":10,"turns":6},{"damage":13,"enemies":"3 Louse","floor":13,"turns":4},{"damage":6,"enemies":"2 Fungi Beasts","floor":14,"turns":3},{"damage":28,"enemies":"Hexaghost","floor":16,"turns":8},{"damage":35,"enemies":"2 Thieves","floor":18,"turns":3},{"damage":23,"enemies":"3 Byrds","floor":19,"turns":6},{"damage":12,"enemies":"Centurion and Healer","floor":21,"turns":4},{"damage":17,"enemies":"Snake Plant","floor":22,"turns":4},{"damage":23,"enemies":"Slavers","floor":23,"turns":2}],"seed_played":"-2638922544447259123","potions_obtained":[{"floor":1,"key":"SteroidPotion"},{"floor":4,"key":"Regen Potion"},{"floor":8,"key":"Fruit Juice"},{"floor":10,"key":"DistilledChaos"},{"floor":16,"key":"Fire Potion"},{"floor":21,"key":"Weak Potion"}],"is_trial":false,"path_per_floor":["M","M","M","M","?","E","R","E","T","E","R","?","M","M","R","B",null,"M","M","$","M","M","E"],"character_chosen":"IRONCLAD","items_purchased":["Twin Strike","ClockworkSouvenir","PanicButton"],"campfire_rested":2,"item_purchase_floors":[20,20,20],"current_hp_per_floor":[76,79,80,74,63,40,64,43,43,52,77,77,70,70,70,48,85,56,39,39,33,22,0,0],"gold":122,"neow_bonus":"THREE_RARE_CARDS","is_daily":false,"chose_seed":false,"campfire_upgraded":0,"win_rate":0.0,"timestamp":1608676854,"path_taken":["M","M","M","M","?","E","R","E","T","E","R","?","?","M","R","BOSS","M","M","$","M","M","E"],"items_purchased_type":["Card","Relic","Card"],"build_version":"2020-12-13","purchased_purges":1,"victory":false,"max_hp_per_floor":[80,80,80,80,80,80,80,85,85,85,85,85,85,85,85,85,85,85,85,85,85,85,85,85],"relic_stats":{"counters":[15,63],"Champion Belt":[5],"obtain_stats":[{"Matryoshka":9,"Anvil of the Gods":0,"Hammer of Thor":0,"Seething Fire":0,"Champion Belt":8,"Burning Blood":0,"Red Skull":10,"ClockworkSouvenir":20},{"Matryoshka":6,"Anvil of the Gods":0,"Hammer of Thor":0,"Seething Fire":0,"Champion Belt":6,"Burning Blood":0,"Red Skull":7,"ClockworkSouvenir":12},{"Matryoshka":23,"Anvil of the Gods":0,"Hammer of Thor":0,"Seething Fire":0,"Champion Belt":23,"Burning Blood":0,"Red Skull":29,"ClockworkSouvenir":53}],"Burning Blood":79},"card_choices":[{"not_picked":["Reaper","Corruption"],"picked":"Demon Form","floor":0},{"not_picked":["Carnage","Abandon"],"picked":"Perfected Strike","floor":1},{"not_picked":["Heavy Blade","Armaments"],"picked":"Body Slam","floor":2},{"not_picked":["Wild Strike","Armaments"],"picked":"Disarm","floor":3},{"not_picked":["ReplayTheSpireMod:Corrosion Curse","Havoc"],"picked":"Flex","floor":4},{"not_picked":["True Grit","Sentinel"],"picked":"Carnage","floor":6},{"not_picked":["True Grit","ReplayTheSpireMod:Strike From Hell"],"picked":"Heavy Blade","floor":8},{"not_picked":["Whirlwind","Sentinel","Anger"],"picked":"SKIP","floor":10},{"not_picked":["True Grit","Anger"],"picked":"Sword Boomerang","floor":13},{"not_picked":["Clash","Dropkick"],"picked":"Metallicize","floor":14},{"not_picked":["Exhume","Juggernaut"],"picked":"Berserk","floor":16},{"not_picked":["Twin Strike","Armaments"],"picked":"Shockwave","floor":18},{"not_picked":["Blood for Blood","Twin Strike"],"picked":"Sword Boomerang","floor":19},{"not_picked":["Eclipse","Reckless Charge","hubris:ReadiedAction"],"picked":"SKIP","floor":21},{"not_picked":["Ghostly Armor","hubris:StunningStrike"],"picked":"Sword Boomerang","floor":22}],"player_experience":682309,"relics_obtained":[{"floor":8,"key":"Champion Belt"},{"floor":9,"key":"Matryoshka"},{"floor":10,"key":"Red Skull"}],"event_choices":[{"damage_healed":0,"gold_gain":75,"player_choice":"Gold","damage_taken":11,"max_hp_gain":0,"max_hp_loss":0,"event_name":"betterThird:BetterGoop","floor":5,"gold_loss":0},{"damage_healed":0,"gold_gain":0,"player_choice":"Ignored","damage_taken":0,"max_hp_gain":0,"max_hp_loss":0,"event_name":"Purifier","floor":12,"gold_loss":0}],"is_beta":false,"boss_relics":[{"not_picked":["energizedSpire:StickyHand","energizedSpire:SpiderWeb","Electric Blood"]}],"items_purged_floors":[20],"is_endless":false,"potions_floor_spawned":[1,4,8,10,16,21],"killed_by":"Slavers","ascension_level":1}}