{"host":"ocy7z4248lncoz2b","time":1608642533,"event":{"mods":["BaseMod","Beaked The Cultist","Bestiary","Better Match","Better Sensory Stone","Better Third Choice","BetterRewards","Clockwork Mod","Colored Map","Colored Powertips","Conspire","Curses Come First","Downfall","Friendly Minions","Gremlin Mod","Highlight Path","Hubris","Infinite Spire","Jorbs\u0027s Wanderer Trilogy","Marisa????????","Mimic Mod","Minty Spire (QoL Compilation)","READ ME - Guardian Mod","Rare Cards Sparkle","Replay The Spire","Shop Mod","Spicy Shops","Spikes Relics","StSLib","SuperFastMode","The Administrix","The Blue Laboratory","The Construct","The Jungle","The Servant 0.9.4","The Wild Card","WarShipGirlsR/????R mod"],"gold_per_floor":[99,114,114,55,67,67,113,113,129,29,129,144,144,156,168,268,268,268,278,3,13,23,48,118,131,131,146,146,158,158,158],"floor_reached":30,"playtime":1592,"items_purged":[],"score":294,"play_id":"20cf8e4e-bb99-405e-8a6b-5d033515ff16","local_time":"20201222220853","is_ascension_mode":false,"campfire_choices":[{"data":"construct:DefenseMode","floor":1,"key":"SMITH"},{"data":"construct:Backup","floor":13,"key":"SMITH"},{"data":"construct:HyperBeam","floor":18,"key":"SMITH"},{"floor":26,"key":"REST"},{"data":"construct:Backup+1","floor":28,"key":"SMITH"}],"circlet_count":0,"master_deck":["construct:Strike_Gold","construct:Strike_Gold","construct:Strike_Gold","construct:Strike_Gold","construct:Defend_Gold","construct:Defend_Gold","construct:Defend_Gold","construct:Defend_Gold","construct:Defend_Gold","construct:AttackMode","construct:DefenseMode+1","construct:Backup+2","construct:Synchronize","construct:FlammableFog","construct:FlammableFog","construct:SweepLaser","construct:SuppressiveFire","construct:VentSteam","Ghostly","construct:ChargeShot","construct:MetalShell","construct:HyperBeam+1","construct:CreateCores","construct:Autoturret","construct:Disrupt+1","construct:FlameCore","construct:ModeShift+1","construct:LaserCore+1","ReplayTheSpireMod:Mirror System+1"],"relics":["construct:ClockworkPhoenix","Vajra","hubris:Backtick","Replay:Kaleidoscope","Membership Card","MerchantsRug","infinitespire:FocusingShard","RetroEgg"],"acts_visited":["Exordium","TheCity"],"potions_floor_usage":[4,4,4,16,25,29],"damage_taken":[{"damage":9,"enemies":"Small Slimes","floor":2,"turns":6},{"damage":0,"enemies":"downfall:FleeingMerchant","floor":4,"turns":5},{"damage":4,"enemies":"Jaw Worm","floor":5,"turns":4},{"damage":0,"enemies":"Cultist","floor":6,"turns":1},{"damage":18,"enemies":"2 Fungi Beasts","floor":9,"turns":12},{"damage":22,"enemies":"Gremlin Gang","floor":12,"turns":8},{"damage":0,"enemies":"2 Fungi Beasts","floor":14,"turns":2},{"damage":13,"enemies":"Lots of Slimes","floor":15,"turns":2},{"damage":0,"enemies":"downfall:Watcher","floor":16,"turns":15},{"damage":3,"enemies":"3 Byrds","floor":19,"turns":8},{"damage":1,"enemies":"downfall:FleeingMerchant","floor":20,"turns":4},{"damage":4,"enemies":"Shell Parasite","floor":21,"turns":11},{"damage":42,"enemies":"Snecko","floor":22,"turns":7},{"damage":14,"enemies":"Nightmare","floor":23,"turns":13},{"damage":12,"enemies":"Centurion and Healer","floor":25,"turns":11},{"damage":2,"enemies":"Shelled Parasite and Fungi","floor":27,"turns":11},{"damage":28,"enemies":"Sentry and Sphere","floor":29,"turns":10},{"damage":16,"enemies":"Centurion and Healer","floor":30,"turns":3}],"seed_played":"-4048728858876170577","potions_obtained":[{"floor":0,"key":"Flashbang"},{"floor":0,"key":"blueLaboratory:CorrosionFlask"},{"floor":0,"key":"blueLaboratory:StoneskinPotion"},{"floor":9,"key":"Block Potion"},{"floor":16,"key":"Reflective Coating"},{"floor":21,"key":"construct:ShiftPotion"},{"floor":23,"key":"blueLaboratory:FrostheartPotion"}],"is_trial":false,"path_per_floor":["R_BF","M","?","$","M","M","T","?","M","?","?","M","R","M","M","B",null,"R","M","$","M","M","NM","T","M","R","M","R","M","M"],"character_chosen":"THE_CONSTRUCT_MOD","items_purchased":["construct:FlammableFog","Membership Card","MerchantsRug","construct:Autoturret"],"campfire_rested":1,"item_purchase_floors":[4,20,20,20],"current_hp_per_floor":[85,76,76,76,72,72,72,72,54,54,54,32,32,32,19,19,85,85,82,81,77,35,21,21,9,34,32,32,4,0,0],"gold":158,"neow_bonus":"THREE_SMALL_POTIONS","is_daily":false,"chose_seed":false,"campfire_upgraded":4,"win_rate":0.0,"timestamp":1608642533,"path_taken":["R_BF","M","?","$","M","M","T","?","M","?","?","M","R","M","M","BOSS","R","M","$","?","M","NM","T","M","R","M","R","M","M"],"items_purchased_type":["Card","Relic","Relic","Card"],"build_version":"2020-12-13","purchased_purges":0,"victory":false,"max_hp_per_floor":[85,85,85,85,85,85,85,85,85,85,85,85,85,85,85,85,85,85,85,85,85,85,85,85,85,85,85,85,85,85,85],"card_choices":[{"not_picked":["construct:SaveState","construct:MoltenSmash"],"picked":"construct:Backup","floor":2},{"not_picked":["construct:ShiftStrike","construct:FlameCore"],"picked":"construct:Synchronize","floor":4},{"not_picked":["construct:FierceBash","construct:FlammableFog"],"picked":"construct:SweepLaser","floor":5},{"not_picked":["construct:FlammableFog","construct:PhosphorStorm"],"picked":"construct:SuppressiveFire","floor":6},{"not_picked":["construct:FierceBash","construct:Analyze"],"picked":"construct:VentSteam","floor":9},{"not_picked":["construct:ScopeCore","construct:ShiftStrike"],"picked":"construct:ChargeShot","floor":12},{"not_picked":["construct:ModeShift","construct:Missile"],"picked":"construct:MetalShell","floor":14},{"not_picked":["construct:ShiftStrike","construct:PhosphorStorm","construct:ClusterMines"],"picked":"SKIP","floor":15},{"not_picked":["construct:GatlingGun","construct:GoldenBullet"],"picked":"construct:HyperBeam","floor":16},{"not_picked":["construct:Accumulate+1","construct:Backfire"],"picked":"construct:CreateCores","floor":19},{"not_picked":["construct:ScrapCannon","construct:Bunker","construct:BlazingSpeed"],"picked":"SKIP","floor":20},{"not_picked":["construct:FierceBash","construct:Versatility+1"],"picked":"construct:Disrupt+1","floor":21},{"not_picked":["construct:Boost","construct:Accumulate"],"picked":"construct:FlameCore","floor":22},{"not_picked":["construct:QuickAttack","construct:SuppressiveFire","construct:ClusterMines"],"picked":"SKIP","floor":23},{"not_picked":["construct:FlammableFog","construct:Anticipate+1"],"picked":"construct:ModeShift+1","floor":25},{"not_picked":["construct:Missile","construct:SuppressiveFire"],"picked":"construct:LaserCore","floor":27},{"not_picked":["construct:Stasis","construct:ModeShift+1"],"picked":"ReplayTheSpireMod:Mirror System+1","floor":29}],"player_experience":296249,"relics_obtained":[{"floor":7,"key":"Vajra"},{"floor":23,"key":"infinitespire:FocusingShard"},{"floor":24,"key":"RetroEgg"}],"event_choices":[{"damage_healed":0,"gold_gain":0,"player_choice":"Argue","damage_taken":0,"max_hp_gain":0,"max_hp_loss":0,"event_name":"conspire:LoneGhost","floor":10,"gold_loss":0}],"is_beta":false,"boss_relics":[{"not_picked":["SlaversCollar","ReplayTheSpireMod:DimensionalGlitch"],"picked":"hubris:Backtick"}],"items_purged_floors":[],"is_endless":false,"potions_floor_spawned":[2,9,16,21,23],"killed_by":"Centurion and Healer","ascension_level":0}}