{"host":"dwyzfvnzfcqffr30","time":1608634019,"event":{"mods":["2.2 Compatiblity","Act Like it!","BaseMod","Beaked The Cultist","Better Altar","Better Match","Better Note","Better Sensory Stone","Better Skull","Better Third Choice","Clockwork Mod","Colored Map","Colored Powertips","Conspire","Downfall","Elementarium","GifTheSpireLib","Halation","Hermit","Hubris","Infinite Spire","Ironclad Rager","Jedi Mod","Menagerie","Mimic Mod","Minty Spire (QoL Compilation)","Permanent Neow","Random Character Button","Replay The Spire","Spicy Shops","StSLib","Stuff the Spire","The Construct","The Disciple","The Druid","The Marked","TheFirefly","Trackpad","vexMod"],"gold_per_floor":[416,5,5,5,17,137,137,151,151,151,275,295,419,432,432,536,536,547,558,583,583,583,583,467,467,500,519,635,635,775,140,140,245,245,245],"floor_reached":34,"playtime":1899,"items_purged":["Strike_B+1","Strike_B+1","Strike_B+1"],"score":581,"play_id":"583defa3-8cef-4705-af6c-daa18f40e9ae","local_time":"20201222024659","is_ascension_mode":false,"campfire_choices":[{"floor":7,"key":"RECALL"},{"floor":10,"key":"REST"},{"floor":15,"key":"REST"},{"floor":23,"key":"REST"},{"floor":25,"key":"REST"},{"floor":29,"key":"REST"},{"floor":32,"key":"REST"}],"circlet_count":0,"master_deck":["Strike_B+1","Defend_B+1","Defend_B+1","Defend_B+1","Defend_B+1","Zap+1","Dualcast+1","jedi:blockon+1","MasterReality+1","Cold Snap+1","Consume+1","Consume+1","jedi:blockon+1","jedi:blockon+1","Crystallizer+1","Electrodynamics+1","jedi:markofdeath+1","infinitespire:UltimateForm+1","Chaos+1","Crystallizer+1","BasicCrystalCard+1","hubris:PowerSurge+1"],"relics":["Cracked Core","hubris:FruitBowl","hubris:EvacipatedBox","StuffTheSpire:TintedRock","Juzu Bracelet","Molten Egg 2","Toxic Egg 2","Frozen Egg 2","Quantum Egg","Bottled Tornado","hubris:TinFlute","halation:NonexistentMirror","trackpad:BottledTsunami","halation:TwoAmDonut","halation:WeightlessCrab","Boot","conspire:SpecialSausage","construct:BoolHorns","DataDisk","Oddly Smooth Stone","trackpad:Coffee","Elementarium:HuntersSling","trackpad:BottledShadow","Replay:Antivirus Software","Matryoshka","Pear","Calipers","Elementarium:ElementariumTrophy","hubris:TerracottaHorce"],"acts_visited":["Menagerie:Menagerie","Elementarium:Elementarium"],"potions_floor_usage":[20,27,30,33],"damage_taken":[{"damage":0,"enemies":"Menagerie:WhisperingWraith","floor":1,"turns":3},{"damage":4,"enemies":"Menagerie:2_RABBITS","floor":5,"turns":3},{"damage":7,"enemies":"Menagerie:VoidReaper","floor":6,"turns":6},{"damage":0,"enemies":"Menagerie:MonstrousExperiment","floor":8,"turns":2},{"damage":1,"enemies":"Menagerie:MaskedSummoner","floor":11,"turns":8},{"damage":1,"enemies":"Menagerie:KEEPER_AND_YOUNG_SUNEATER","floor":12,"turns":4},{"damage":1,"enemies":"Menagerie:Hydra","floor":13,"turns":4},{"damage":0,"enemies":"Menagerie:EntropyWarlock","floor":14,"turns":3},{"damage":0,"enemies":"Menagerie:Chimera","floor":16,"turns":7},{"damage":0,"enemies":"Elementarium:2_ELEMENTALS","floor":18,"turns":3},{"damage":0,"enemies":"Elementarium:Cyclone","floor":19,"turns":4},{"damage":13,"enemies":"Gremlin Leader","floor":20,"turns":4},{"damage":0,"enemies":"Elementarium:RubyGolem","floor":26,"turns":1},{"damage":15,"enemies":"Elementarium:RubyGolem","floor":27,"turns":3},{"damage":7,"enemies":"Elementarium:WarGolem","floor":28,"turns":4},{"damage":20,"enemies":"Elementarium:ElementalPortal","floor":30,"turns":5},{"damage":1,"enemies":"Elementarium:GoldenDragon","floor":33,"turns":5}],"seed_played":"3269787105300572837","potions_obtained":[{"floor":8,"key":"LiquidMemories"},{"floor":11,"key":"Reflective Coating"},{"floor":12,"key":"Toxic Potion"},{"floor":16,"key":"FocusPotion"},{"floor":27,"key":"Reflective Coating"},{"floor":28,"key":"Strength Potion"},{"floor":33,"key":"Fire Potion"}],"is_trial":false,"path_per_floor":["M","$","?","?","M","E","R","M","T","R","E","M","E","M","R","B",null,"M","M","?","?","AVR","R","?","R","MIM","M","E","R","E","$","R","B",null],"character_chosen":"DEFECT","items_purchased":["hubris:TinFlute","halation:NonexistentMirror","hubris:PowerSurge+1","Pear","Calipers"],"campfire_rested":6,"item_purchase_floors":[2,2,31,31,31],"current_hp_per_floor":[75,75,75,75,71,64,64,64,64,75,74,73,72,72,75,75,75,75,75,62,45,45,67,67,75,75,60,53,75,55,70,90,89,89,89],"gold":245,"neow_bonus":"THREE_CARDS","is_daily":false,"chose_seed":false,"campfire_upgraded":0,"win_rate":0.0,"timestamp":1608634019,"path_taken":["M","$","?","?","M","E","R","M","T","R","E","M","E","M","R","BOSS","M","M","?","?","AVR","R","?","R","MIM","M","E","R","E","$","R","BOSS"],"items_purchased_type":["Relic","Relic","Card","Relic","Relic"],"build_version":"2020-12-13","purchased_purges":3,"victory":false,"max_hp_per_floor":[75,75,75,75,75,75,75,75,75,75,75,75,75,75,75,75,75,75,75,75,75,75,75,75,75,75,75,75,75,75,90,90,90,90,90],"card_choices":[{"not_picked":["Scrape","Turbo"],"picked":"jedi:blockon","floor":0},{"not_picked":["StuffTheSpire:NuclearReactor+1","Heatsinks+1"],"picked":"Cold Snap+1","floor":1},{"not_picked":["Coolheaded+1","Conserve Battery+1","Aggregate+1"],"picked":"SKIP","floor":5},{"not_picked":["Force Field+1","Sweeping Beam+1","Steam+1"],"picked":"SKIP","floor":6},{"not_picked":["Leap+1","Panic Button+1","Gash+1"],"picked":"SKIP","floor":8},{"not_picked":["StuffTheSpire:LoadUp+1","jedi:BurstLightning+1"],"picked":"jedi:blockon+1","floor":11},{"not_picked":["Coolheaded+1","ReplayTheSpireMod:Repulse+1","Hello World+1"],"picked":"SKIP","floor":12},{"not_picked":["Panic Button+1","Machine Learning+1"],"picked":"Crystallizer+1","floor":13},{"not_picked":["Steam+1","Undo+1","conspire:Rain+1"],"picked":"SKIP","floor":14},{"not_picked":["Core Surge+1","Biased Cognition+1"],"picked":"Electrodynamics+1","floor":16},{"not_picked":["Streamline+1","StuffTheSpire:LoadUp+1"],"picked":"jedi:markofdeath+1","floor":18},{"not_picked":["StuffTheSpire:LoadUp+1","conspire:Rain+1","Leap+1"],"picked":"SKIP","floor":19},{"not_picked":["StuffTheSpire:NuclearReactor+1","StuffTheSpire:Rend+1"],"picked":"Chaos+1","floor":26},{"not_picked":["StuffTheSpire:NuclearReactor+1","jedi:BurstFrost+1"],"picked":"Crystallizer+1","floor":27},{"not_picked":["jedi:blockon+1","Sunder+1","Panic Button+1"],"picked":"SKIP","floor":28},{"not_picked":["Recycle+1","StuffTheSpire:Plugnplay+1"],"picked":"BasicCrystalCard+1","floor":30}],"player_experience":2312178,"relics_obtained":[{"floor":6,"key":"trackpad:BottledTsunami"},{"floor":9,"key":"halation:TwoAmDonut"},{"floor":11,"key":"halation:WeightlessCrab"},{"floor":13,"key":"Boot"},{"floor":20,"key":"construct:BoolHorns"},{"floor":26,"key":"trackpad:BottledShadow"},{"floor":28,"key":"Replay:Antivirus Software"},{"floor":30,"key":"Matryoshka"}],"event_choices":[{"damage_healed":0,"gold_gain":0,"player_choice":"Simplicity","damage_taken":0,"max_hp_gain":0,"max_hp_loss":8,"event_name":"betterThird:BetterWriting","floor":0,"gold_loss":0},{"damage_healed":0,"gold_gain":0,"player_choice":"Enter","damage_taken":0,"max_hp_gain":0,"max_hp_loss":0,"event_name":"Elementarium:OtherworldlyPassage","floor":20,"gold_loss":0},{"damage_healed":0,"gold_gain":0,"player_choice":"RE ","damage_taken":19,"relics_obtained":["DataDisk"],"max_hp_gain":0,"max_hp_loss":0,"event_name":"betterSkull:BetterSkull","floor":21,"gold_loss":0,"cards_upgraded":[]},{"damage_healed":0,"gold_gain":0,"player_choice":"Sling","damage_taken":0,"relics_obtained":["Elementarium:HuntersSling"],"max_hp_gain":0,"max_hp_loss":0,"event_name":"Elementarium:BigGameHunter","floor":24,"gold_loss":116}],"is_beta":false,"boss_relics":[{"not_picked":["Replay:Grab Bag","Replay:Wanted Poster","Painkiller Herb"],"picked":"conspire:SpecialSausage"},{"not_picked":["conspire:SeveredTorchhead","halation:LoveArrow","Replay:Drink Me"],"picked":"hubris:TerracottaHorce"}],"items_purged_floors":[22,31,31],"is_endless":false,"potions_floor_spawned":[8,11,12,13,16,27,28,33],"ascension_level":0}}