{"host":"wgmqvkrq9e6a43rs","time":1608649061,"event":{"mods":["BaseMod","Beaked The Cultist","Colored Map","Minty Spire (QoL Compilation)","StSLib","SuperFastMode"],"gold_per_floor":[118,136,136,24,41,41,57,57,82,82,96,110,110,137,137,235,235,222,222,222,238,256,256,274,274,274,286,324,435,470,492,504,621,633,655,667,679,691,723,735,243,243,243,243,270,270,320,339,339,339],"floor_reached":51,"playtime":5315,"items_purged":["beaked:Strike_Y","beaked:Strike_Y+1"],"score":633,"play_id":"1a17f2cd-73bd-476b-9bd0-d2c132b3265b","local_time":"20201222235741","is_ascension_mode":false,"campfire_choices":[{"data":"beaked:Overpower","floor":6.0,"key":"SMITH"},{"data":"beaked:Strike_Y","floor":8.0,"key":"SMITH"},{"data":"beaked:Strike_Y","floor":10.0,"key":"SMITH"},{"data":"beaked:CursingBlood","floor":13.0,"key":"SMITH"},{"data":"beaked:MaddeningMurmurs","floor":15.0,"key":"SMITH"},{"data":"beaked:ShadowFade","floor":23.0,"key":"SMITH"},{"data":"beaked:Brace","floor":25.0,"key":"SMITH"},{"data":"beaked:CursingBlood","floor":32,"key":"SMITH"},{"data":"beaked:AwakenedForm","floor":40,"key":"SMITH"},{"data":"beaked:Ceremony","floor":42,"key":"SMITH"},{"data":"beaked:Ceremony","floor":44,"key":"SMITH"},{"floor":46,"key":"REST"},{"data":"beaked:Daydream","floor":49,"key":"SMITH"}],"circlet_count":0,"master_deck":["beaked:Strike_Y+1","beaked:Strike_Y+1","beaked:Strike_Y+1","beaked:Strike_Y+1","beaked:Defend_Y+1","beaked:Defend_Y+1","beaked:Defend_Y+1","beaked:Defend_Y+1","beaked:Ceremony+1","beaked:Ceremony+1","beaked:Overpower+1","beaked:CursingBlood+1","beaked:MaddeningMurmurs+1","beaked:ShadowFade+1","beaked:CursingBlood+1","beaked:Brace+1","beaked:AwakenedForm+1","beaked:Daydream+1"],"relics":["beaked:MendingPlumage","CaptainsWheel","Vajra","Odd Mushroom","SlaversCollar","MawBank","Nunchaku","Omamori","Philosopher\u0027s Stone","Lantern","beaked:RitualPlumage","TungstenRod","beaked:ThroatLozenge","Prayer Wheel"],"acts_visited":["Exordium","TheCity","TheBeyond"],"potions_floor_usage":[33,39,50,50,50],"damage_taken":[{"damage":3.0,"enemies":"Cultist","floor":1.0,"turns":5.0},{"damage":7.0,"enemies":"2 Louse","floor":2.0,"turns":5.0},{"damage":0.0,"enemies":"Small Slimes","floor":5.0,"turns":4.0},{"damage":3.0,"enemies":"2 Fungi Beasts","floor":7.0,"turns":4.0},{"damage":2.0,"enemies":"Blue Slaver","floor":11.0,"turns":2.0},{"damage":1.0,"enemies":"Lots of Slimes","floor":12.0,"turns":4.0},{"damage":17.0,"enemies":"The Mushroom Lair","floor":14.0,"turns":4.0},{"damage":4.0,"enemies":"The Guardian","floor":16.0,"turns":11.0},{"damage":12.0,"enemies":"2 Thieves","floor":18.0,"turns":4.0},{"damage":6.0,"enemies":"Shell Parasite","floor":21.0,"turns":8.0},{"damage":9.0,"enemies":"Shelled Parasite and Fungi","floor":22.0,"turns":9.0},{"damage":0.0,"enemies":"Snake Plant","floor":24.0,"turns":6.0},{"damage":9.0,"enemies":"Book of Stabbing","floor":28.0,"turns":7.0},{"damage":6.0,"enemies":"Centurion and Healer","floor":31.0,"turns":7.0},{"damage":3,"enemies":"Champ","floor":33,"turns":20},{"damage":0,"enemies":"3 Shapes","floor":35,"turns":8},{"damage":29,"enemies":"3 Darklings","floor":39,"turns":13},{"damage":61,"enemies":"Nemesis","floor":45,"turns":13},{"damage":2,"enemies":"Mind Bloom Boss Battle","floor":47,"turns":9},{"damage":0,"enemies":"Writhing Mass","floor":48,"turns":8},{"damage":33,"enemies":"Awakened One","floor":50,"turns":16}],"seed_played":"-321843524833378889","potions_obtained":[{"floor":1.0,"key":"DuplicationPotion"},{"floor":5.0,"key":"Dexterity Potion"},{"floor":11.0,"key":"GamblersBrew"},{"floor":14.0,"key":"DistilledChaos"},{"floor":18.0,"key":"Explosive Potion"},{"floor":28.0,"key":"SpeedPotion"},{"floor":31.0,"key":"EssenceOfSteel"},{"floor":33,"key":"BlessingOfTheForge"}],"is_trial":false,"path_per_floor":["M","M","?","$","M","R","M","R","T","R","M","M","R","?","R","B",null,"M","?","$","M","M","R","M","R","T","$","E","?","T","M","R","B",null,"M","$","?","?","M","R","$","R","T","R","E","R","?","M","R","B",null],"character_chosen":"BEAKED_THE_CULTIST","items_purchased":["beaked:Overpower","Dexterity Potion","Lantern","Strength Potion","beaked:RitualPlumage"],"campfire_rested":1,"item_purchase_floors":[4,41,41,41,41],"current_hp_per_floor":[45,44,35,35,44,44,45,45,45,45,45,45,45,34,34,42,45,41,41,41,45,44,44,45,45,45,45,42,42,42,45,45,45,45,45,45,45,45,45,45,45,45,45,45,5,18,45,45,45,45],"gold":339,"neow_bonus":"ONE_RARE_RELIC","is_daily":false,"chose_seed":false,"campfire_upgraded":12,"win_rate":0.0,"timestamp":1608649061,"path_taken":["M","?","?","$","M","R","M","R","T","R","M","M","R","?","R","BOSS","M","?","$","M","M","R","M","R","T","$","E","?","?","M","R","BOSS","M","$","?","?","?","R","$","R","T","R","E","R","?","M","R","BOSS"],"items_purchased_type":["Card","Potion","Relic","Potion","Relic"],"build_version":"2020-12-13","purchased_purges":2,"victory":true,"max_hp_per_floor":[45,45,45,45,45,45,45,45,45,45,45,45,45,45,45,45,45,45,45,45,45,45,45,45,45,45,45,45,45,45,45,45,45,45,45,45,45,45,45,45,45,45,45,45,45,45,45,45,45,45],"card_choices":[{"not_picked":["beaked:Roost","beaked:Brace","beaked:MaddeningMurmurs"],"picked":"SKIP","floor":1.0},{"not_picked":["beaked:MimicMachine","beaked:HuntressSpirit","beaked:RitualOfBody"],"picked":"SKIP","floor":2.0},{"not_picked":["beaked:FeelMyPain","beaked:TuckingFeathers","beaked:Negation"],"picked":"SKIP","floor":5.0},{"not_picked":["beaked:BraceForImpact","beaked:Poke","beaked:Brace"],"picked":"SKIP","floor":7.0},{"not_picked":["beaked:HuntressEssence","beaked:Daydream","beaked:BounceBack"],"picked":"SKIP","floor":11.0},{"not_picked":["beaked:SacrificialAttack","beaked:Windmill"],"picked":"beaked:CursingBlood","floor":12.0},{"not_picked":["beaked:BarbedWire","beaked:Brainwash"],"picked":"beaked:MaddeningMurmurs","floor":14.0},{"not_picked":["beaked:DarkPact","beaked:SacrificialScars"],"picked":"beaked:ShadowFade","floor":16.0},{"not_picked":["beaked:Tradeoff+1","beaked:Resilience"],"picked":"beaked:CursingBlood","floor":18.0},{"not_picked":["beaked:SurvivalInstinct+1","beaked:Daydream+1","beaked:MachineSpirit"],"picked":"SKIP","floor":21.0},{"not_picked":["beaked:BounceBack","beaked:Evade","beaked:SacrificialAttack"],"picked":"SKIP","floor":22.0},{"not_picked":["beaked:DigDeep+1","beaked:MimicHuntress+1"],"picked":"beaked:Brace","floor":24.0},{"not_picked":["beaked:MachineEssence","beaked:Tradeoff+1","beaked:Struggle"],"picked":"SKIP","floor":28.0},{"not_picked":["beaked:RuinSticks","beaked:Replenish+1","beaked:HuntressEssence"],"picked":"SKIP","floor":31.0},{"not_picked":["beaked:ShadowFade","beaked:DarkPact"],"picked":"beaked:AwakenedForm","floor":33},{"not_picked":["beaked:Brace+1","beaked:HuntressEssence+1","beaked:FeelMyPain+1"],"picked":"SKIP","floor":35},{"not_picked":["beaked:CrazyRituals+1","beaked:Tradeoff+1","beaked:Tweet"],"picked":"SKIP","floor":39},{"not_picked":["beaked:Brace","beaked:SacrificialDive+1"],"picked":"beaked:Daydream","floor":45},{"not_picked":["beaked:Roost+1","beaked:RitualOfBody+1","beaked:WarriorSpirit"],"picked":"SKIP","floor":48},{"not_picked":["beaked:MachineSpirit+1","beaked:MimicHuntress","beaked:StickSmack"],"picked":"SKIP","floor":48}],"player_experience":1030376,"relics_obtained":[{"floor":9.0,"key":"Vajra"},{"floor":14.0,"key":"Odd Mushroom"},{"floor":26.0,"key":"MawBank"},{"floor":28.0,"key":"Nunchaku"},{"floor":30.0,"key":"Omamori"},{"floor":43,"key":"TungstenRod"},{"floor":45,"key":"beaked:ThroatLozenge"},{"floor":47,"key":"Prayer Wheel"}],"event_choices":[{"damage_healed":0.0,"max_hp_gain":0.0,"max_hp_loss":0.0,"gold_gain":0.0,"event_name":"Shining Light","player_choice":"Entered Light","floor":3.0,"gold_loss":0.0,"damage_taken":9.0,"cards_upgraded":["beaked:Ceremony","beaked:Strike_Y"]},{"damage_healed":0.0,"max_hp_gain":0.0,"max_hp_loss":0.0,"gold_gain":0.0,"event_name":"Mushrooms","player_choice":"Fought Mushrooms","floor":14.0,"gold_loss":0.0,"damage_taken":0.0},{"damage_healed":0.0,"max_hp_gain":0.0,"max_hp_loss":0.0,"gold_gain":0.0,"event_name":"Back to Basics","player_choice":"Simplicity","floor":19.0,"gold_loss":0.0,"damage_taken":0.0,"cards_upgraded":["beaked:Strike_Y","beaked:Strike_Y","beaked:Defend_Y","beaked:Defend_Y","beaked:Defend_Y","beaked:Defend_Y"]},{"damage_healed":0.0,"max_hp_gain":0.0,"max_hp_loss":0.0,"gold_gain":99.0,"event_name":"Nest","player_choice":"Stole From Cult","floor":29.0,"gold_loss":0.0,"damage_taken":0.0},{"damage_healed":0,"gold_gain":0,"player_choice":"Ignored","damage_taken":0,"max_hp_gain":0,"max_hp_loss":0,"event_name":"Tomb of Lord Red Mask","floor":37,"gold_loss":0},{"cards_removed":["beaked:Ceremony"],"damage_healed":0,"gold_gain":0,"player_choice":"Purged","damage_taken":0,"max_hp_gain":0,"max_hp_loss":0,"event_name":"Purifier","floor":38,"gold_loss":0},{"damage_healed":0,"gold_gain":0,"player_choice":"Fight","damage_taken":0,"max_hp_gain":0,"max_hp_loss":0,"event_name":"MindBloom","floor":47,"gold_loss":0}],"is_beta":false,"boss_relics":[{"not_picked":["SacredBark","beaked:FlawlessSticks"],"picked":"SlaversCollar"},{"not_picked":["beaked:MawFillet","Empty Cage"],"picked":"Philosopher\u0027s Stone"}],"items_purged_floors":[4,41],"is_endless":false,"potions_floor_spawned":[1,5,11,14,18,28,31,33],"ascension_level":0}}