{"host":"126yiuos2nq86se7","time":1608598435,"event":{"mods":["AchievementEnabler","Act Like it!","BaseMod","Colored Map","Colored Powertips","Friendly Minions","Highlight Path","Minty Spire (QoL Compilation)","StSLib","SuperFastMode","The Animator"],"gold_per_floor":[217,292,242,242,242,242,18,35,111,111,124,124,124,151,151,256,256,211,211,211,211,211,211,211,136,136,136,136,136,136,136,136,136,136,136,136,136,136,136,136,136,136,136,4,4,4,4,4,4,4],"floor_reached":51,"playtime":1222,"items_purged":["Strike_B"],"score":691,"play_id":"95b91b6a-cfbb-46c5-a79c-d71ffad68760","local_time":"20201222115355","is_ascension_mode":false,"campfire_choices":[{"floor":6,"key":"REST"},{"floor":10,"key":"REST"},{"data":"Static Discharge","floor":12,"key":"SMITH"},{"floor":15,"key":"REST"},{"data":"Conserve Battery","floor":23,"key":"SMITH"},{"data":"BootSequence","floor":27,"key":"SMITH"},{"data":"Electrodynamics","floor":29,"key":"SMITH"},{"floor":32,"key":"REST"},{"floor":40,"key":"REST"},{"data":"Madness","floor":42,"key":"SMITH"},{"floor":49,"key":"REST"}],"circlet_count":0,"master_deck":["Strike_B","Defend_B","Defend_B","Defend_B","Defend_B","Zap+1","Dualcast+1","Compile Driver+1","Static Discharge+1","Conserve Battery+1","BootSequence+1","Electrodynamics+1","Glacier","Leap","Go for the Eyes+1","Gash","Gash+1","All For One","Sweeping Beam+1","Madness+1","Madness","Defragment+1","Consume","Panacea"],"relics":["Cracked Core","HornCleat","Sling","Meat on the Bone","Centennial Puzzle","Toy Ornithopter","Ectoplasm","MutagenicStrength","Emotion Chip","Tiny House","CaptainsWheel","Lizard Tail","Letter Opener"],"acts_visited":["Exordium","TheCity","TheBeyond"],"potions_floor_usage":[16,33,33,33,34,50,50,50],"damage_taken":[{"damage":1,"enemies":"Jaw Worm","floor":1,"turns":4},{"damage":0,"enemies":"Small Slimes","floor":8,"turns":2},{"damage":0,"enemies":"2 Louse","floor":11,"turns":2},{"damage":14,"enemies":"Gremlin Nob","floor":14,"turns":4},{"damage":42,"enemies":"Slime Boss","floor":16,"turns":10},{"damage":5,"enemies":"2 Thieves","floor":18,"turns":3},{"damage":1,"enemies":"3 Byrds","floor":20,"turns":2},{"damage":0,"enemies":"Shelled Parasite and Fungi","floor":24,"turns":8},{"damage":8,"enemies":"Snecko","floor":28,"turns":6},{"damage":0,"enemies":"3 Cultists","floor":30,"turns":5},{"damage":1,"enemies":"Centurion and Healer","floor":31,"turns":4},{"damage":26,"enemies":"Champ","floor":33,"turns":11},{"damage":15,"enemies":"3 Darklings","floor":35,"turns":3},{"damage":2,"enemies":"Mind Bloom Boss Battle","floor":37,"turns":8},{"damage":0,"enemies":"3 Shapes","floor":38,"turns":5},{"damage":25,"enemies":"3 Darklings","floor":41,"turns":3},{"damage":5,"enemies":"Jaw Worm Horde","floor":46,"turns":3},{"damage":31,"enemies":"Time Eater","floor":50,"turns":10}],"seed_played":"-2910228771403397875","potions_obtained":[{"floor":1,"key":"PotionOfCapacity"},{"floor":16,"key":"DistilledChaos"},{"floor":24,"key":"Fire Potion"},{"floor":30,"key":"PowerPotion"},{"floor":34,"key":"Fruit Juice"},{"floor":35,"key":"Strength Potion"},{"floor":41,"key":"EssenceOfDarkness"},{"floor":46,"key":"SpeedPotion"}],"is_trial":false,"path_per_floor":["M","?","?","?","?","R","$","M","T","R","M","R","T","E","R","B",null,"M","?","M","?","?","R","M","?","T","R","M","R","M","M","R","B",null,"M","?","?","M","?","R","M","R","T","$","?","M","$","T","R","B",null],"character_chosen":"DEFECT","items_purchased":["Sling","Consume","Panacea"],"campfire_rested":6,"item_purchase_floors":[7,44,44],"current_hp_per_floor":[74,63,63,48,15,37,37,37,37,59,59,59,59,45,67,42,75,70,56,55,55,55,55,55,55,55,55,47,47,47,46,70,59,90,75,64,62,62,62,89,64,64,64,64,64,59,59,59,86,59],"gold":4,"neow_bonus":"HUNDRED_GOLD","is_daily":false,"chose_seed":false,"campfire_upgraded":5,"win_rate":0.0,"timestamp":1608598435,"path_taken":["M","?","?","?","?","R","?","M","T","R","M","R","?","E","R","BOSS","M","?","M","?","?","R","?","?","T","R","M","R","M","M","R","BOSS","M","?","?","M","?","R","M","R","T","$","?","?","$","?","R","BOSS"],"items_purchased_type":["Relic","Card","Card"],"build_version":"2020-12-13","purchased_purges":1,"victory":true,"max_hp_per_floor":[75,75,75,75,75,75,75,75,75,75,75,75,75,75,75,75,75,75,80,80,80,80,80,80,80,80,80,80,80,80,80,80,80,90,90,90,90,90,90,90,90,90,90,90,90,90,90,90,90,90],"card_choices":[{"not_picked":["Recycle","Steam"],"picked":"Compile Driver","floor":1},{"not_picked":["Hologram","Streamline"],"picked":"Static Discharge","floor":8},{"not_picked":["Stack","Hologram"],"picked":"Conserve Battery","floor":11},{"not_picked":["Stack","Compile Driver"],"picked":"BootSequence","floor":14},{"not_picked":["Fission","Rainbow"],"picked":"Electrodynamics","floor":16},{"not_picked":["Ball Lightning","Conserve Battery"],"picked":"Glacier","floor":18},{"not_picked":["Coolheaded","Steam"],"picked":"Leap","floor":20},{"not_picked":["Aggregate","Streamline+1","Turbo"],"picked":"SKIP","floor":24},{"not_picked":["Beam Cell","Amplify"],"picked":"Go for the Eyes+1","floor":28},{"not_picked":["Cold Snap","Steam Power"],"picked":"Gash","floor":30},{"not_picked":["Sweeping Beam","Rebound+1"],"picked":"Gash","floor":31},{"not_picked":["Reboot","Multi-Cast"],"picked":"All For One","floor":33},{"not_picked":["Barrage+1","Compile Driver"],"picked":"Sweeping Beam+1","floor":34},{"not_picked":["Undo","Streamline+1","Storm"],"picked":"SKIP","floor":35},{"not_picked":["Conserve Battery","Storm","Barrage+1"],"picked":"SKIP","floor":38},{"not_picked":["Ball Lightning","White Noise"],"picked":"Defragment+1","floor":41},{"not_picked":["Steam Power","Steam","Leap"],"picked":"SKIP","floor":46}],"player_experience":1527184,"relics_obtained":[{"floor":9,"key":"Meat on the Bone"},{"floor":13,"key":"Centennial Puzzle"},{"floor":14,"key":"Toy Ornithopter"},{"floor":26,"key":"Emotion Chip"},{"floor":37,"key":"CaptainsWheel"},{"floor":43,"key":"Lizard Tail"},{"floor":48,"key":"Letter Opener"}],"event_choices":[{"damage_healed":0,"gold_gain":75,"player_choice":"Gather Gold","damage_taken":11,"max_hp_gain":0,"max_hp_loss":0,"event_name":"World of Goop","floor":2,"gold_loss":0},{"cards_removed":["Strike_B"],"damage_healed":0,"gold_gain":0,"player_choice":"Card Removal","damage_taken":0,"max_hp_gain":0,"max_hp_loss":0,"event_name":"The Cleric","floor":3,"gold_loss":50},{"damage_healed":0,"gold_gain":0,"player_choice":"Entered Light","damage_taken":15,"max_hp_gain":0,"max_hp_loss":0,"event_name":"Shining Light","floor":4,"gold_loss":0,"cards_upgraded":["Dualcast","Zap"]},{"damage_healed":0,"gold_gain":0,"player_choice":"Success","damage_taken":33,"relics_obtained":["HornCleat"],"max_hp_gain":0,"max_hp_loss":0,"event_name":"Scrap Ooze","floor":5,"gold_loss":0},{"damage_healed":0,"gold_gain":0,"player_choice":"Shed Blood","damage_taken":19,"max_hp_gain":5,"max_hp_loss":0,"event_name":"Forgotten Altar","floor":19,"gold_loss":0},{"damage_healed":0,"gold_gain":0,"player_choice":"Inject Mutagens","damage_taken":0,"relics_obtained":["MutagenicStrength"],"max_hp_gain":0,"max_hp_loss":0,"event_name":"Drug Dealer","floor":21,"gold_loss":0},{"damage_healed":0,"gold_gain":0,"player_choice":"Forge","damage_taken":0,"max_hp_gain":0,"max_hp_loss":0,"event_name":"Accursed Blacksmith","floor":22,"gold_loss":0,"cards_upgraded":["Compile Driver"]},{"cards_removed":["Strike_B"],"damage_healed":0,"gold_gain":0,"player_choice":"Gave Gold","damage_taken":0,"max_hp_gain":0,"max_hp_loss":0,"event_name":"Beggar","floor":25,"gold_loss":75},{"damage_healed":0,"gold_gain":0,"player_choice":"Embrace Madness","damage_taken":11,"max_hp_gain":0,"max_hp_loss":0,"event_name":"Winding Halls","floor":36,"gold_loss":0,"cards_obtained":["Madness","Madness"]},{"damage_healed":0,"gold_gain":0,"player_choice":"Fight","damage_taken":0,"max_hp_gain":0,"max_hp_loss":0,"event_name":"MindBloom","floor":37,"gold_loss":0},{"damage_healed":0,"gold_gain":0,"player_choice":"Ignored","damage_taken":0,"max_hp_gain":0,"max_hp_loss":0,"event_name":"Tomb of Lord Red Mask","floor":39,"gold_loss":0},{"damage_healed":0,"gold_gain":100,"player_choice":"Pray","damage_taken":0,"max_hp_gain":0,"max_hp_loss":0,"event_name":"Golden Shrine","floor":45,"gold_loss":0}],"is_beta":false,"boss_relics":[{"not_picked":["Fusion Hammer","Empty Cage"],"picked":"Ectoplasm"},{"not_picked":["Velvet Choker","Astrolabe"],"picked":"Tiny House"}],"items_purged_floors":[7],"is_endless":false,"potions_floor_spawned":[1,16,24,30,35,41,46],"ascension_level":0}}