{"host":"in0wrqv1d65r4vfd","time":1608606025,"event":{"mods":["BaseMod","Downfall","Minty Spire (QoL Compilation)","Relic Stats","Replay The Spire","StSLib"],"gold_per_floor":[99,117,117,1,19,34,34,134,168,18,38,64,64,49,64,160,160,160,178,178,196,211,51,51,67,9,29,29,46,46,77,90,189,189,189,202,0,0,70,70,70,70,86,11,45,56,56,56,73,73,73,103,23,23,23],"floor_reached":56,"playtime":7467,"items_purged":["champ:Strike","champ:Strike","champ:Strike","champ:Strike"],"score":1282,"play_id":"aa0ed0ad-825e-4d88-98b7-ec2d6505661c","local_time":"20201221220025","is_ascension_mode":false,"campfire_choices":[{"data":"champ:CrownThrow","floor":1.0,"key":"SMITH"},{"data":"champ:Taunt","floor":10.0,"key":"SMITH"},{"data":"champ:TornadoPunch","floor":13.0,"key":"SMITH"},{"data":"champ:SteelEdge","floor":18.0,"key":"SMITH"},{"data":"champ:DefensiveStyle","floor":30.0,"key":"SMITH"},{"floor":35.0,"key":"RECALL"},{"data":"champ:Haymaker","floor":44.0,"key":"SMITH"},{"floor":54,"key":"REST"}],"circlet_count":0,"master_deck":["champ:Defend","champ:Defend","champ:Defend","champ:Defend","champ:Execute","champ:Taunt+1","champ:CrownThrow+1","champ:TornadoPunch+1","champ:FlashCut","champ:GladiatorsShout","champ:RisingSlash","champ:CrookedStrike","champ:Shatter","champ:CheapShot","champ:SteelEdge+1","champ:RecklessLeap+1","champ:StanceDance+1","expansioncontent:PolyBeam","champ:DefensiveStyle+1","champ:Riposte+1","champ:ShieldWall","Bandage Up","champ:GladiatorsShout","champ:ArenaPreparation","Juggernaut+1","champ:Haymaker","champ:Haymaker+1","champ:Circumvent+1","champ:CrownThrow+1","champ:IronFortress+1","champ:DefensiveShout+1","champ:StrikeOfGenius","champ:ArenaPreparation+1","champ:FlashCut","champ:GladiatorStyle"],"relics":["champ:ChampionCrown","Thread and Needle","downfall:HeartBlessingGreen","downfall:HeartBlessingBlue","Orichalcum","Ring of Chaos","Mummified Hand","Lee\u0027s Waffle","InkBottle","ChewingGum","Sling","Ring of Peace","Ring of Hypnosis","Divine Protection","StrikeDummy","Sundial","downfall:HeartBlessingRed","Art of War","champ:FightingForDummies"],"acts_visited":["Exordium","TheCity","TheBeyond","TheEnding"],"potions_floor_usage":[46,52,55,55],"damage_taken":[{"damage":0.0,"enemies":"Cultist","floor":2.0,"turns":4.0},{"damage":11.0,"enemies":"downfall:FleeingMerchant","floor":4.0,"turns":4.0},{"damage":5.0,"enemies":"2 Louse","floor":5.0,"turns":2.0},{"damage":0.0,"enemies":"Small Slimes","floor":6.0,"turns":3.0},{"damage":23.0,"enemies":"3 Sentries","floor":9.0,"turns":8.0},{"damage":0.0,"enemies":"3 Louse","floor":11.0,"turns":3.0},{"damage":5.0,"enemies":"Lagavulin","floor":12.0,"turns":3.0},{"damage":0.0,"enemies":"downfall:FleeingMerchant","floor":14.0,"turns":4.0},{"damage":0.0,"enemies":"2 Fungi Beasts","floor":15.0,"turns":2.0},{"damage":22.0,"enemies":"downfall:Watcher","floor":16.0,"turns":9.0},{"damage":0.0,"enemies":"Chosen","floor":19.0,"turns":5.0},{"damage":27.0,"enemies":"Snake Plant","floor":21.0,"turns":4.0},{"damage":33.0,"enemies":"Sentry and Sphere","floor":22.0,"turns":4.0},{"damage":31.0,"enemies":"downfall:FleeingMerchant","floor":23.0,"turns":5.0},{"damage":31.0,"enemies":"Shelled Parasite and Fungi","floor":25.0,"turns":6.0},{"damage":20.0,"enemies":"downfall:FleeingMerchant","floor":26.0,"turns":4.0},{"damage":47.0,"enemies":"Centurion and Healer","floor":27.0,"turns":7.0},{"damage":25.0,"enemies":"Chosen and Byrds","floor":29.0,"turns":4.0},{"damage":38.0,"enemies":"Replay:Snechameleon","floor":31.0,"turns":4.0},{"damage":10.0,"enemies":"Shelled Parasite and Fungi","floor":32.0,"turns":4.0},{"damage":60.0,"enemies":"downfall:Ironclad","floor":33.0,"turns":5.0},{"damage":48.0,"enemies":"3 Darklings","floor":36.0,"turns":5.0},{"damage":10.0,"enemies":"3 Shapes","floor":43.0,"turns":2.0},{"damage":30,"enemies":"Giant Head","floor":45,"turns":8},{"damage":26,"enemies":"Transient","floor":46,"turns":5},{"damage":10,"enemies":"4 Shapes","floor":49,"turns":4},{"damage":57,"enemies":"downfall:Silent","floor":50,"turns":6},{"damage":72,"enemies":"downfall:CharBossMerchant","floor":52,"turns":8},{"damage":121,"enemies":"downfall:NeowBoss","floor":55,"turns":24}],"seed_played":"2027243493231740803","potions_obtained":[{"floor":2.0,"key":"champ:CounterPotion"},{"floor":5.0,"key":"Doom Potion"},{"floor":9.0,"key":"sneckomod:MuddlingPotion"},{"floor":21.0,"key":"FearPotion"},{"floor":22.0,"key":"PowerPotion"},{"floor":29.0,"key":"ColorlessPotion"},{"floor":36.0,"key":"hexamod:EctoCoolerPotion"},{"floor":46,"key":"EssenceOfSteel"}],"is_trial":false,"path_per_floor":["R","M","?","$","M","M","T","?","E","R","M","E","R","$","M","B",null,"R","M","?","M","M","$","T","M","$","M","?","M","R","E","M","B",null,"R","M","$","?","?","T","T","?","M","R","E","M","?","$","M","B",null,"E","$","R","B",null],"character_chosen":"THE_CHAMP","items_purchased":["champ:GladiatorsShout","expansioncontent:PolyBeam","Lee\u0027s Waffle","champ:ShieldWall","Bandage Up","champ:GladiatorsShout","Sling","champ:GladiatorStyle"],"campfire_rested":1,"item_purchase_floors":[4,23,26,26,26,26,37,53],"current_hp_per_floor":[81,81,81,80,80,80,80,80,65,75,75,75,75,75,75,63,91,91,91,76,74,64,64,64,53,98,86,86,90,90,82,81,50,98,98,85,85,85,85,85,85,85,98,98,98,98,98,98,98,78,98,46,46,75,40],"gold":23,"neow_bonus":"THREE_RARE_CARDS","is_daily":false,"chose_seed":false,"campfire_upgraded":6,"win_rate":0.0,"timestamp":1608606025,"path_taken":["R","M","?","$","M","M","T","?","E","R","M","E","R","$","M","BOSS","R","M","?","?","M","$","T","M","$","M","?","?","R","E","M","BOSS","R","M","$","?","?","?","T","?","M","R","E","?","?","$","M","BOSS","E","$","R","BOSS"],"items_purchased_type":["Card","Card","Relic","Card","Card","Card","Relic","Card"],"build_version":"2020-12-13","purchased_purges":4,"victory":true,"max_hp_per_floor":[81,81,81,81,81,81,81,81,81,91,91,91,91,91,91,91,91,91,91,91,91,91,91,91,91,98,98,98,98,98,98,98,98,98,98,98,98,98,98,98,98,98,98,98,98,98,98,98,98,98,98,98,98,98,98],"relic_stats":{"Lee\u0027s Waffle":45,"counters":[29,156],"Mummified Hand":[59],"Sundial":[8],"Art of War":[2],"Orichalcum":[306],"obtain_stats":[{"Divine Protection":39,"Lee\u0027s Waffle":26,"Ring of Hypnosis":38,"downfall:HeartBlessingRed":44,"champ:ChampionCrown":0,"Thread and Needle":3,"downfall:HeartBlessingGreen":10,"Ring of Chaos":17,"Orichalcum":12,"Smiling Mask":9,"Sling":37,"downfall:HeartBlessingBlue":10,"Mummified Hand":24,"Sundial":41,"Ring of Peace":38,"ChewingGum":34,"Art of War":45,"champ:FightingForDummies":52,"StrikeDummy":40,"InkBottle":31},{"Divine Protection":22,"Lee\u0027s Waffle":16,"Ring of Hypnosis":22,"downfall:HeartBlessingRed":23,"champ:ChampionCrown":0,"Thread and Needle":1,"downfall:HeartBlessingGreen":5,"Ring of Chaos":10,"Orichalcum":7,"Smiling Mask":5,"Sling":22,"downfall:HeartBlessingBlue":5,"Mummified Hand":14,"Sundial":22,"Ring of Peace":22,"ChewingGum":21,"Art of War":24,"champ:FightingForDummies":28,"StrikeDummy":22,"InkBottle":19},{"Divine Protection":99,"Lee\u0027s Waffle":70,"Ring of Hypnosis":99,"downfall:HeartBlessingRed":101,"champ:ChampionCrown":0,"Thread and Needle":4,"downfall:HeartBlessingGreen":21,"Ring of Chaos":42,"Orichalcum":27,"Smiling Mask":21,"Sling":99,"downfall:HeartBlessingBlue":21,"Mummified Hand":60,"Sundial":99,"Ring of Peace":99,"ChewingGum":94,"Art of War":109,"champ:FightingForDummies":132,"StrikeDummy":99,"InkBottle":85}],"InkBottle":[30]},"card_choices":[{"not_picked":["champ:IgnorePain","champ:LastStand"],"picked":"champ:CrownThrow","floor":0.0},{"not_picked":["champ:Backstep","champ:Encircle"],"picked":"champ:TornadoPunch","floor":2.0},{"not_picked":["champ:BerserkersShout","champ:DeathBlow"],"picked":"champ:FlashCut","floor":4.0},{"not_picked":["champ:TornadoPunch","champ:FlashCut"],"picked":"champ:RisingSlash","floor":5.0},{"not_picked":["champ:Backstep","champ:EnGarde","champ:SwordThrow"],"picked":"SKIP","floor":6.0},{"not_picked":["champ:DefensiveShout","champ:Circumvent"],"picked":"champ:CrookedStrike","floor":9.0},{"not_picked":["champ:AdrenalArmor","champ:FlashCut"],"picked":"champ:Shatter","floor":11.0},{"not_picked":["champ:EndlessRage","champ:Backstep"],"picked":"champ:CrookedStrike","floor":12.0},{"not_picked":["champ:Circumvent","champ:CrookedStrike","champ:BerserkersShout"],"picked":"SKIP","floor":14.0},{"not_picked":["champ:BerserkersShout","champ:FanOfKnives"],"picked":"champ:CheapShot","floor":15.0},{"not_picked":["champ:DancingMaster","champ:IgnorePain"],"picked":"champ:SteelEdge","floor":16.0},{"not_picked":["champ:TornadoPunch","champ:FanOfKnives+1"],"picked":"champ:RecklessLeap+1","floor":19.0},{"not_picked":["champ:FightOn","champ:CrookedStrike","champ:RapidStrikes"],"picked":"SKIP","floor":21.0},{"not_picked":["champ:HeartStrike+1","champ:TornadoPunch+1","champ:BerserkersShout+1"],"picked":"SKIP","floor":22.0},{"not_picked":["champ:EndlessRage","champ:LastStand"],"picked":"champ:StanceDance+1","floor":23.0},{"not_picked":["champ:DefensiveShout","champ:Encircle"],"picked":"champ:DefensiveStyle","floor":25.0},{"not_picked":["champ:Shatter","champ:BladeFlurry"],"picked":"champ:Riposte+1","floor":26.0},{"not_picked":["champ:BladeFlurry","champ:EnGarde"],"picked":"champ:ArenaPreparation","floor":27.0},{"not_picked":["champ:BladeFlurry+1","champ:FaceSlap+1"],"picked":"champ:Haymaker","floor":29.0},{"not_picked":["champ:FanOfKnives","champ:SwordThrow","champ:FlashCut+1"],"picked":"SKIP","floor":31.0},{"not_picked":["champ:Encircle","champ:Riposte"],"picked":"champ:Haymaker","floor":32.0},{"not_picked":["champ:PerfectedStrike+1","champ:Shatter"],"picked":"champ:Circumvent+1","floor":36.0},{"not_picked":["champ:IgnorePain","champ:BladeFlurry+1","champ:FlashCut"],"picked":"SKIP","floor":43.0},{"not_picked":["champ:AdrenalArmor+1","champ:PreciseThrust"],"picked":"champ:IronFortress+1","floor":45},{"not_picked":["champ:TornadoPunch+1","champ:HeartStrike"],"picked":"champ:DefensiveShout+1","floor":46},{"not_picked":["champ:ViciousMockery+1","champ:FanOfKnives+1"],"picked":"champ:ArenaPreparation+1","floor":49},{"not_picked":["champ:Riposte","champ:Encircle"],"picked":"champ:FlashCut","floor":52}],"player_experience":904999,"relics_obtained":[{"floor":9.0,"key":"Smiling Mask"},{"floor":12.0,"key":"Orichalcum"},{"floor":24.0,"key":"Mummified Hand"},{"floor":31.0,"key":"InkBottle"},{"floor":38.0,"key":"Ring of Peace"},{"floor":38.0,"key":"Ring of Hypnosis"},{"floor":39.0,"key":"Divine Protection"},{"floor":40.0,"key":"StrikeDummy"},{"floor":41.0,"key":"Sundial"},{"floor":45,"key":"Art of War"},{"floor":52,"key":"champ:FightingForDummies"}],"event_choices":[{"cards_removed":["champ:CrookedStrike"],"damage_healed":0.0,"max_hp_gain":0.0,"max_hp_loss":0.0,"gold_gain":0.0,"event_name":"NoteForYourself","player_choice":"Took Card","floor":28.0,"gold_loss":0.0,"damage_taken":0.0,"cards_obtained":["Juggernaut"]},{"damage_healed":0.0,"max_hp_gain":0.0,"max_hp_loss":0.0,"gold_gain":0.0,"event_name":"Duplicator","player_choice":"Copied","floor":42.0,"gold_loss":0.0,"damage_taken":0.0,"cards_obtained":["champ:CrownThrow"]}],"is_beta":false,"boss_relics":[{"not_picked":["Runic Dome","Busted Crown"],"picked":"Ring of Chaos"},{"not_picked":["Replay:Wanted Poster","Honey Jar"],"picked":"ChewingGum"}],"items_purged_floors":[4,23,26,37],"is_endless":false,"potions_floor_spawned":[2,5,9,11,21,22,29,31,33,36,46],"ascension_level":0}}