{"host":"xyexbe31ku0ov20l","time":1608656806,"event":{"mods":["AchievementEnabler","AlwaysNeverKeys","BaseMod","Bestiary","Block Reminder","Colored Map","Colored Powertips","Curses Come First","Displayed Cursed Tome","Minty Spire (QoL Compilation)","Permanent Neow","Quick Restart","Random Character Button","Rare Cards Sparkle","Relic Stats","StSLib"],"gold_per_floor":[112,112,37,212,231,231,247,247,247,247,247],"floor_reached":10,"playtime":4412,"items_purged":["Strike_P"],"score":73,"play_id":"ca1d7444-0cfe-46c0-b151-2f533f3ec66c","local_time":"20201222090646","is_ascension_mode":true,"campfire_choices":[{"data":"Magnetism","floor":6,"key":"SMITH"},{"floor":8,"key":"REST"}],"circlet_count":0,"master_deck":["Strike_P","Strike_P","Strike_P","Defend_P","Defend_P","Defend_P","Defend_P","Eruption","Vigilance","Magnetism+1","SignatureMove","Doubt","BowlingBash","Vengeance"],"relics":["PureWater","Bag of Marbles","Mummified Hand"],"acts_visited":["Exordium"],"potions_floor_usage":[10,10],"damage_taken":[{"damage":5,"enemies":"2 Louse","floor":1,"turns":3},{"damage":1,"enemies":"Small Slimes","floor":5,"turns":5},{"damage":10,"enemies":"Jaw Worm","floor":7,"turns":4},{"damage":47,"enemies":"Lagavulin","floor":10,"turns":4}],"seed_played":"2802445065988938087","potions_obtained":[{"floor":1,"key":"Strength Potion"},{"floor":7,"key":"GamblersBrew"}],"is_trial":false,"path_per_floor":["M","?","$","?","M","R","M","R","T","E"],"character_chosen":"WATCHER","items_purchased":[],"campfire_rested":1,"item_purchase_floors":[],"current_hp_per_floor":[42,35,35,35,34,34,24,45,45,0,0],"gold":247,"neow_bonus":"RANDOM_COLORLESS_2","is_daily":false,"chose_seed":false,"campfire_upgraded":1,"win_rate":0.0,"timestamp":1608656806,"path_taken":["M","?","$","?","M","R","M","R","T","E"],"items_purchased_type":[],"build_version":"2020-12-13","purchased_purges":1,"victory":false,"max_hp_per_floor":[72,72,72,72,72,72,72,72,72,72,72],"relic_stats":{"counters":[4,16],"Mummified Hand":[2],"obtain_stats":[{"Mummified Hand":9,"Bag of Marbles":2,"PureWater":0},{"Mummified Hand":3,"Bag of Marbles":1,"PureWater":0},{"Mummified Hand":12,"Bag of Marbles":3,"PureWater":0}]},"card_choices":[{"not_picked":["The Bomb","Transmutation"],"picked":"Magnetism","floor":0},{"not_picked":["JustLucky","FlyingSleeves"],"picked":"SignatureMove","floor":1},{"not_picked":["Adaptation","FlyingSleeves"],"picked":"BowlingBash","floor":5},{"not_picked":["JustLucky","EmptyBody"],"picked":"Vengeance","floor":7}],"player_experience":2290323,"relics_obtained":[{"floor":9,"key":"Mummified Hand"}],"event_choices":[{"damage_healed":0,"gold_gain":0,"player_choice":"Success","damage_taken":7,"relics_obtained":["Bag of Marbles"],"max_hp_gain":0,"max_hp_loss":0,"event_name":"Scrap Ooze","floor":2,"gold_loss":0},{"damage_healed":0,"gold_gain":175,"player_choice":"AGREE","damage_taken":0,"max_hp_gain":0,"max_hp_loss":0,"event_name":"Liars Game","floor":4,"gold_loss":0,"cards_obtained":["Doubt"]}],"is_beta":false,"boss_relics":[],"items_purged_floors":[3],"is_endless":false,"potions_floor_spawned":[1,7],"killed_by":"Lagavulin","ascension_level":6}}