{"host":"llpusn9usp8rznkj","time":1608613587,"event":{"mods":["2.2 Compatiblity","Aspiration","BaseMod","Colored Map","Colored Powertips","Conspire","Hubris","Minty Spire (QoL Compilation)","Quick Restart","Rare Cards Sparkle","Replay The Spire","StSLib","The Cursed"],"gold_per_floor":[114,458,477,118,134,134,161,179,179,208,228,240,240,220,220,323,323,337,81,94,108,108,108,108,108,127,160,231,260,260,360,360,84,84,193,220,234,234,234],"floor_reached":38,"playtime":2075,"items_purged":["Strike_P","Strike_P"],"score":654,"play_id":"4606f73b-3243-42ba-8396-a786120c158f","local_time":"20201222000627","is_ascension_mode":true,"campfire_choices":[{"data":"Eruption","floor":6,"key":"SMITH"},{"data":"CutThroughFate","floor":13,"key":"SMITH"},{"data":"ClearTheMind","floor":15,"key":"SMITH"},{"data":"BattleHymn","floor":25,"key":"SMITH"},{"data":"MentalFortress","floor":30,"key":"SMITH"},{"data":"Replay:AtTheReady","floor":32,"key":"SMITH"},{"data":"MasterReality","floor":34,"key":"SMITH"}],"circlet_count":0,"master_deck":["Strike_P","Strike_P+1","Defend_P","Defend_P","Defend_P+1","Defend_P","Eruption+1","Vigilance","Halt","ClearTheMind+1","Vengeance+1","FlurryOfBlows","SandsOfTime","Weave","CutThroughFate+1","FlurryOfBlows","MasterReality+1","Evaluate","LessonLearned","Weave+1","BattleHymn+1","CutThroughFate","Weave+1","Replay:AtTheReady+1","MentalFortress+1","CutThroughFate","Wallop","DeusExMachina","hubris:Wrath","Doubt","Clumsy"],"relics":["ChewingGum","Old Coin","aspiration:AnachronicSnailShell","aspiration:Lifesprig","Question Card","MealTicket","conspire:SpecialSausage","Lantern","aspiration:HummingbirdHeart","The Courier","Onion Ring","Du-Vu Doll","hubris:CrystalStatue","BargainBundle","CeramicFish","Replay:Ancient Bell","Toy Ornithopter","Molten Egg 2","Replay:Towering Pillar of Hats"],"acts_visited":["Exordium","TheCity","TheBeyond"],"potions_floor_usage":[8,12,16,16,18,20,27,35],"damage_taken":[{"damage":0,"enemies":"Small Slimes","floor":1,"turns":3},{"damage":23,"enemies":"conspire:MimicChest","floor":2,"turns":9},{"damage":1,"enemies":"Cultist","floor":3,"turns":3},{"damage":6,"enemies":"2 Louse","floor":5,"turns":2},{"damage":0,"enemies":"Gremlin Nob","floor":7,"turns":2},{"damage":11,"enemies":"Lots of Slimes","floor":8,"turns":3},{"damage":2,"enemies":"Lagavulin","floor":10,"turns":4},{"damage":2,"enemies":"Blue Slaver","floor":11,"turns":2},{"damage":4,"enemies":"Exordium Wildlife","floor":12,"turns":2},{"damage":0,"enemies":"Hexaghost","floor":16,"turns":4},{"damage":0,"enemies":"conspire:FuzzyDice","floor":18,"turns":3},{"damage":14,"enemies":"3 Byrds","floor":20,"turns":4},{"damage":6,"enemies":"Snake Plant","floor":21,"turns":3},{"damage":24,"enemies":"conspire:HollyBat","floor":26,"turns":4},{"damage":2,"enemies":"conspire:Head Lice","floor":27,"turns":5},{"damage":0,"enemies":"Gremlin Leader","floor":29,"turns":3},{"damage":4,"enemies":"Colosseum Slavers","floor":31,"turns":4},{"damage":2,"enemies":"Colosseum Nobs","floor":31,"turns":3},{"damage":0,"enemies":"conspire:MysteriousRune","floor":35,"turns":4},{"damage":1,"enemies":"Orb Walker","floor":37,"turns":3},{"damage":0,"enemies":"3 Darklings","floor":38,"turns":1}],"seed_played":"-6771257300963110516","potions_obtained":[{"floor":2,"key":"LiquidMemories"},{"floor":10,"key":"Fire Potion"},{"floor":11,"key":"Adrenaline Potion"},{"floor":12,"key":"BlessingOfTheForge"},{"floor":14,"key":"PowerPotion"},{"floor":18,"key":"BottledMiracle"},{"floor":26,"key":"SkillPotion"},{"floor":27,"key":"Explosive Potion"},{"floor":35,"key":"BottledMiracle"}],"is_trial":false,"path_per_floor":["M","?","M","$","M","R","E","M","T","E","M","M","R","?","R","B",null,"M","$","M","M","PTL","PTL","?","R","M","E","T","E","R","?","R","$","R","B",null,"M","M"],"character_chosen":"WATCHER","items_purchased":["aspiration:AnachronicSnailShell","FlurryOfBlows","BattleHymn","Lantern","BargainBundle","BlessingOfTheForge","Swift Potion","CeramicFish"],"campfire_rested":0,"item_purchase_floors":[4,4,19,19,33,33,33,33],"current_hp_per_floor":[72,49,48,48,42,42,42,31,31,29,27,23,23,23,23,23,72,72,72,58,52,52,52,52,52,28,26,26,26,26,20,20,35,35,35,72,71,71,71],"gold":234,"neow_bonus":"BOSS_RELIC","is_daily":false,"chose_seed":false,"campfire_upgraded":7,"win_rate":0.0,"timestamp":1608613587,"path_taken":["M","?","M","$","M","R","E","M","T","E","?","M","R","?","R","BOSS","M","?","M","M","PTL","PTL","?","R","?","E","T","E","R","?","R","$","R","BOSS","M","M"],"items_purchased_type":["Relic","Card","Card","Relic","Relic","Potion","Potion","Relic"],"build_version":"2020-12-13","purchased_purges":2,"victory":false,"max_hp_per_floor":[72,72,72,72,72,72,72,72,72,72,72,72,72,72,72,72,72,72,72,72,72,72,72,72,72,72,72,72,72,72,72,72,72,72,72,72,72,72,72],"card_choices":[{"not_picked":["Prostrate","Vengeance"],"picked":"Halt","floor":1},{"not_picked":["SashWhip","Replay:BluntJabs"],"picked":"ClearTheMind","floor":2},{"not_picked":["CarveReality","CrushJoints"],"picked":"Vengeance","floor":3},{"not_picked":["Replay:DivineShield","Omniscience"],"picked":"SandsOfTime","floor":5},{"not_picked":["Replay:Battleflow","Nirvana"],"picked":"Weave","floor":7},{"not_picked":["Meditate","Replay:BluntJabs"],"picked":"CutThroughFate","floor":8},{"not_picked":["SandsOfTime","EmptyBody","Replay:DivineShield"],"picked":"FlurryOfBlows","floor":10},{"not_picked":["Replay:Anticipation","Halt","Pray"],"picked":"MasterReality","floor":11},{"not_picked":["EmptyBody","Replay:Battleflow","Conclude"],"picked":"Evaluate","floor":12},{"not_picked":["Establishment","Judgement","ConjureBlade"],"picked":"LessonLearned","floor":16},{"not_picked":["EmptyBody","Swivel","Indignation+1"],"picked":"Weave+1","floor":18},{"not_picked":["Halt","EmptyBody","FlurryOfBlows"],"picked":"CutThroughFate","floor":20},{"not_picked":["Omniscience","SashWhip","EmptyBody"],"picked":"Weave+1","floor":21},{"not_picked":["WreathOfFlame","ClearTheMind","Replay:BluntJabs"],"picked":"Replay:AtTheReady","floor":26},{"not_picked":["FearNoEvil+1","BowlingBash","FlyingSleeves"],"picked":"MentalFortress","floor":27},{"not_picked":["WreathOfFlame","FlyingSleeves","PathToVictory"],"picked":"CutThroughFate","floor":29},{"not_picked":["EmptyMind","Crescendo+1","FlyingSleeves"],"picked":"Wallop","floor":31},{"not_picked":["Judgement","Brilliance","LessonLearned"],"picked":"DeusExMachina","floor":35},{"not_picked":["Replay:Hysterical Blindness","Writhe","ReplayTheSpireMod:Splinters"],"picked":"hubris:Wrath","floor":36},{"not_picked":["Hallucinations","Overencumbered","Languid"],"picked":"Doubt","floor":36},{"not_picked":["hubris:Lust","Writhe","CommonCold"],"picked":"Clumsy","floor":36},{"not_picked":["Halt+1","Adaptation","ClearTheMind+1","Collect"],"picked":"SKIP","floor":37}],"player_experience":1112996,"relics_obtained":[{"floor":2,"key":"Old Coin"},{"floor":7,"key":"aspiration:Lifesprig"},{"floor":9,"key":"Question Card"},{"floor":10,"key":"MealTicket"},{"floor":27,"key":"aspiration:HummingbirdHeart"},{"floor":28,"key":"The Courier"},{"floor":29,"key":"Onion Ring"},{"floor":31,"key":"Du-Vu Doll"},{"floor":31,"key":"hubris:CrystalStatue"}],"event_choices":[{"damage_healed":0,"gold_gain":0,"player_choice":"Bought 1 Potion","damage_taken":0,"max_hp_gain":0,"max_hp_loss":0,"event_name":"The Woman in Blue","floor":14,"gold_loss":0},{"damage_healed":0,"gold_gain":0,"player_choice":"0 cards matched","damage_taken":0,"max_hp_gain":0,"max_hp_loss":0,"event_name":"Match and Keep!","floor":24,"gold_loss":0,"cards_obtained":[]},{"damage_healed":0,"gold_gain":0,"player_choice":"Fight","damage_taken":0,"max_hp_gain":0,"max_hp_loss":0,"event_name":"Colosseum","floor":31,"gold_loss":0},{"damage_healed":0,"gold_gain":0,"player_choice":"Fought Nobs","damage_taken":0,"max_hp_gain":0,"max_hp_loss":0,"event_name":"Colosseum","floor":31,"gold_loss":0}],"is_beta":false,"boss_relics":[{"not_picked":["Coffee Dripper","Runic Dome"],"picked":"conspire:SpecialSausage"},{"not_picked":["SacredBark","Replay:Bronze Core"],"picked":"Replay:Ancient Bell"},{"not_picked":["aspiration:ChemicalBlood","Centennial Puzzle"],"picked":"Toy Ornithopter"},{"not_picked":["hubris:DisguiseKit","hubris:SphereOfDissonance"],"picked":"Molten Egg 2"},{"not_picked":["aspiration:HatOfInfinitePower","hubris:AstralHammer"],"picked":"Replay:Towering Pillar of Hats"}],"items_purged_floors":[19,33],"is_endless":false,"potions_floor_spawned":[2,10,11,12,18,26,27,35,37],"killed_by":"3 Darklings","ascension_level":2}}