{"host":"jm9833yuloeli2yd","time":1608599565,"event":{"mods":["AchievementEnabler","BaseMod","Better Altar","Better Match","Better Note","Better Sensory Stone","Better Skull","Better Vampires","Colored Map","Colored Powertips","DeckTracker","Minty Spire (QoL Compilation)","Permanent Neow","Quick Restart","Replay The Spire","StSLib","SuperFastMode"],"gold_per_floor":[109,109,126,46,63,63,92,92,92,123,123,134,148,100,100,202,202,221,221,221],"floor_reached":19,"playtime":585,"items_purged":["Decay"],"score":274,"play_id":"741d3cb9-ad2c-4698-b6b1-75b6b5c64ced","local_time":"20201221201245","is_ascension_mode":true,"campfire_choices":[{"data":"MentalFortress","floor":6.0,"key":"SMITH"},{"data":"PathToVictory","floor":11,"key":"SMITH"},{"data":"DeceiveReality","floor":15,"key":"SMITH"}],"circlet_count":0,"master_deck":["AscendersBane","Strike_P","Strike_P","Strike_P","Strike_P","Defend_P","Defend_P","Defend_P","Defend_P","Eruption","Vigilance","MentalFortress+1","PathToVictory+1","InnerPeace","Vault","EmptyFist","CutThroughFate","Hallucinations","PathToVictory+1","DeceiveReality+1","Perseverance","SpiritShield","FlurryOfBlows"],"relics":["PureWater","Replay:Bottled Steam","Ring of Panic","Quantum Egg","Akabeko","ReplayTheSpireMod:CursedCoin","Black Star"],"acts_visited":["Exordium","TheCity"],"potions_floor_usage":[7,16,16,19],"damage_taken":[{"damage":12.0,"enemies":"Small Slimes","floor":1.0,"turns":4.0},{"damage":2.0,"enemies":"Cultist","floor":3.0,"turns":4.0},{"damage":2.0,"enemies":"Jaw Worm","floor":5.0,"turns":5.0},{"damage":4,"enemies":"Gremlin Nob","floor":7,"turns":3},{"damage":9,"enemies":"Lagavulin","floor":10,"turns":7},{"damage":0,"enemies":"3 Louse","floor":12,"turns":2},{"damage":4,"enemies":"Gremlin Gang","floor":13,"turns":5},{"damage":25,"enemies":"Hexaghost","floor":16,"turns":6},{"damage":3,"enemies":"Shell Parasite","floor":18,"turns":4},{"damage":22,"enemies":"Masked Bandits","floor":19,"turns":3}],"seed_played":"9057496256215232485","potions_obtained":[{"floor":1.0,"key":"FearPotion"},{"floor":7,"key":"Explosive Potion"},{"floor":16,"key":"BottledMiracle"}],"is_trial":false,"path_per_floor":["M","?","M","$","M","R","E","?","T","E","R","M","M","$","R","B",null,"M","?"],"character_chosen":"WATCHER","items_purchased":["Vault","ReplayTheSpireMod:CursedCoin","Perseverance","Adrenaline Potion"],"campfire_rested":0,"item_purchase_floors":[4,14,14,14],"current_hp_per_floor":[53,53,51,51,49,49,45,45,45,36,36,36,32,32,32,7,56,53,31,31],"gold":221,"neow_bonus":"THREE_CARDS","is_daily":false,"chose_seed":false,"campfire_upgraded":3,"win_rate":0.0,"timestamp":1608599565,"path_taken":["M","?","M","$","?","R","E","?","T","E","R","M","M","$","R","BOSS","M","?"],"items_purchased_type":["Card","Relic","Card","Potion"],"build_version":"2020-12-13","purchased_purges":1,"victory":false,"max_hp_per_floor":[72,72,72,72,72,72,72,72,72,72,72,72,72,72,72,72,72,72,72,72],"card_choices":[{"not_picked":["SashWhip","InnerPeace"],"picked":"MentalFortress","floor":0.0},{"not_picked":["Indignation","ClearTheMind"],"picked":"PathToVictory","floor":1.0},{"not_picked":["Crescendo","FollowUp"],"picked":"InnerPeace","floor":3.0},{"not_picked":["Prostrate","Crescendo"],"picked":"EmptyFist","floor":5.0},{"not_picked":["Swivel","WreathOfFlame"],"picked":"CutThroughFate","floor":7},{"not_picked":["SashWhip","WheelKick"],"picked":"PathToVictory","floor":10},{"not_picked":["Conclude","CrushJoints","WindmillStrike"],"picked":"SKIP","floor":12},{"not_picked":["ForeignInfluence","Halt"],"picked":"DeceiveReality","floor":13},{"not_picked":["Brilliance","Blasphemy"],"picked":"SpiritShield","floor":16},{"not_picked":["Consecrate+1","Prostrate"],"picked":"FlurryOfBlows","floor":18}],"player_experience":1151142,"relics_obtained":[{"floor":7,"key":"Replay:Bottled Steam"},{"floor":8,"key":"Ring of Panic"},{"floor":9,"key":"Quantum Egg"},{"floor":10,"key":"Akabeko"}],"event_choices":[{"damage_healed":0.0,"max_hp_gain":0.0,"max_hp_loss":0.0,"gold_gain":0.0,"event_name":"Upgrade Shrine","player_choice":"Upgraded","floor":2.0,"gold_loss":0.0,"damage_taken":0.0,"cards_upgraded":["PathToVictory"]},{"damage_healed":0,"gold_gain":0,"player_choice":"Fought Bandits","damage_taken":0,"max_hp_gain":0,"max_hp_loss":0,"event_name":"Masked Bandits","floor":19,"gold_loss":0}],"is_beta":false,"boss_relics":[{"not_picked":["Fusion Hammer","Runic Pyramid"],"picked":"Black Star"}],"items_purged_floors":[14],"is_endless":false,"potions_floor_spawned":[1,7,16],"killed_by":"Masked Bandits","ascension_level":11}}