{"host":"tn4vcbjll0ykc2jj","time":1608672240,"event":{"mods":["ATMod(°¢èªMod)","Act Like it!","BaseMod","Colored Powertips","Gensokyo","Lobotomy","LobotomyExtend","Minty Spire (QoL Compilation)","MostiFishMod","Prisma Mod","Quick Restart","StSLib","TestMod","¡¾ÒÅÎï¿¨ÅÆ¡¿REMEMod"],"gold_per_floor":[111,111,125,125,125,155,155,165,165,165,197,57,77,77,77,182,182,194,212,212,43,20,55,55,84,130,204,257,286,686,717,717,910,919,1015,1091,1165,1237,1319,1319,1472,1472,1472,1491,1491,1615,1658,1111,1111,1261,1261,1261,812,956,1131],"floor_reached":56,"playtime":4087,"items_purged":["PrismaMod:MiyuCommonAttack","PrismaMod:MiyuCommonDefend","PrismaMod:MiyuCommonDefend"],"score":1994,"play_id":"98fbd6a5-13c0-4c68-9656-6b14ca59114b","local_time":"20201223052400","is_ascension_mode":true,"campfire_choices":[{"data":"AT_FamilyPortrait","floor":7.0,"key":"SMITH"},{"data":"PrismaMod:MiyuDefenseRemoval","floor":15.0,"key":"SMITH"},{"floor":32,"key":"RECALL"},{"data":"PrismaMod:MiyuEvokeBuffStr","floor":40,"key":"SMITH"},{"data":"PrismaMod:MiyuBride","floor":42,"key":"SMITH"},{"data":"PrismaMod:MiyuCheapDefend1","floor":49,"key":"SMITH"},{"data":"PrismaMod:MiyuUncommonDexBuff","floor":52,"key":"SMITH"}],"circlet_count":0,"master_deck":["PrismaMod:MiyuCommonDefend","PrismaMod:MiyuCommonDefend+1","PrismaMod:MiyuCommonDefend","PrismaMod:MiyuCommonAttack","PrismaMod:MiyuCheapChannelAttack","PrismaMod:MiyuCheapChannelDefend","AT_FamilyPortrait+1","MostiFishMod:FrostNova","MostiFishMod:WinterMarkForm","PrismaMod:IllyaMinorZwei+1","PrismaMod:MiyuDefenseRemoval+1","CrumblingArmor","PrismaMod:MiyuUncommonDexBuff+1","PrismaMod:MiyuUncommonDexBuff","Bloodbath","PrismaMod:MiyuCheapDefend1+1","Variant","PrismaMod:MiyuUncommonStrBuff+1","MeatLantern","PrismaMod:MiyuBride+1","WallGazer","PrismaMod:MiyuCheapEvoke","PrismaMod:MiyuMaid+1","PrismaMod:MiyuCheapChannelWeak","PrismaMod:MiyuEvokeBuffStr+1","PrismaMod:MiyuUncommonDexBuff+1","PrismaMod:MiyuEvokeBuffStr+1","OldLady","PrismaMod:MiyuDefenseExplosion+1","PrismaMod:MiyuUberAttack+1","PrismaMod:MiyuCheapAttack2+1","PrismaMod:MiyuEvokeBuffStr+1","PrismaMod:MiyuCheapEvoke","PrismaMod:MiyuCheapStrBuff+1","PrismaMod:MiyuCheapAttack2"],"relics":["PrismaMod:PrismaSapphire","DaveBox","testmod-TestBox","REME_ComplimentaryCards","CogitoBucket","testmod-GiftOfSatan","FrostBlade","LetterFromLob","AT_ImmortalShieldbow","Thread and Needle","Frozen Egg 2","DianDianMeat","OriginationStaff","BehaviorAdjustment","testmod-DreamHouse","Happy Flower","Lantern","REME_LimitBreaker","Letter Opener","CeramicFish","War Paint","AT_MortalBlade","AtMidnight","TreeSap","Bottled Flame","AT_TimeSand","HornCleat","AT_ForceNature","Dodecahedron","Orichalcum","testmod-CrystalShield","REME_ArchaeologicalTools"],"acts_visited":["Gensokyo:Gensokyo","Gensokyo:Gensokyoer","Gensokyo:Gensokyoest","TheEnding"],"potions_floor_usage":[31,31,47,54],"damage_taken":[{"damage":3.0,"enemies":"Gensokyo:Gryphon","floor":1.0,"turns":2.0},{"damage":0.0,"enemies":"Gensokyo:3_Fairies","floor":3.0,"turns":3.0},{"damage":4.0,"enemies":"Gensokyo:Aya","floor":6.0,"turns":5.0},{"damage":4.0,"enemies":"Gensokyo:Python","floor":8.0,"turns":3.0},{"damage":10.0,"enemies":"Gensokyo:Cirno","floor":11.0,"turns":4.0},{"damage":0.0,"enemies":"Gensokyo:Gryphon_and_Rabbit","floor":13.0,"turns":1.0},{"damage":7.0,"enemies":"Gensokyo:Kokoro","floor":16.0,"turns":4.0},{"damage":3.0,"enemies":"Gensokyo:3_Dogs","floor":18.0,"turns":5.0},{"damage":2.0,"enemies":"Gensokyo:2_Gloops","floor":19.0,"turns":3.0},{"damage":9.0,"enemies":"Gensokyo:Koishi","floor":23.0,"turns":5.0},{"damage":23.0,"enemies":"Gensokyo:Tenshi","floor":25.0,"turns":3.0},{"damage":4,"enemies":"Gensokyo:Koishi","floor":27,"turns":4},{"damage":2,"enemies":"Gensokyo:Slime_Group","floor":28,"turns":3},{"damage":2,"enemies":"Gensokyo:Wraith","floor":29,"turns":3},{"damage":14,"enemies":"Gensokyo:Swordslinger","floor":31,"turns":2},{"damage":38,"enemies":"Gensokyo:Kaguya","floor":33,"turns":6},{"damage":2,"enemies":"Gensokyo:AncientGuardian","floor":35,"turns":3},{"damage":82,"enemies":"Gensokyo:3_Bats","floor":36,"turns":7},{"damage":47,"enemies":"Gensokyo:Rafflesia","floor":37,"turns":4},{"damage":2,"enemies":"Gensokyo:AtlasGolem","floor":38,"turns":4},{"damage":2,"enemies":"Gensokyo:3_Boulders","floor":39,"turns":3},{"damage":27,"enemies":"Gensokyo:Marisa","floor":41,"turns":5},{"damage":2,"enemies":"Gensokyo:SeedOfUnknown","floor":44,"turns":4},{"damage":2,"enemies":"Gensokyo:4_Bats","floor":46,"turns":4},{"damage":2,"enemies":"Gensokyo:Kasen","floor":47,"turns":3},{"damage":166,"enemies":"Gensokyo:Shinki","floor":50,"turns":8},{"damage":1,"enemies":"Shield and Spear","floor":54,"turns":4},{"damage":1,"enemies":"The Heart","floor":55,"turns":3}],"seed_played":"8306677203071443182","potions_obtained":[{"floor":1.0,"key":"Explosive Potion"},{"floor":13.0,"key":"BlessingOfTheForge"},{"floor":16.0,"key":"DuplicationPotion"},{"floor":18.0,"key":"SmokeBomb"},{"floor":25.0,"key":"Swift Potion"},{"floor":28,"key":"AttackPotion"},{"floor":37,"key":"LiquidMemories"},{"floor":38,"key":"Dexterity Potion"},{"floor":47,"key":"LiquidBronze"}],"is_trial":false,"path_per_floor":["M","T","M","?","?","E","R","M","T","?","E","?","M","E","R","B",null,"M","M","?","$","$","E","?","E","T","E","M","M","?","M","R","B",null,"M","M","M","M","M","R","E","R","T","M","T","M","E","$","R","B",null,"R","$","E","B",null],"character_chosen":"MIYU","items_purchased":["REME_FirmDetermination+1","PrismaMod:MiyuCheapChannelWeak","Dodecahedron","Orichalcum","testmod-Collector","PrismaMod:MiyuCheapPlate+1","testmod-CrystalShield","PrismaMod:MiyuCheapStrBuff+1"],"campfire_rested":0,"item_purchase_floors":[21,22,48,48,48,48,53,53],"current_hp_per_floor":[72,72,75,75,45,41,41,47,47,31,31,31,48,48,48,53,106,125,150,155,170,186,220,239,266,266,326,349,413,413,476,476,505,566,597,620,642,710,781,781,857,857,857,895,895,962,1056,1145,1145,1053,1150,1150,1196,1243,1243],"gold":1131,"neow_bonus":"","is_daily":false,"chose_seed":false,"campfire_upgraded":6,"win_rate":0.0,"timestamp":1608672240,"path_taken":["M","?","?","?","?","E","R","?","T","?","E","?","?","E","R","BOSS","M","?","?","?","$","E","?","E","T","E","?","M","?","M","R","BOSS","M","M","?","M","M","R","E","R","T","M","?","M","E","?","R","BOSS","R","$","E","BOSS"],"items_purchased_type":["Card","Card","Relic","Relic","Card","Card","Relic","Card"],"build_version":"2020-12-13","purchased_purges":3,"victory":true,"max_hp_per_floor":[75,75,75,75,75,75,75,80,80,80,83,83,95,95,95,106,106,126,150,155,170,186,221,240,286,286,336,360,416,416,476,476,535,566,598,636,675,715,788,788,870,870,870,910,910,966,1056,1145,1145,1150,1150,1150,1196,1243,1243],"card_choices":[{"not_picked":["PrismaMod:MiyuCheapAttack2","PrismaMod:MiyuUberAOEAttack"],"picked":"PrismaMod:MiyuDefenseRemoval","floor":1.0},{"not_picked":["VoidDream","Murderer"],"picked":"CrumblingArmor","floor":3.0},{"not_picked":["PrismaMod:MiyuCheapChannelWeak","PrismaMod:MiyuDevil","PrismaMod:MiyuAttackChannelWeak"],"picked":"SKIP","floor":3.0},{"not_picked":["PrismaMod:MiyuCarnivalDefend","PrismaMod:MiyuAttackChannelVul"],"picked":"PrismaMod:MiyuUncommonDexBuff","floor":6.0},{"not_picked":["PrismaMod:MiyuEvokeBuffDex","PrismaMod:MiyuAttackChannelAttack"],"picked":"PrismaMod:MiyuUncommonDexBuff","floor":8.0},{"not_picked":["SpiderBud","GreedKing"],"picked":"Bloodbath","floor":8.0},{"not_picked":["PrismaMod:MiyuUncommonAttack","PrismaMod:MiyuMaid"],"picked":"PrismaMod:MiyuCheapDefend1","floor":11.0},{"not_picked":["Mercenary","DespairKnight"],"picked":"Variant","floor":11.0},{"not_picked":["PrismaMod:MiyuCarnivalAttack","PrismaMod:MiyuAttackChannelAttack"],"picked":"PrismaMod:MiyuUncommonStrBuff+1","floor":13.0},{"not_picked":["CherryBlossoms","Scorched"],"picked":"MeatLantern","floor":13.0},{"not_picked":["PrismaMod:MiyuEvokeAllDefend","PrismaMod:MiyuChannelDefendEvoke"],"picked":"PrismaMod:MiyuBride","floor":16.0},{"not_picked":["FairyFestival","Laetitia"],"picked":"WallGazer","floor":16.0},{"not_picked":["PrismaMod:MiyuUberAttack+1","PrismaMod:MiyuUncommonAttack"],"picked":"PrismaMod:MiyuCheapEvoke","floor":18.0},{"not_picked":["Rudolta","LittleHelper"],"picked":"HappyTeddy","floor":18.0},{"not_picked":["PrismaMod:MiyuDefenseRemoval","PrismaMod:MiyuUncommonStrBuff+1"],"picked":"PrismaMod:MiyuMaid+1","floor":19.0},{"not_picked":["SingingMachine","BigBird"],"picked":"QueenOfHatred","floor":19.0},{"not_picked":["PrismaMod:MiyuCheapAttack1+1","PrismaMod:MiyuEvokeAllAttack"],"picked":"PrismaMod:MiyuEvokeBuffStr","floor":23.0},{"not_picked":["PunishingBird","Scorched"],"picked":"QueenOfHatred","floor":23.0},{"not_picked":["PrismaMod:MiyuEvokeAll","PrismaMod:MiyuCheapChannelAttack"],"picked":"PrismaMod:MiyuDefenseRemoval","floor":25.0},{"not_picked":["BlackSwan","HappyTeddy"],"picked":"OldLady","floor":25.0},{"not_picked":["PrismaMod:MiyuCheapChannelWeak+1","PrismaMod:MiyuUncommonDefend"],"picked":"PrismaMod:MiyuUncommonDexBuff+1","floor":27},{"not_picked":["NakedNest","Rudolta"],"picked":"BeautyBeast","floor":27},{"not_picked":["PrismaMod:MiyuCheapChannelRandom+1","PrismaMod:MiyuMaid"],"picked":"PrismaMod:MiyuCheapPlate+1","floor":28},{"not_picked":["PrismaMod:MiyuUncommonDefend","PrismaMod:MiyuMaid"],"picked":"PrismaMod:MiyuOrbIncreasePerm","floor":29},{"not_picked":["Yin","Scorched"],"picked":"FieryBird","floor":29},{"not_picked":["PrismaMod:MiyuCheapChannelRandom","PrismaMod:MiyuCheapChannelVul+1"],"picked":"PrismaMod:MiyuEvokeBuffStr+1","floor":31},{"not_picked":["Funeral","UniverseFragment"],"picked":"OldLady","floor":31},{"not_picked":["PrismaMod:MiyuEvokeAllAttack","PrismaMod:MiyuEvokeAllDefend"],"picked":"PrismaMod:MiyuUberDefend","floor":33},{"not_picked":["Laetitia","BlueStar"],"picked":"Freischutz","floor":33},{"not_picked":["PrismaMod:MiyuAttackChannelWeak","PrismaMod:MiyuCommonAOEAttack"],"picked":"PrismaMod:MiyuUncommonStrBuff+1","floor":35},{"not_picked":["PrismaMod:MiyuCommonAOEAttack+1","PrismaMod:MiyuMaid"],"picked":"PrismaMod:MiyuDefenseExplosion+1","floor":36},{"not_picked":["PrismaMod:MiyuCheapChannelDefend","PrismaMod:MiyuCheapChannelVul"],"picked":"PrismaMod:MiyuUberAttack+1","floor":37},{"not_picked":["PrismaMod:MiyuCheapChannelVul","PrismaMod:MiyuEvokeCheapAttack+1"],"picked":"PrismaMod:MiyuCheapChannelHeal+1","floor":38},{"not_picked":["PrismaMod:MiyuDefenseExplosion","PrismaMod:MiyuEvokeBuffDex+1"],"picked":"PrismaMod:MiyuCheapAttack2+1","floor":39},{"not_picked":["BlueStar","Laetitia"],"picked":"BigBird","floor":39},{"not_picked":["PrismaMod:MiyuCheapChannelAttack+1","PrismaMod:MiyuUncommonStrBuff+1"],"picked":"PrismaMod:MiyuEvokeBuffStr+1","floor":41},{"not_picked":["Funeral","Woodsman"],"picked":"LongBird","floor":41},{"not_picked":["PrismaMod:MiyuCarnivalAttack","PrismaMod:MiyuCheapChannelAttack"],"picked":"PrismaMod:MiyuCheapEvoke","floor":44},{"not_picked":["PrismaMod:MiyuCarnivalAttack","PrismaMod:MiyuUncommonDefend"],"picked":"PrismaMod:MiyuCheapDexBuff+1","floor":46},{"not_picked":["PrismaMod:MiyuEvokeCheapDefend+1","PrismaMod:MiyuCheapChannelVul+1"],"picked":"PrismaMod:MiyuCheapDexBuff+1","floor":47},{"not_picked":["Yin","BlackSwan"],"picked":"CherryBlossoms","floor":47},{"not_picked":["PrismaMod:MiyuDefenseAbsorbMinor","PrismaMod:MiyuCheapChannelHeal+1"],"picked":"PrismaMod:MiyuCheapAttack2","floor":54}],"player_experience":127293,"relics_obtained":[{"floor":1.0,"key":"LetterFromLob"},{"floor":6.0,"key":"AT_ImmortalShieldbow"},{"floor":9.0,"key":"Thread and Needle"},{"floor":11.0,"key":"DianDianMeat"},{"floor":23.0,"key":"REME_LimitBreaker"},{"floor":25.0,"key":"Letter Opener"},{"floor":26.0,"key":"CeramicFish"},{"floor":27,"key":"War Paint"},{"floor":36,"key":"AtMidnight"},{"floor":41,"key":"Bottled Flame"},{"floor":43,"key":"AT_TimeSand"},{"floor":45,"key":"HornCleat"},{"floor":47,"key":"AT_ForceNature"},{"floor":54,"key":"REME_ArchaeologicalTools"}],"event_choices":[{"damage_healed":0,"gold_gain":400,"player_choice":"Sell","damage_taken":0,"max_hp_gain":0,"max_hp_loss":0,"event_name":"¶÷ÂåË¹µÄÅÌ×Ó","floor":30,"relics_lost":["AT_ATBox"],"gold_loss":0}],"is_beta":false,"boss_relics":[{"not_picked":["OneHitWonderSystem","HereWithMe"],"picked":"testmod-DreamHouse"},{"not_picked":["testmod-EnergyCheck","Cursed Key"],"picked":"AT_MortalBlade"}],"items_purged_floors":[21,48,53],"is_endless":false,"potions_floor_spawned":[1,13,16,18,25,28,37,38,47],"ascension_level":1}}