{"host":"h8l1uc7c2i19r904","time":1608641499,"event":{"mods":["AchievementEnabler","BaseMod","Colored Map","Colored Powertips","Downfall","Minty Spire (QoL Compilation)","Quick Restart","Replay The Spire","StSLib","SuperFastMode"],"gold_per_floor":[119,130,148,160,160,190,190,207,284,295,308,343,343,362,362,465,465,475,492,492,504,504,504],"floor_reached":22,"playtime":1865,"items_purged":[],"score":227,"play_id":"17c0b0af-17ce-451a-b341-c5c46613b3cb","local_time":"20201222045139","is_ascension_mode":false,"campfire_choices":[{"data":"Masterful Stab","floor":7,"key":"SMITH"},{"floor":15,"key":"REST"}],"circlet_count":0,"master_deck":["Strike_G","Strike_G","Strike_G","Strike_G","Strike_G","Defend_G","Defend_G","Defend_G","Defend_G","Survivor","Neutralize","Underhanded Strike","Masterful Stab+1","Poison Darts","Prepared","Poisoned Stab","Backflip","Concentrate","Quick Slash","Underhanded Strike","Bullet Time","Riddle With Holes+1"],"relics":["Ring of the Snake","NeowsBlessing","Nunchaku","Frozen Egg 2","Calipers","Velvet Choker"],"acts_visited":["Exordium","TheCity"],"potions_floor_usage":[12,12],"damage_taken":[{"damage":0,"enemies":"Cultist","floor":1,"turns":1},{"damage":0,"enemies":"Jaw Worm","floor":2,"turns":1},{"damage":0,"enemies":"2 Louse","floor":3,"turns":1},{"damage":11,"enemies":"Exordium Wildlife","floor":4,"turns":4},{"damage":32,"enemies":"Lagavulin","floor":6,"turns":6},{"damage":0,"enemies":"Lots of Slimes","floor":8,"turns":3},{"damage":9,"enemies":"Blue Slaver","floor":10,"turns":2},{"damage":0,"enemies":"Large Slime","floor":11,"turns":5},{"damage":0,"enemies":"Gremlin Nob","floor":12,"turns":2},{"damage":5,"enemies":"3 Louse","floor":14,"turns":2},{"damage":27,"enemies":"Fading Forest","floor":16,"turns":11},{"damage":12,"enemies":"Shell Parasite","floor":18,"turns":3},{"damage":0,"enemies":"Chosen","floor":19,"turns":3},{"damage":40,"enemies":"Shelled Parasite and Fungi","floor":21,"turns":4},{"damage":6,"enemies":"3 Cultists","floor":22,"turns":2}],"seed_played":"-9137914035691315998","potions_obtained":[{"floor":2,"key":"Poison Potion"},{"floor":6,"key":"Energy Potion"},{"floor":8,"key":"Adrenaline Potion"},{"floor":12,"key":"Energy Potion"},{"floor":16,"key":"CultistPotion"}],"is_trial":false,"path_per_floor":["M","M","M","M","?","E","R","M","T","M","M","E","?","M","R","B",null,"M","M","?","M","M"],"character_chosen":"THE_SILENT","items_purchased":[],"campfire_rested":1,"item_purchase_floors":[],"current_hp_per_floor":[70,70,70,59,59,27,27,27,27,18,18,18,18,13,34,15,70,58,58,45,5,0,0],"gold":504,"neow_bonus":"THREE_ENEMY_KILL","is_daily":false,"chose_seed":false,"campfire_upgraded":1,"win_rate":0.0,"timestamp":1608641499,"path_taken":["M","?","M","M","?","E","R","M","T","M","M","E","?","M","R","BOSS","M","M","?","M","M"],"items_purchased_type":[],"build_version":"2020-12-13","purchased_purges":0,"victory":false,"max_hp_per_floor":[70,70,70,70,70,70,70,70,70,70,70,70,70,70,70,70,70,70,70,75,75,75,75],"card_choices":[{"not_picked":["Poisoned Stab","Slice"],"picked":"Underhanded Strike","floor":1},{"not_picked":["Acrobatics","Eviscerate"],"picked":"Masterful Stab","floor":2},{"not_picked":["Bane","Distraction","Backflip"],"picked":"SKIP","floor":3},{"not_picked":["ReplayTheSpireMod:Tripwire","Masterful Stab"],"picked":"Poison Darts","floor":4},{"not_picked":["Blade Dance","Riddle With Holes"],"picked":"Prepared","floor":6},{"not_picked":["Deadly Poison","Underhanded Strike"],"picked":"Poisoned Stab","floor":8},{"not_picked":["After Image+1","Dagger Throw"],"picked":"Backflip","floor":10},{"not_picked":["Escape Plan","Bane"],"picked":"Concentrate","floor":11},{"not_picked":["ReplayTheSpireMod:Tripwire","Dagger Throw"],"picked":"Quick Slash","floor":12},{"not_picked":["Acrobatics","Sucker Punch"],"picked":"Underhanded Strike","floor":14},{"not_picked":["Tools of the Trade+1","Atom Bomb"],"picked":"Bullet Time","floor":16},{"not_picked":["ReplayTheSpireMod:Speed Training","Bouncing Flask","Underhanded Strike"],"picked":"SKIP","floor":18},{"not_picked":["Escape Plan+1","Outmaneuver"],"picked":"Riddle With Holes+1","floor":19},{"not_picked":["Predator","ReplayTheSpireMod:Tripwire","Quick Slash"],"picked":"SKIP","floor":21}],"player_experience":96069,"relics_obtained":[{"floor":6,"key":"Nunchaku"},{"floor":9,"key":"Frozen Egg 2"},{"floor":12,"key":"Calipers"}],"event_choices":[{"damage_healed":0,"gold_gain":0,"player_choice":"Ignored","damage_taken":0,"max_hp_gain":0,"max_hp_loss":0,"event_name":"Liars Game","floor":13,"gold_loss":0},{"damage_healed":0,"gold_gain":0,"player_choice":"Shed Blood","damage_taken":18,"max_hp_gain":5,"max_hp_loss":0,"event_name":"Forgotten Altar","floor":20,"gold_loss":0}],"is_beta":false,"boss_relics":[{"not_picked":["Snecko Scales","Philosopher\u0027s Stone"],"picked":"Velvet Choker"}],"items_purged_floors":[],"is_endless":false,"potions_floor_spawned":[2,6,8,10,12,16,18,21],"killed_by":"3 Cultists","ascension_level":0}}