{"host":"7l2t4psy44vpcd9q","time":1608638955,"event":{"mods":["AchievementEnabler","BaseMod","DeckTracker","Minty Spire (QoL Compilation)","SuperFastMode"],"gold_per_floor":[116,116,126,145,164,189,189,201,201,201,217,230,230,262,262,336,336,352,104,104,119,129,129,157,157,157,82,82,82,93,105,105,179,179,190,12,12,29,46,46,74,74,74,74,37,51,64,84,84,84,84,84],"floor_reached":51,"playtime":2396,"items_purged":["Strike_R","Strike_R+1"],"score":1372,"play_id":"375d4794-ec39-4fd4-8be6-3c41cdf1557c","local_time":"20201222210915","is_ascension_mode":true,"campfire_choices":[{"data":"Uppercut","floor":7.0,"key":"SMITH"},{"data":"Infernal Blade","floor":10.0,"key":"SMITH"},{"data":"Demon Form","floor":15.0,"key":"SMITH"},{"data":"Offering","floor":23.0,"key":"SMITH"},{"floor":29.0,"key":"REST"},{"data":"Evolve","floor":32.0,"key":"SMITH"},{"floor":40.0,"key":"REST"},{"floor":44.0,"key":"REST"},{"floor":49.0,"key":"REST"}],"circlet_count":0,"master_deck":["AscendersBane","Strike_R+1","Strike_R+1","Defend_R+1","Defend_R+1","Defend_R+1","Defend_R+1","Bash","Demon Form+1","Wild Strike","Infernal Blade+1","Uppercut+1","Spot Weakness","Ghostly Armor","Pommel Strike","Power Through","Impervious","Offering+1","Shrug It Off","Evolve+1","Feel No Pain","Immolate","Dropkick","Fire Breathing","Heavy Blade+1","Battle Trance+1","Blood for Blood+1","Havoc+1"],"relics":["Burning Blood","Lantern","White Beast Statue","Pear","Kunai","Philosopher\u0027s Stone","Meat on the Bone","Centennial Puzzle","Fusion Hammer","Art of War","Molten Egg 2"],"acts_visited":["Exordium","TheCity","TheBeyond"],"potions_floor_usage":[],"damage_taken":[{"damage":0.0,"enemies":"Small Slimes","floor":1.0,"turns":3.0},{"damage":7.0,"enemies":"Cultist","floor":3.0,"turns":4.0},{"damage":1.0,"enemies":"2 Louse","floor":4.0,"turns":2.0},{"damage":8.0,"enemies":"Blue Slaver","floor":5.0,"turns":2.0},{"damage":40.0,"enemies":"3 Sentries","floor":6.0,"turns":7.0},{"damage":18.0,"enemies":"Large Slime","floor":8.0,"turns":4.0},{"damage":12.0,"enemies":"2 Fungi Beasts","floor":11.0,"turns":3.0},{"damage":7.0,"enemies":"3 Louse","floor":12.0,"turns":4.0},{"damage":20.0,"enemies":"Lagavulin","floor":14.0,"turns":6.0},{"damage":28.0,"enemies":"Hexaghost","floor":16.0,"turns":10.0},{"damage":26.0,"enemies":"Spheric Guardian","floor":18.0,"turns":5.0},{"damage":15.0,"enemies":"Shell Parasite","floor":21.0,"turns":4.0},{"damage":8.0,"enemies":"3 Cultists","floor":22.0,"turns":5.0},{"damage":31.0,"enemies":"Book of Stabbing","floor":24.0,"turns":6.0},{"damage":6.0,"enemies":"Colosseum Slavers","floor":28.0,"turns":5.0},{"damage":19.0,"enemies":"Sentry and Sphere","floor":30.0,"turns":6.0},{"damage":12.0,"enemies":"Centurion and Healer","floor":31.0,"turns":7.0},{"damage":14.0,"enemies":"Automaton","floor":33.0,"turns":10.0},{"damage":6.0,"enemies":"Orb Walker","floor":35.0,"turns":3.0},{"damage":30.0,"enemies":"3 Darklings","floor":38.0,"turns":3.0},{"damage":25.0,"enemies":"Jaw Worm Horde","floor":39.0,"turns":5.0},{"damage":28.0,"enemies":"Giant Head","floor":41.0,"turns":6.0},{"damage":13.0,"enemies":"Sphere and 2 Shapes","floor":46.0,"turns":6.0},{"damage":7.0,"enemies":"Writhing Mass","floor":47.0,"turns":6.0},{"damage":19.0,"enemies":"Spire Growth","floor":48.0,"turns":4.0},{"damage":61.0,"enemies":"Donu and Deca","floor":50.0,"turns":6.0},{"damage":73,"enemies":"Awakened One","floor":51,"turns":8}],"seed_played":"-8783705038565911565","potions_obtained":[{"floor":1.0,"key":"GamblersBrew"},{"floor":3.0,"key":"Explosive Potion"},{"floor":8.0,"key":"SkillPotion"},{"floor":11.0,"key":"DuplicationPotion"},{"floor":12.0,"key":"Fire Potion"},{"floor":16.0,"key":"Weak Potion"},{"floor":21.0,"key":"Regen Potion"},{"floor":22.0,"key":"BlessingOfTheForge"},{"floor":24.0,"key":"EssenceOfSteel"},{"floor":30.0,"key":"Block Potion"},{"floor":31.0,"key":"LiquidMemories"},{"floor":33.0,"key":"FairyPotion"},{"floor":35.0,"key":"PowerPotion"},{"floor":38.0,"key":"ElixirPotion"},{"floor":39.0,"key":"CultistPotion"}],"is_trial":false,"path_per_floor":["M","?","M","M","M","E","R","M","T","R","M","M","?","E","R","B",null,"M","$","?","M","M","R","E","?","T","?","?","R","M","M","R","B",null,"M","$","?","M","M","R","E","?","T","R","$","M","M","M","R","B","B"],"character_chosen":"IRONCLAD","items_purchased":["Offering","Fire Breathing","Blood for Blood+1"],"campfire_rested":4,"item_purchase_floors":[19,36,45],"current_hp_per_floor":[74,74,73,75,73,39,39,27,37,37,31,30,58,44,44,22,69,49,49,49,40,50,50,25,25,25,25,37,62,49,55,55,59,79,79,79,79,55,48,72,50,50,50,74,74,67,66,53,77,34,0,0],"gold":84,"neow_bonus":"ONE_RANDOM_RARE_CARD","is_daily":false,"chose_seed":false,"campfire_upgraded":5,"win_rate":0.0,"timestamp":1608638955,"path_taken":["M","?","M","?","M","E","R","M","T","R","M","M","?","E","R","BOSS","M","$","?","M","M","R","E","?","T","?","?","R","M","M","R","BOSS","M","$","?","M","M","R","E","?","T","R","$","M","M","M","R","BOSS","BOSS"],"items_purchased_type":["Card","Card","Card"],"build_version":"2020-12-13","purchased_purges":2,"victory":false,"max_hp_per_floor":[75,75,75,75,75,75,75,75,85,85,85,85,85,85,85,85,85,85,85,85,85,85,85,85,85,85,85,85,85,85,85,85,85,85,85,85,81,81,81,81,81,81,81,81,81,81,81,81,81,81,81,81],"card_choices":[{"not_picked":["Dropkick","Warcry"],"picked":"Twin Strike","floor":1.0},{"not_picked":["Power Through","Rage"],"picked":"Wild Strike","floor":3.0},{"not_picked":["Wild Strike","Rage"],"picked":"Infernal Blade","floor":4.0},{"not_picked":["Thunderclap","Hemokinesis"],"picked":"Uppercut","floor":5.0},{"not_picked":["Heavy Blade","Searing Blow","Sever Soul"],"picked":"SKIP","floor":6.0},{"not_picked":["True Grit","Entrench"],"picked":"Spot Weakness","floor":8.0},{"not_picked":["Cleave","Sword Boomerang"],"picked":"Ghostly Armor","floor":11.0},{"not_picked":["Clothesline","Thunderclap"],"picked":"Pommel Strike","floor":12.0},{"not_picked":["Clothesline","Combust"],"picked":"Power Through","floor":14.0},{"not_picked":["Brutality","Demon Form"],"picked":"Impervious","floor":16.0},{"not_picked":["Clash+1","Dual Wield","Perfected Strike"],"picked":"SKIP","floor":18.0},{"not_picked":["Anger","Clash","Warcry"],"picked":"SKIP","floor":21.0},{"not_picked":["Body Slam","Fire Breathing"],"picked":"Shrug It Off","floor":22.0},{"not_picked":["Ghostly Armor","True Grit"],"picked":"Evolve","floor":24.0},{"not_picked":["Carnage","Warcry","Berserk"],"picked":"SKIP","floor":30.0},{"not_picked":["Carnage","Thunderclap"],"picked":"Feel No Pain","floor":31.0},{"not_picked":["Bludgeon","Impervious"],"picked":"Immolate","floor":33.0},{"not_picked":["Sever Soul","Blood for Blood"],"picked":"Dropkick","floor":35.0},{"not_picked":["Blood for Blood","Feel No Pain","Pommel Strike"],"picked":"SKIP","floor":38.0},{"not_picked":["Clash","Carnage"],"picked":"Heavy Blade+1","floor":39.0},{"not_picked":["Burning Pact","Body Slam+1"],"picked":"Battle Trance+1","floor":41.0},{"not_picked":["Feel No Pain+1","Iron Wave+1","Body Slam+1"],"picked":"SKIP","floor":46.0},{"not_picked":["Clothesline+1","Body Slam+1"],"picked":"Havoc+1","floor":47.0},{"not_picked":["Rage+1","Headbutt+1","Twin Strike+1"],"picked":"SKIP","floor":48.0}],"player_experience":1128257,"relics_obtained":[{"floor":6.0,"key":"White Beast Statue"},{"floor":9.0,"key":"Pear"},{"floor":14.0,"key":"Kunai"},{"floor":24.0,"key":"Meat on the Bone"},{"floor":26.0,"key":"Centennial Puzzle"},{"floor":41.0,"key":"Art of War"},{"floor":43.0,"key":"Molten Egg 2"}],"event_choices":[{"cards_removed":["Twin Strike"],"damage_healed":0.0,"max_hp_gain":0.0,"max_hp_loss":0.0,"gold_gain":0.0,"event_name":"WeMeetAgain","player_choice":"Gave Card","floor":2.0,"gold_loss":0.0,"damage_taken":0.0,"relics_obtained":["Lantern"]},{"damage_healed":28.0,"max_hp_gain":0.0,"max_hp_loss":0.0,"gold_gain":0.0,"event_name":"Big Fish","player_choice":"Banana","floor":13.0,"gold_loss":0.0,"damage_taken":0.0},{"damage_healed":0.0,"max_hp_gain":0.0,"max_hp_loss":0.0,"gold_gain":0.0,"event_name":"Ghosts","player_choice":"Ignored","floor":20.0,"gold_loss":0.0,"damage_taken":0.0},{"damage_healed":0.0,"max_hp_gain":0.0,"max_hp_loss":0.0,"gold_gain":0.0,"event_name":"Back to Basics","player_choice":"Simplicity","floor":25.0,"gold_loss":0.0,"damage_taken":0.0,"cards_upgraded":["Strike_R","Strike_R","Strike_R","Strike_R","Defend_R","Defend_R","Defend_R","Defend_R"]},{"cards_removed":["Strike_R"],"damage_healed":0.0,"max_hp_gain":0.0,"max_hp_loss":0.0,"gold_gain":0.0,"event_name":"Beggar","player_choice":"Gave Gold","floor":27.0,"gold_loss":75.0,"damage_taken":0.0},{"damage_healed":0.0,"max_hp_gain":0.0,"max_hp_loss":0.0,"gold_gain":0.0,"event_name":"Colosseum","player_choice":"Fight","floor":28.0,"gold_loss":0.0,"damage_taken":0.0},{"damage_healed":0.0,"max_hp_gain":0.0,"max_hp_loss":0.0,"gold_gain":0.0,"event_name":"Colosseum","player_choice":"Fled From Nobs","floor":28.0,"gold_loss":0.0,"damage_taken":0.0},{"damage_healed":0.0,"max_hp_gain":0.0,"max_hp_loss":4.0,"gold_gain":0.0,"event_name":"Winding Halls","player_choice":"Max HP","floor":37.0,"gold_loss":0.0,"damage_taken":0.0},{"damage_healed":0.0,"max_hp_gain":0.0,"max_hp_loss":0.0,"gold_gain":0.0,"event_name":"Mysterious Sphere","player_choice":"Ignored","floor":42.0,"gold_loss":0.0,"damage_taken":0.0}],"is_beta":false,"boss_relics":[{"not_picked":["Runic Dome","Runic Pyramid"],"picked":"Philosopher\u0027s Stone"},{"not_picked":["Black Blood","Black Star"],"picked":"Fusion Hammer"}],"items_purged_floors":[19,36],"is_endless":false,"potions_floor_spawned":[1,3,8,11,12,14,16,18,21,22,24,28,30,31,33,35,38,39,41,46,47,48],"killed_by":"Awakened One","ascension_level":20}}