{"host":"ur3jhul21nnc6809","time":1608640297,"event":{"mods":["ATMod(∞¢Ë™Mod)","Act Like it!","BaseMod","Better Vampires","Dota2Spire","Downfall","Friendly Minions","Gensokyo","KinomotoSakuraMod(ƒæ÷Æ±æ”£)","Marisa£®ÏF”Í°°ƒß¿Ì…≥£©","Minty Spire (QoL Compilation)","Prisma Mod","Reimu£®≤©¿ˆ¡È√Œ£©","Remilia£®¿Ÿ√◊¿Ú—«£©","Replay The Spire","StSLib","The Alterego","The Servant 0.9.4","[IsaacMod]“‘»ˆº‚À˛","°æ“≈ŒÔø®≈∆°øREMEMod"],"gold_per_floor":[117,117,117,192,192,323,334,334,361,394,519,519,537,598,598,748,748,767,533,580,619,660,660,813,882,905,602,585,585,585,585],"floor_reached":30,"playtime":1764,"items_purged":["Hallucinations","alterego_mod:Defend"],"score":353,"play_id":"d3213765-2184-4bc4-a38c-1df7e5673e2f","local_time":"20201222203137","is_ascension_mode":false,"campfire_choices":[{"data":"alterego_mod:Tantrum","floor":8.0,"key":"SMITH"},{"data":"alterego_mod:Rip","floor":12.0,"key":"SMITH"},{"floor":15,"key":"REST"},{"data":"alterego_mod:Cushion","floor":23,"key":"SMITH"},{"floor":29,"key":"REST"}],"circlet_count":0,"master_deck":["alterego_mod:Strike","alterego_mod:Strike","alterego_mod:Strike","alterego_mod:Strike","alterego_mod:Defend","alterego_mod:Defend","alterego_mod:Defend","alterego_mod:Impale","alterego_mod:BigMeatyClaws","alterego_mod:BrynhildrsRune","BettingIsNotGood","AT_FamilyPortrait","alterego_mod:HighServant","alterego_mod:BiFurious","alterego_mod:Bunnysuit","alterego_mod:DiscoLights","alterego_mod:Pet","alterego_mod:BiFurious","alterego_mod:Tantrum+1","alterego_mod:Lingerie","alterego_mod:Rip+1","alterego_mod:Cycle+1","alterego_mod:IdEs","AbeCurse","alterego_mod:STier","alterego_mod:Cushion+1","Replay:SS_hec_1","alterego_mod:Mirror","alterego_mod:Valentines+1","alterego_mod:HighServant+1","alterego_mod:InsideBaseball"],"relics":["alterego_mod:MasochisticConstitution","HushsDoor","REME_ComplimentaryCards","AT_ATBox","NeowsBlessing","SteamSale","ReplayTheSpireMod:Ring of Challenge","AT_TheCollector","Simple Rune","AT_ForceNature","Abe\u0027s Treasure","MyShadow","AT_MibuBalloonWealth","REME_OnlineShoppingPlatform","Red Mask","Dota2Spire:Vanguard","Lantern","BargainBundle","Golden Egg","BookOfRevelations","Mastiff:ReiMu"],"acts_visited":["Exordium","TheCity"],"potions_floor_usage":[16,16,20,20,20,28,28,28,28,28,28,28,28,28,28,28],"damage_taken":[{"damage":0.0,"enemies":"Cultist","floor":1.0,"turns":1.0},{"damage":0.0,"enemies":"Lagavulin","floor":6.0,"turns":1.0},{"damage":0.0,"enemies":"Jaw Worm","floor":7.0,"turns":1.0},{"damage":6.0,"enemies":"2 Louse","floor":10.0,"turns":3.0},{"damage":18.0,"enemies":"Gremlin Nob","floor":11.0,"turns":4.0},{"damage":12.0,"enemies":"Blue Slaver","floor":13.0,"turns":3.0},{"damage":12.0,"enemies":"Looter","floor":14.0,"turns":2.0},{"damage":55,"enemies":"Fading Forest","floor":16,"turns":11},{"damage":0,"enemies":"Spheric Guardian","floor":18,"turns":2},{"damage":0,"enemies":"Masked Bandits","floor":20,"turns":3},{"damage":4,"enemies":"Shell Parasite","floor":21,"turns":3},{"damage":19,"enemies":"Snake Plant","floor":22,"turns":3},{"damage":26,"enemies":"Book of Stabbing","floor":24,"turns":4},{"damage":31,"enemies":"Centurion and Healer","floor":25,"turns":7},{"damage":12,"enemies":"Gremlin Leader","floor":28,"turns":5},{"damage":0,"enemies":"Shelled Parasite and Fungi","floor":30,"turns":1}],"seed_played":"-437360229683665308","potions_obtained":[{"floor":1.0,"key":"hexamod:EctoCoolerPotion"},{"floor":6.0,"key":"Fire Potion"},{"floor":7.0,"key":"CultistPotion"},{"floor":14.0,"key":"Dota2Spire:HealingSalve"},{"floor":16,"key":"BlessingOfTheForge"}],"is_trial":false,"path_per_floor":["M","?","?","?","T","E","M","R","T","M","E","R","M","M","R","B",null,"M","$","?","M","M","R","E","M","T","$","E","R","M"],"character_chosen":"The_Alterego","items_purchased":["alterego_mod:STier","MyShadow","Replay:SS_hec_1","AT_MibuBalloonWealth","REME_OnlineShoppingPlatform","BargainBundle","Golden Egg","BookOfRevelations"],"campfire_rested":2,"item_purchase_floors":[17,17,19,19,19,27,27,27],"current_hp_per_floor":[70,70,70,59,59,59,66,66,66,61,49,49,38,27,49,35,59,60,60,60,61,58,58,54,24,24,24,18,37,37,37],"gold":585,"neow_bonus":"THREE_ENEMY_KILL","is_daily":false,"chose_seed":false,"campfire_upgraded":3,"win_rate":0.0,"timestamp":1608640297,"path_taken":["M","?","?","?","?","E","M","R","T","M","E","R","M","M","R","BOSS","M","$","?","M","M","R","E","M","T","$","E","R","?"],"items_purchased_type":["Card","Relic","Card","Relic","Relic","Relic","Relic","Relic"],"build_version":"2020-12-13","purchased_purges":2,"victory":false,"max_hp_per_floor":[70,70,70,70,70,70,70,70,70,71,72,72,73,74,74,75,59,60,60,60,61,62,62,63,64,64,64,65,65,65,65],"card_choices":[{"not_picked":[],"picked":"BettingIsNotGood","floor":0.0},{"not_picked":["alterego_mod:Complex","alterego_mod:Jiggle"],"picked":"alterego_mod:HighServant","floor":1.0},{"not_picked":["alterego_mod:Smother","alterego_mod:HighServant"],"picked":"alterego_mod:Tantrum","floor":6.0},{"not_picked":["alterego_mod:Skirt","alterego_mod:TrashNCrash"],"picked":"alterego_mod:Lingerie","floor":7.0},{"not_picked":["alterego_mod:Jiggle","alterego_mod:HighServant"],"picked":"alterego_mod:Rip","floor":10.0},{"not_picked":["alterego_mod:BoobPocket","alterego_mod:Maid","alterego_mod:TrashNCrash"],"picked":"SKIP","floor":11.0},{"not_picked":["alterego_mod:TrashNCrash","alterego_mod:Schoolgirl"],"picked":"alterego_mod:Cycle","floor":13.0},{"not_picked":["alterego_mod:BiFurious","alterego_mod:Jiggle","alterego_mod:Maid"],"picked":"SKIP","floor":14.0},{"not_picked":["alterego_mod:Valkyrie","alterego_mod:Tantrum"],"picked":"alterego_mod:IdEs","floor":16},{"not_picked":["alterego_mod:1TonWallop","alterego_mod:Maid"],"picked":"alterego_mod:Cushion","floor":18},{"not_picked":["alterego_mod:1TonWallop","alterego_mod:BoobPocket"],"picked":"alterego_mod:Mirror","floor":21},{"not_picked":["alterego_mod:DiscoLights","alterego_mod:Belle"],"picked":"alterego_mod:Valentines+1","floor":22},{"not_picked":["alterego_mod:Cushion","alterego_mod:Maid"],"picked":"alterego_mod:HighServant+1","floor":24},{"not_picked":["alterego_mod:HighServant","alterego_mod:DeftHands"],"picked":"alterego_mod:InsideBaseball","floor":25},{"not_picked":["alterego_mod:Cycle","alterego_mod:Smother+1","alterego_mod:Skirt"],"picked":"SKIP","floor":28}],"player_experience":606986,"relics_obtained":[{"floor":2.0,"key":"ReplayTheSpireMod:Ring of Challenge"},{"floor":5.0,"key":"AT_TheCollector"},{"floor":6.0,"key":"Simple Rune"},{"floor":11.0,"key":"AT_ForceNature"},{"floor":20,"key":"Red Mask"},{"floor":24,"key":"Dota2Spire:Vanguard"},{"floor":26,"key":"Lantern"},{"floor":28,"key":"Mastiff:ReiMu"}],"event_choices":[{"damage_healed":0.0,"max_hp_gain":0.0,"max_hp_loss":0.0,"gold_gain":75.0,"event_name":"World of Goop","player_choice":"Gather Gold","floor":4.0,"gold_loss":0.0,"damage_taken":11.0},{"damage_healed":0,"gold_gain":0,"player_choice":"Fought Bandits","damage_taken":0,"max_hp_gain":0,"max_hp_loss":0,"event_name":"Masked Bandits","floor":20,"gold_loss":0}],"is_beta":false,"boss_relics":[{"not_picked":["Painkiller Herb","SacredBark"],"picked":"Abe\u0027s Treasure"},{"not_picked":[]}],"items_purged_floors":[19,27],"is_endless":false,"potions_floor_spawned":[1,6,7,14,16,20,25],"killed_by":"Shelled Parasite and Fungi","ascension_level":0}}