{"host":"7xrfhfoo16q2v8hj","time":1608614645,"event":{"mods":["BaseMod","Colored Map","DeckTracker","Highlight Path","Minty Spire (QoL Compilation)","StSLib","SuperFastMode"],"gold_per_floor":[359,359,32,47,47,47,62,62,62,77,94,13,13,13],"floor_reached":13,"playtime":192,"items_purged":[],"score":83,"play_id":"a5f42281-98b3-4732-b7a1-f02809964f6b","local_time":"20201221232405","is_ascension_mode":true,"campfire_choices":[{"floor":6,"key":"REST"}],"circlet_count":0,"master_deck":["Strike_B","Strike_B","Defend_B","Defend_B","Defend_B","Defend_B","Zap","Dualcast","Coolheaded","Doom and Gloom","Static Discharge","Chaos","Ball Lightning","Capacitor","Sweeping Beam","Static Discharge"],"relics":["Cracked Core","StoneCalendar","Eternal Feather","Sundial"],"acts_visited":["Exordium"],"potions_floor_usage":[],"damage_taken":[{"damage":18,"enemies":"Small Slimes","floor":1,"turns":3},{"damage":4,"enemies":"Cultist","floor":4,"turns":3},{"damage":1,"enemies":"2 Louse","floor":7,"turns":3},{"damage":18,"enemies":"Red Slaver","floor":10,"turns":3},{"damage":12,"enemies":"Looter","floor":11,"turns":3},{"damage":24,"enemies":"3 Sentries","floor":13,"turns":3}],"seed_played":"2928894118661026604","potions_obtained":[{"floor":4,"key":"Energy Potion"}],"is_trial":false,"path_per_floor":["M","?","$","M","?","R","M","?","T","M","M","$","E"],"character_chosen":"DEFECT","items_purchased":["StoneCalendar","Doom and Gloom","Static Discharge"],"campfire_rested":1,"item_purchase_floors":[3,3,12],"current_hp_per_floor":[36,36,36,32,32,54,53,53,53,35,23,23,0,0],"gold":13,"neow_bonus":"TWO_FIFTY_GOLD","is_daily":false,"chose_seed":false,"campfire_upgraded":0,"win_rate":0.0,"timestamp":1608614645,"path_taken":["M","?","$","?","?","R","?","?","T","M","M","$","E"],"items_purchased_type":["Relic","Card","Card"],"build_version":"2020-12-13","purchased_purges":0,"victory":false,"max_hp_per_floor":[75,75,75,75,75,75,75,75,75,75,75,75,75,75],"card_choices":[{"not_picked":["Rebound","Melter"],"picked":"Coolheaded","floor":1},{"not_picked":["Beam Cell","BootSequence"],"picked":"Static Discharge","floor":4},{"not_picked":["Redo","Barrage"],"picked":"Ball Lightning","floor":7},{"not_picked":["Coolheaded","Rebound"],"picked":"Capacitor","floor":10},{"not_picked":["Beam Cell","Compile Driver"],"picked":"Sweeping Beam","floor":11}],"player_experience":540986,"relics_obtained":[{"floor":9,"key":"Sundial"}],"event_choices":[{"cards_removed":["Strike_B"],"damage_healed":0,"gold_gain":0,"player_choice":"Offered Basic","damage_taken":0,"max_hp_gain":0,"max_hp_loss":0,"event_name":"Bonfire Elementals","floor":2,"gold_loss":0},{"damage_healed":0,"gold_gain":0,"cards_transformed":["Strike_B"],"player_choice":"Transformed","damage_taken":0,"max_hp_gain":0,"max_hp_loss":0,"event_name":"Transmorgrifier","floor":5,"gold_loss":0,"cards_obtained":["Chaos"]},{"damage_healed":0,"gold_gain":0,"player_choice":"Gave Potion","damage_taken":0,"relics_obtained":["Eternal Feather"],"max_hp_gain":0,"max_hp_loss":0,"event_name":"WeMeetAgain","floor":8,"gold_loss":0}],"is_beta":false,"boss_relics":[],"items_purged_floors":[],"is_endless":false,"potions_floor_spawned":[4],"killed_by":"3 Sentries","ascension_level":2}}