{"host":"or7h59boalwd0rey","time":1608642789,"event":{"mods":["ATMod(°¢èªMod)","Act Like it!","BaseMod","Colored Powertips","Downfall","Gensokyo","Minty Spire (QoL Compilation)","Relic Stats","Replay The Spire","RumiaBox-Â¶Ã×æ«µÄÉñÃØºÐ×Ó","StSLib","vexMod","¡¾ÒÅÎï¿¨ÅÆ¡¿REMEMod"],"gold_per_floor":[110,121,13,13,32,32,32,43,69,86,115,125,55,70,70,422,1088,1106,1125,653,593,268,295,295,295,295,356,392,428,76,122,122,260,260,287,363,383,383,405,405,461,461,461,461,494,290,316,110,110,128],"floor_reached":51,"playtime":2192,"items_purged":[],"score":814,"play_id":"d056a062-431b-4532-a874-12f2958c249c","local_time":"20201222211309","is_ascension_mode":false,"campfire_choices":[{"data":"sneckomod:UnknownClassShop Special","floor":6.0,"key":"SMITH"},{"data":"Dual Wield","floor":25,"key":"SMITH"},{"floor":32,"key":"REST"},{"data":"Armaments","floor":40,"key":"SMITH"},{"data":"Barricade","floor":42,"key":"SMITH"},{"data":"Demonic Infusion","floor":44,"key":"SMITH"},{"data":"Spot Weakness","floor":49,"key":"SMITH"}],"circlet_count":0,"master_deck":["Strike_R+2","Strike_R+1","Strike_R+1","Strike_R+1","Strike_R+1","Defend_R+1","Defend_R+1","Defend_R+2","Defend_R+1","AT_OneInchPunch","sneckomod:UnknownClassShop Special+1","Cleave","Infernal Blade","Replay:Many Hands","Dual Wield+1","Spot Weakness","Rage","AT_Dispersion","Clash","Demonic Infusion+1","AT_FamilyPortrait","Inflame","sneckomod:UnknownClassShop Special+1","Shrug It Off+1","Replay:Undeath\u0027s Touch","AT_IchimonjiDouble+1","Barricade+1","AT_ShrugMaster","Gensokyo:PrivateSquare","Pride","Armaments+1","Spot Weakness+1","Sword Boomerang+1"],"relics":["Burning Blood","REME_ComplimentaryCards","AT_ATBox","NeowsBlessing","Gensokyo:NagashiBinaDoll","Simple Rune","ZombieArmy","vexMod:Dragonfruit","vexMod:RockOfEvil","Membership Card","vexMod:BarristanHead","Replay:Kaleidoscope","Lantern","GodSword1","DollysMirror","Pocketwatch","REME_ArchaeologicalTools","Potion Belt","Thread and Needle","vexMod:ScavengeHelm","OrangePellets","SoulBox","Blue Doll","AT_Kusabimaru","MagicDraw3","PrismaticShard","AT_ArchangelStaff","Shuriken","Lee\u0027s Waffle"],"acts_visited":["Exordium","TheCity","TheCity"],"potions_floor_usage":[23,23,35],"damage_taken":[{"damage":0.0,"enemies":"Gensokyo:2_Kodama","floor":1.0,"turns":1.0},{"damage":0.0,"enemies":"Gensokyo:Gryphon","floor":2.0,"turns":1.0},{"damage":0.0,"enemies":"Gensokyo:Python","floor":5.0,"turns":1.0},{"damage":0.0,"enemies":"Gensokyo:2_Rabbits","floor":8.0,"turns":3.0},{"damage":21.0,"enemies":"Gensokyo:Gryphon_and_Rabbit","floor":10.0,"turns":4.0},{"damage":27.0,"enemies":"Gensokyo:Cirno","floor":11.0,"turns":7.0},{"damage":8.0,"enemies":"Gensokyo:VengefulSpirit","floor":12.0,"turns":3.0},{"damage":0.0,"enemies":"Gensokyo:2_Rabbits","floor":14.0,"turns":2.0},{"damage":38.0,"enemies":"Gensokyo:Yukari","floor":16.0,"turns":9.0},{"damage":12.0,"enemies":"Shell Parasite","floor":18.0,"turns":2.0},{"damage":13.0,"enemies":"3 Byrds","floor":19.0,"turns":3.0},{"damage":10,"enemies":"REME_1_Revenger","floor":23,"turns":3},{"damage":6,"enemies":"Replay:Snechameleon","floor":27,"turns":3},{"damage":13,"enemies":"Snake Plant","floor":28,"turns":3},{"damage":3,"enemies":"Snecko","floor":29,"turns":3},{"damage":23,"enemies":"Sentry and Sphere","floor":31,"turns":4},{"damage":7,"enemies":"Collector","floor":33,"turns":7},{"damage":0,"enemies":"Gensokyo:3_Boulders","floor":35,"turns":3},{"damage":0,"enemies":"Gensokyo:3_Bats","floor":37,"turns":3},{"damage":1,"enemies":"Gensokyo:3_Boulders","floor":39,"turns":4},{"damage":7,"enemies":"Gensokyo:Rafflesia","floor":41,"turns":8},{"damage":4,"enemies":"Gensokyo:Dusk_and_Dawn","floor":45,"turns":3},{"damage":0,"enemies":"Gensokyo:Yuyuko","floor":50,"turns":5}],"seed_played":"-5422944156973983327","potions_obtained":[{"floor":1.0,"key":"champ:CounterPotion"},{"floor":2.0,"key":"Fire Potion"},{"floor":11.0,"key":"Explosive Potion"},{"floor":12.0,"key":"champ:CounterPotion"},{"floor":14.0,"key":"AttackPotion"},{"floor":18.0,"key":"champ:CounterPotion"},{"floor":19.0,"key":"Block Potion"},{"floor":33,"key":"ElixirPotion"},{"floor":35,"key":"Energy Potion"},{"floor":36,"key":"FearPotion"},{"floor":37,"key":"SmokeBomb"},{"floor":41,"key":"FairyPotion"}],"is_trial":false,"path_per_floor":["M","M","COS","?","M","R","?","M","T","M","E","M","$","M","R","B",null,"M","M","$","?","$","E","?","R","T","E","M","M","$","M","R","B",null,"M","?","M","?","M","R","M","R","T","R","M","$","T","$","R","B",null],"character_chosen":"IRONCLAD","items_purchased":["Rage","Membership Card","vexMod:BarristanHead","Replay:Kaleidoscope","AT_FamilyPortrait","Lantern","GodSword1","Inflame","DollysMirror","Shrug It Off+1","Thread and Needle","vexMod:ScavengeHelm","OrangePellets","MagicDraw3","PrismaticShard","Shuriken","Lee\u0027s Waffle"],"campfire_rested":1,"item_purchase_floors":[13,20,20,20,20,22,22,22,22,22,30,30,30,46,46,48,48],"current_hp_per_floor":[80,80,80,80,80,80,80,80,80,65,49,47,47,53,53,21,85,79,72,72,72,72,68,68,68,68,68,61,64,64,47,72,71,85,85,51,57,57,62,62,61,61,61,61,63,63,63,92,92,92],"gold":128,"neow_bonus":"THREE_ENEMY_KILL","is_daily":false,"chose_seed":false,"campfire_upgraded":6,"win_rate":0.0,"timestamp":1608642789,"path_taken":["M","M","COS","?","M","R","?","?","T","M","E","M","?","M","R","BOSS","M","M","$","?","$","E","?","R","T","E","M","M","$","M","R","BOSS","M","?","M","?","M","R","M","R","T","R","?","$","?","$","R","BOSS"],"items_purchased_type":["Card","Relic","Relic","Relic","Card","Relic","Relic","Card","Relic","Card","Relic","Relic","Relic","Relic","Relic","Relic","Relic"],"build_version":"2020-12-13","purchased_purges":0,"victory":true,"max_hp_per_floor":[80,80,80,80,80,80,80,80,80,80,85,85,85,85,85,85,85,85,85,85,85,85,85,85,85,85,85,85,85,85,85,85,85,85,85,85,85,85,85,85,85,85,85,85,85,85,85,92,92,92],"relic_stats":{"OrangePellets":[4],"Lee\u0027s Waffle":29,"counters":[23,85],"Shuriken":[1],"obtain_stats":[{"Lantern":22,"AT_ATBox":0,"Blue Doll":36,"Gensokyo:NagashiBinaDoll":4,"SoulBox":34,"vexMod:RockOfEvil":17,"MagicDraw3":46,"PrismaticShard":46,"AT_ArchangelStaff":47,"Burning Blood":0,"AT_Kusabimaru":43,"DollysMirror":22,"REME_ArchaeologicalTools":26,"ZombieArmy":11,"Potion Belt":27,"Lee\u0027s Waffle":48,"NeowsBlessing":0,"vexMod:ScavengeHelm":30,"Thread and Needle":30,"Replay:Kaleidoscope":20,"vexMod:Dragonfruit":11,"OrangePellets":30,"vexMod:BarristanHead":20,"Shuriken":48,"Simple Rune":9,"Membership Card":20,"REME_ComplimentaryCards":0,"GodSword1":22,"Pocketwatch":23},{"Lantern":11,"AT_ATBox":0,"Blue Doll":18,"Gensokyo:NagashiBinaDoll":2,"SoulBox":17,"vexMod:RockOfEvil":9,"MagicDraw3":22,"PrismaticShard":22,"AT_ArchangelStaff":22,"Burning Blood":0,"AT_Kusabimaru":21,"DollysMirror":11,"REME_ArchaeologicalTools":12,"ZombieArmy":6,"Potion Belt":13,"Lee\u0027s Waffle":22,"NeowsBlessing":0,"vexMod:ScavengeHelm":15,"Thread and Needle":15,"Replay:Kaleidoscope":11,"vexMod:Dragonfruit":6,"OrangePellets":15,"vexMod:BarristanHead":11,"Shuriken":22,"Simple Rune":4,"Membership Card":11,"REME_ComplimentaryCards":0,"GodSword1":11,"Pocketwatch":12},{"Lantern":36,"AT_ATBox":0,"Blue Doll":62,"Gensokyo:NagashiBinaDoll":2,"SoulBox":59,"vexMod:RockOfEvil":31,"MagicDraw3":80,"PrismaticShard":80,"AT_ArchangelStaff":80,"Burning Blood":0,"AT_Kusabimaru":77,"DollysMirror":36,"REME_ArchaeologicalTools":39,"ZombieArmy":12,"Potion Belt":42,"Lee\u0027s Waffle":80,"NeowsBlessing":0,"vexMod:ScavengeHelm":48,"Thread and Needle":48,"Replay:Kaleidoscope":36,"vexMod:Dragonfruit":17,"OrangePellets":48,"vexMod:BarristanHead":36,"Shuriken":80,"Simple Rune":6,"Membership Card":36,"REME_ComplimentaryCards":0,"GodSword1":36,"Pocketwatch":39}],"Burning Blood":102,"Pocketwatch":[15]},"card_choices":[{"not_picked":["Bloodletting","Wild Strike"],"picked":"Cleave","floor":1.0},{"not_picked":["Clothesline","Run Through"],"picked":"Infernal Blade","floor":2.0},{"not_picked":["REME_TheLastStrike+1","AT_DrawKnifeCut+1","AT_IchimonjiDouble+1"],"picked":"SKIP","floor":5.0},{"not_picked":["Headbutt","Body Slam","True Grit"],"picked":"SKIP","floor":5.0},{"not_picked":["Iron Wave","AT_IchimonjiDouble"],"picked":"Replay:Many Hands","floor":7.0},{"not_picked":["Wild Strike","Run Through"],"picked":"Dual Wield","floor":7.0},{"not_picked":["AT_ShrugMaster","AT_BodySlamDance"],"picked":"Spot Weakness","floor":8.0},{"not_picked":["Havoc","Clothesline","True Grit"],"picked":"SKIP","floor":10.0},{"not_picked":["Flex","Warcry","Sentinel"],"picked":"SKIP","floor":11.0},{"not_picked":["REME_Cut","Headbutt","Flame Barrier"],"picked":"SKIP","floor":12.0},{"not_picked":["True Grit","Flex"],"picked":"AT_Dispersion","floor":14.0},{"not_picked":["REME_Fury","Hemogenesis"],"picked":"Demonic Infusion","floor":16.0},{"not_picked":["AT_BodySlamDance","Bloodletting","ReplayTheSpireMod:Strike From Hell+1"],"picked":"SKIP","floor":18.0},{"not_picked":["Warcry","Disarm+1","Searing Blow"],"picked":"SKIP","floor":19.0},{"not_picked":["Clash+1","True Grit","Wild Strike"],"picked":"SKIP","floor":23},{"not_picked":["Disarm","REME_Fury"],"picked":"Replay:Undeath\u0027s Touch","floor":27},{"not_picked":["Wild Strike","Heavy Blade","Clash+1"],"picked":"SKIP","floor":28},{"not_picked":["Twin Strike","Combust","True Grit"],"picked":"SKIP","floor":29},{"not_picked":["Evolve","Pommel Strike"],"picked":"AT_IchimonjiDouble+1","floor":31},{"not_picked":["Feed","Demon Form"],"picked":"Barricade","floor":33},{"not_picked":["Second Wind","Seeing Red+1"],"picked":"AT_ShrugMaster","floor":35},{"not_picked":["REME_Cut","Clothesline","Evolve+1"],"picked":"SKIP","floor":37},{"not_picked":["Evolve+1","Intimidate+1"],"picked":"Armaments","floor":39},{"not_picked":["Iron Wave","Eclipse"],"picked":"Spot Weakness","floor":41},{"not_picked":["ReplayTheSpireMod:Strike From Hell+1","Replay:Undeath\u0027s Touch+1"],"picked":"Sword Boomerang+1","floor":45}],"player_experience":60041,"relics_obtained":[{"floor":9.0,"key":"Simple Rune"},{"floor":11.0,"key":"vexMod:Dragonfruit"},{"floor":23,"key":"Pocketwatch"},{"floor":26,"key":"REME_ArchaeologicalTools"},{"floor":27,"key":"Potion Belt"},{"floor":36,"key":"Blue Doll"},{"floor":43,"key":"AT_Kusabimaru"},{"floor":47,"key":"AT_ArchangelStaff"}],"event_choices":[{"damage_healed":0,"gold_gain":0,"player_choice":"Simplicity","damage_taken":0,"max_hp_gain":0,"max_hp_loss":0,"event_name":"Back to Basics","floor":24,"gold_loss":0,"cards_upgraded":["Strike_R","Strike_R","Strike_R","Strike_R","Strike_R","Defend_R","Defend_R","Defend_R","Defend_R"]}],"is_beta":false,"boss_relics":[{"not_picked":["Coffee Dripper","Fusion Hammer"],"picked":"vexMod:RockOfEvil"},{"not_picked":["Replay:Ancient Bell","REME_DuelDisc"],"picked":"SoulBox"}],"items_purged_floors":[],"is_endless":false,"potions_floor_spawned":[1,2,11,12,14,18,19,33,35,37,41],"ascension_level":0}}