{"host":"y89x8uui45kcjy42","time":1608638770,"event":{"mods":["2.2 Compatiblity","BaseMod","CapriCore","Colored Map","Colored Powertips","Custom Start","Friendly Minions","Highlight Path","Keyboard Shortcuts","Minty Spire (QoL Compilation)","Relic Stats","Slay the Relics Exporter","StSLib","SuperFastMode","Waifu the Spire"],"gold_per_floor":[112,126,276,290,10,10,10,10],"floor_reached":7,"playtime":180,"items_purged":["Strike_B"],"score":82,"play_id":"da8e5f2c-2735-4b87-8907-2ca4e4afba8f","local_time":"20201222210610","is_ascension_mode":true,"campfire_choices":[{"data":"Zap","floor":6,"key":"SMITH"}],"circlet_count":0,"master_deck":["Defend_B","Zap+1","Dualcast","Hologram","Gash","Loop","Panacea","Loop"],"relics":["Cracked Core","Gambling Chip","Membership Card","StoneCalendar"],"acts_visited":["Exordium"],"potions_floor_usage":[],"damage_taken":[{"damage":12,"enemies":"Jaw Worm","floor":1,"turns":2},{"damage":12,"enemies":"Small Slimes","floor":2,"turns":2},{"damage":2,"enemies":"2 Louse","floor":4,"turns":2},{"damage":42,"enemies":"Gremlin Nob","floor":7,"turns":3}],"seed_played":"1087476193400673365","potions_obtained":[{"floor":1,"key":"Weak Potion"}],"is_trial":false,"path_per_floor":["M","M","?","M","$","R","E"],"character_chosen":"DEFECT","items_purchased":["StoneCalendar","Panacea","Loop"],"campfire_rested":0,"item_purchase_floors":[5,5,5],"current_hp_per_floor":[52,40,40,38,38,38,0,0],"gold":10,"neow_bonus":"ONE_RARE_RELIC","is_daily":false,"chose_seed":false,"campfire_upgraded":1,"win_rate":0.0,"timestamp":1608638770,"path_taken":["M","M","?","M","$","R","E"],"items_purchased_type":["Relic","Card","Card"],"build_version":"2020-12-13","purchased_purges":1,"victory":false,"max_hp_per_floor":[71,71,71,71,71,71,71,71],"relic_stats":{"counters":[4,9],"Gambling Chip":[2],"StoneCalendar":[0],"obtain_stats":[{"Gambling Chip":0,"StoneCalendar":5,"Omamori":0,"Membership Card":4,"Cracked Core":0},{"Gambling Chip":0,"StoneCalendar":3,"Omamori":0,"Membership Card":3,"Cracked Core":0},{"Gambling Chip":0,"StoneCalendar":6,"Omamori":0,"Membership Card":6,"Cracked Core":0}]},"card_choices":[{"not_picked":["Beam Cell","Steam"],"picked":"Hologram","floor":1},{"not_picked":["Steam","Fusion"],"picked":"Gash","floor":2},{"not_picked":["Go for the Eyes","Hologram"],"picked":"Loop","floor":4}],"player_experience":509995,"relics_obtained":[],"event_choices":[{"damage_healed":0,"gold_gain":150,"player_choice":"AGREE","damage_taken":0,"max_hp_gain":0,"max_hp_loss":0,"event_name":"Liars Game","floor":3,"gold_loss":0,"cards_obtained":["Doubt"]}],"is_beta":false,"boss_relics":[],"items_purged_floors":[5],"is_endless":false,"potions_floor_spawned":[1],"killed_by":"Gremlin Nob","ascension_level":20}}