{"host":"8by3m8mve9y2rhh4","time":1608661691,"event":{"mods":["BaseMod","Minty Spire (QoL Compilation)","Quick Restart"],"gold_per_floor":[110,124,124,143,22,22,22,47,47,59,71,103,118,148,148,252,252,266,279,290,308,52,83,83,97,97,97,112,140,140,140,140,245,245,259,277,24,74,85,85,119,131,131,159,159,159,191,238,238,238,238,238,36,71,71,71],"floor_reached":55,"playtime":3262,"items_purged":["Regret","Strike_G"],"score":908,"play_id":"287f3e59-e1af-4e52-9e52-8532ce05a673","local_time":"20201222182811","is_ascension_mode":true,"campfire_choices":[{"floor":6,"key":"REST"},{"floor":15,"key":"REST"},{"floor":24,"key":"RECALL"},{"data":"Apotheosis","floor":27,"key":"SMITH"},{"floor":30,"key":"REST"},{"floor":32,"key":"REST"},{"data":"Footwork","floor":40,"key":"SMITH"},{"floor":46,"key":"REST"},{"floor":49,"key":"REST"},{"data":"A Thousand Cuts","floor":52,"key":"SMITH"}],"circlet_count":0,"master_deck":["Strike_G+1","Defend_G","Defend_G","Defend_G+1","Defend_G","Defend_G+1","Survivor","Neutralize","Apotheosis+1","Escape Plan+1","Backflip","Blade Dance","Neutralize","Die Die Die","Quick Slash","Backflip","A Thousand Cuts+1","Footwork+1","Blade Dance","Backflip","Corpse Explosion","Choke+1","Backflip+1","Wraith Form v2+1","Cloak And Dagger+1","Blur+1","Well Laid Plans","Deflect+1","Caltrops"],"relics":["Ring of the Snake","Potion Belt","Pear","War Paint","Centennial Puzzle","Busted Crown","Gremlin Horn","Boot","The Specimen","Astrolabe","Lantern","Torii","The Courier","Blue Candle","Mercury Hourglass","Sundial","Thread and Needle","Orrery","Strawberry"],"acts_visited":["Exordium","TheCity","TheBeyond","TheEnding"],"potions_floor_usage":[10,14,14,16,17,18,19,19,21,21,29,29,33,33,38,38,38,38,41,42,44,44,48,50,50,50,50,50,50,54],"damage_taken":[{"damage":4,"enemies":"Small Slimes","floor":1,"turns":3},{"damage":0,"enemies":"Jaw Worm","floor":2,"turns":3},{"damage":5,"enemies":"Cultist","floor":4,"turns":4},{"damage":6,"enemies":"3 Sentries","floor":8,"turns":6},{"damage":9,"enemies":"Exordium Thugs","floor":10,"turns":3},{"damage":4,"enemies":"Blue Slaver","floor":11,"turns":3},{"damage":4,"enemies":"Lagavulin","floor":12,"turns":7},{"damage":7,"enemies":"Looter","floor":13,"turns":3},{"damage":10,"enemies":"3 Sentries","floor":14,"turns":3},{"damage":27,"enemies":"The Guardian","floor":16,"turns":9},{"damage":3,"enemies":"Shell Parasite","floor":18,"turns":5},{"damage":0,"enemies":"3 Byrds","floor":19,"turns":2},{"damage":8,"enemies":"Snecko","floor":20,"turns":5},{"damage":7,"enemies":"Shelled Parasite and Fungi","floor":21,"turns":4},{"damage":9,"enemies":"Book of Stabbing","floor":23,"turns":6},{"damage":2,"enemies":"Centurion and Healer","floor":25,"turns":5},{"damage":12,"enemies":"Snecko","floor":28,"turns":5},{"damage":5,"enemies":"Slavers","floor":29,"turns":3},{"damage":41,"enemies":"Collector","floor":33,"turns":7},{"damage":2,"enemies":"3 Shapes","floor":35,"turns":6},{"damage":0,"enemies":"Orb Walker","floor":36,"turns":4},{"damage":0,"enemies":"Mind Bloom Boss Battle","floor":38,"turns":7},{"damage":1,"enemies":"Writhing Mass","floor":39,"turns":9},{"damage":15,"enemies":"Giant Head","floor":41,"turns":9},{"damage":1,"enemies":"Sphere and 2 Shapes","floor":42,"turns":4},{"damage":0,"enemies":"Reptomancer","floor":44,"turns":7},{"damage":12,"enemies":"Nemesis","floor":47,"turns":8},{"damage":7,"enemies":"2 Orb Walkers","floor":48,"turns":3},{"damage":2,"enemies":"Donu and Deca","floor":50,"turns":5},{"damage":23,"enemies":"Shield and Spear","floor":54,"turns":7},{"damage":99,"enemies":"The Heart","floor":55,"turns":5}],"seed_played":"4970234246512028312","potions_obtained":[{"floor":1,"key":"Poison Potion"},{"floor":4,"key":"SkillPotion"},{"floor":8,"key":"CultistPotion"},{"floor":12,"key":"SkillPotion"},{"floor":16,"key":"EntropicBrew"},{"floor":18,"key":"EssenceOfSteel"},{"floor":20,"key":"Ancient Potion"},{"floor":23,"key":"Ancient Potion"},{"floor":28,"key":"Swift Potion"},{"floor":29,"key":"Poison Potion"},{"floor":38,"key":"SneckoOil"},{"floor":39,"key":"SpeedPotion"},{"floor":41,"key":"Swift Potion"},{"floor":47,"key":"SkillPotion"}],"is_trial":false,"path_per_floor":["M","M","?","M","$","R","?","E","T","M","M","E","M","E","R","B",null,"M","M","M","M","$","E","R","M","T","R","M","E","R","?","R","B",null,"M","M","$","?","M","R","E","M","T","E","?","R","E","?","R","B",null,"R","$","E","B"],"character_chosen":"THE_SILENT","items_purchased":["Blade Dance","Gremlin Horn","Lantern","EntropicBrew","Orrery"],"campfire_rested":6,"item_purchase_floors":[5,22,37,37,53],"current_hp_per_floor":[66,66,52,47,47,68,68,62,72,63,59,55,48,38,62,35,80,77,77,69,62,62,53,53,51,51,51,39,34,58,42,66,25,80,78,78,78,78,77,77,62,61,61,61,61,80,68,61,80,78,80,80,80,64,0,0],"gold":71,"neow_bonus":"RANDOM_COLORLESS_2","is_daily":false,"chose_seed":false,"campfire_upgraded":3,"win_rate":0.0,"timestamp":1608661691,"path_taken":["M","M","?","M","$","R","?","E","T","M","?","E","M","E","R","BOSS","M","M","M","M","$","E","R","M","T","R","M","E","R","?","R","BOSS","M","M","$","?","M","R","E","M","T","E","?","R","E","?","R","BOSS","R","$","E","BOSS"],"items_purchased_type":["Card","Relic","Relic","Potion","Relic"],"build_version":"2020-12-13","purchased_purges":2,"victory":false,"max_hp_per_floor":[70,70,70,70,70,70,70,70,80,80,80,80,80,80,80,80,80,80,80,80,80,80,80,80,80,80,80,80,80,80,80,80,80,80,80,80,80,80,80,80,80,80,80,80,80,80,80,80,80,80,80,80,80,87,87,87],"card_choices":[{"not_picked":["Thinking Ahead","The Bomb"],"picked":"Apotheosis","floor":0},{"not_picked":["Quick Slash","Terror"],"picked":"Escape Plan","floor":1},{"not_picked":["Setup","Expertise","Dash"],"picked":"SKIP","floor":2},{"not_picked":["Backstab","Dagger Spray"],"picked":"Backflip","floor":4},{"not_picked":["Underhanded Strike","Dodge and Roll"],"picked":"Backflip","floor":8},{"not_picked":["Masterful Stab","Underhanded Strike"],"picked":"A Thousand Cuts","floor":10},{"not_picked":["Catalyst","Outmaneuver"],"picked":"Footwork","floor":11},{"not_picked":["Dodge and Roll","Grand Finale"],"picked":"Blade Dance","floor":12},{"not_picked":["Skewer","Slice","Bouncing Flask"],"picked":"SKIP","floor":13},{"not_picked":["Dagger Throw","Predator"],"picked":"Backflip","floor":14},{"not_picked":["Unload","A Thousand Cuts"],"picked":"Corpse Explosion","floor":16},{"not_picked":["Bane"],"picked":"SKIP","floor":18},{"not_picked":["Heel Hook"],"picked":"SKIP","floor":19},{"not_picked":["Poisoned Stab"],"picked":"SKIP","floor":20},{"not_picked":["Underhanded Strike"],"picked":"SKIP","floor":21},{"not_picked":["Prepared"],"picked":"SKIP","floor":23},{"not_picked":["Tactician"],"picked":"SKIP","floor":25},{"not_picked":["Poisoned Stab+1"],"picked":"SKIP","floor":28},{"not_picked":["Cloak And Dagger"],"picked":"SKIP","floor":29},{"not_picked":[],"picked":"Cloak And Dagger+1","floor":35},{"not_picked":["Cloak And Dagger+1"],"picked":"SKIP","floor":36},{"not_picked":["Backflip"],"picked":"SKIP","floor":39},{"not_picked":[],"picked":"Blur+1","floor":41},{"not_picked":["Deadly Poison"],"picked":"SKIP","floor":42},{"not_picked":[],"picked":"Well Laid Plans","floor":44},{"not_picked":["Leg Sweep"],"picked":"SKIP","floor":47},{"not_picked":[],"picked":"Deflect+1","floor":48},{"not_picked":[],"picked":"Caltrops","floor":53},{"not_picked":["Slice"],"picked":"SKIP","floor":54}],"player_experience":589961,"relics_obtained":[{"floor":8,"key":"Potion Belt"},{"floor":9,"key":"Pear"},{"floor":12,"key":"War Paint"},{"floor":14,"key":"Centennial Puzzle"},{"floor":23,"key":"Boot"},{"floor":29,"key":"The Specimen"},{"floor":38,"key":"Torii"},{"floor":41,"key":"The Courier"},{"floor":43,"key":"Blue Candle"},{"floor":44,"key":"Mercury Hourglass"},{"floor":47,"key":"Sundial"},{"floor":48,"key":"Thread and Needle"},{"floor":54,"key":"Strawberry"}],"event_choices":[{"damage_healed":0,"gold_gain":0,"player_choice":"Entered Light","damage_taken":14,"max_hp_gain":0,"max_hp_loss":0,"event_name":"Shining Light","floor":3,"gold_loss":0,"cards_upgraded":["Defend_G","Strike_G"]},{"damage_healed":0,"gold_gain":0,"player_choice":"3 cards matched","damage_taken":0,"max_hp_gain":0,"max_hp_loss":0,"event_name":"Match and Keep!","floor":7,"gold_loss":0,"cards_obtained":["Neutralize","Die Die Die","Quick Slash"]},{"damage_healed":0,"gold_gain":0,"player_choice":"Obtained Book","damage_taken":16,"max_hp_gain":0,"max_hp_loss":0,"event_name":"Cursed Tome","floor":31,"gold_loss":0},{"damage_healed":0,"gold_gain":0,"player_choice":"Fight","damage_taken":0,"max_hp_gain":0,"max_hp_loss":0,"event_name":"MindBloom","floor":38,"gold_loss":0},{"damage_healed":0,"gold_gain":0,"player_choice":"Ignored","damage_taken":0,"max_hp_gain":0,"max_hp_loss":0,"event_name":"Tomb of Lord Red Mask","floor":45,"gold_loss":0},{"damage_healed":0,"gold_gain":0,"player_choice":"Fight","damage_taken":0,"max_hp_gain":0,"max_hp_loss":0,"event_name":"Mysterious Sphere","floor":48,"gold_loss":0}],"is_beta":false,"boss_relics":[{"not_picked":["Empty Cage","Velvet Choker"],"picked":"Busted Crown"},{"not_picked":["Runic Pyramid","Snecko Eye"],"picked":"Astrolabe"}],"items_purged_floors":[5,53],"is_endless":false,"potions_floor_spawned":[1,4,8,12,16,18,20,23,28,29,38,39,41,47],"killed_by":"The Heart","ascension_level":1}}