{"host":"0cm5wy4nhuju7tij","time":1608611362,"event":{"mods":["2.2 Compatiblity","AchievementEnabler","BaseMod","Better Third Choice","BetterRewards","CatGirl Mod","Colored Powertips","Curses Come First","Custom Start","Displayed Cursed Tome","Downfall","Energized Spire","Filter the Spire","Fireblade Mod","Highlight Path","Jess\u0027s Bottle","Minty Spire (QoL Compilation)","Permanent Neow","Railgun Mod","Robot Space Explorer","Shop Mod","Spicy Shops","StSLib","The Marked","The Servant 0.9.4"],"gold_per_floor":[112,126,142,142,155,155,186,186,186,198,18,44,44,44,44,144,144,109,9,25,25,35,35,48,48,74,87,87,87,87],"floor_reached":29,"playtime":1895,"items_purged":["theCatGirl:Strike","theCatGirl:Strike"],"score":235,"play_id":"ea882739-5e99-4e0e-8ad9-7d7b9700d799","local_time":"20201221232922","is_ascension_mode":false,"campfire_choices":[{"data":"theCatGirl:BleedingWounds","floor":6,"key":"SMITH"},{"floor":8,"key":"REST"},{"floor":13,"key":"REST"},{"floor":15,"key":"REST"},{"floor":23,"key":"REST"},{"floor":25,"key":"REST"}],"circlet_count":0,"master_deck":["theCatGirl:Strike","theCatGirl:Defend","theCatGirl:Defend","theCatGirl:Defend","theCatGirl:Defend+1","theCatGirl:ClawStrike","theCatGirl:Evasion","theCatGirl:BleedingWounds+1","theCatGirl:QuickStrike","theCatGirl:FocusedStrike","theCatGirl:KeepAlert+1","theCatGirl:ClenchYourTeeth","theCatGirl:QuickStrike","theCatGirl:LearnByMistake","theCatGirl:BloodScent","theCatGirl:RageClaws","theCatGirl:Stalk","theCatGirl:Enrage","CurseOfTheBell","theCatGirl:Meow","theCatGirl:AllIn","theCatGirl:Claws","theCatGirl:ElegantStrike","theCatGirl:Howl","theCatGirl:SearchBackpack"],"relics":["theCatGirl:TrainedRelic","theCatGirl:DriedFish","CaptainsWheel","Matryoshka","Ginger","Calling Bell","War Paint","Pear","Gambling Chip","Question Card","Toy Ornithopter"],"acts_visited":["Exordium","TheCity"],"potions_floor_usage":[7,12],"damage_taken":[{"damage":6,"enemies":"2 Louse","floor":1,"turns":4},{"damage":3,"enemies":"Jaw Worm","floor":2,"turns":5},{"damage":6,"enemies":"Cultist","floor":3,"turns":3},{"damage":12,"enemies":"Blue Slaver","floor":5,"turns":4},{"damage":16,"enemies":"Gremlin Nob","floor":7,"turns":5},{"damage":29,"enemies":"Exordium Thugs","floor":10,"turns":8},{"damage":19,"enemies":"3 Sentries","floor":12,"turns":11},{"damage":27,"enemies":"Hexaghost","floor":16,"turns":11},{"damage":23,"enemies":"2 Thieves","floor":18,"turns":5},{"damage":10,"enemies":"Spheric Guardian","floor":20,"turns":6},{"damage":30,"enemies":"Shelled Parasite and Fungi","floor":22,"turns":5},{"damage":44,"enemies":"Snake Plant","floor":24,"turns":7},{"damage":15,"enemies":"Snecko","floor":27,"turns":5},{"damage":16,"enemies":"Centurion and Healer","floor":29,"turns":4}],"seed_played":"-2212923929422751927","potions_obtained":[{"floor":2,"key":"Block Potion"},{"floor":3,"key":"EssenceOfSteel"},{"floor":5,"key":"SkillPotion"},{"floor":24,"key":"Fire Potion"},{"floor":27,"key":"Swift Potion"}],"is_trial":false,"path_per_floor":["M","M","M","?","M","R","E","R","T","M","$","E","R","?","R","B",null,"M","$","M","?","M","R","M","R","T","M","?","M"],"character_chosen":"THE_CATGIRL","items_purchased":["theCatGirl:BloodScent"],"campfire_rested":5,"item_purchase_floors":[11],"current_hp_per_floor":[64,61,55,52,40,40,26,47,47,20,20,5,26,26,47,24,80,57,57,49,49,21,45,3,27,27,14,14,0,0],"gold":87,"neow_bonus":"TRANSFORM_CARD","is_daily":false,"chose_seed":false,"campfire_upgraded":1,"win_rate":0.0,"timestamp":1608611362,"path_taken":["M","M","M","?","M","R","E","R","T","M","$","E","R","?","R","BOSS","M","$","M","?","M","R","M","R","T","M","?","M"],"items_purchased_type":["Card"],"build_version":"2020-12-13","purchased_purges":2,"victory":false,"max_hp_per_floor":[70,70,70,70,70,70,70,70,70,70,70,70,70,70,70,70,80,80,80,80,80,80,80,80,80,80,80,80,80,80],"card_choices":[{"not_picked":["theCatGirl:GoddessOfMisfortune","theCatGirl:ShockedWitness"],"picked":"theCatGirl:QuickStrike","floor":1},{"not_picked":["theCatGirl:ScratchFlurry","theCatGirl:DecliningDefenses"],"picked":"theCatGirl:FocusedStrike","floor":2},{"not_picked":["theCatGirl:ThatWasntIt","theCatGirl:Stalk"],"picked":"theCatGirl:KeepAlert","floor":3},{"not_picked":["theCatGirl:Misfire","theCatGirl:SmellFear"],"picked":"theCatGirl:ClenchYourTeeth","floor":5},{"not_picked":["theCatGirl:FumblingBlow","theCatGirl:ExtremeSpeed"],"picked":"theCatGirl:QuickStrike","floor":7},{"not_picked":["theCatGirl:RunningWithDaggers","theCatGirl:PilingErrors"],"picked":"theCatGirl:LearnByMistake","floor":10},{"not_picked":["theCatGirl:ComboAttack","theCatGirl:UnrelentingAssault"],"picked":"theCatGirl:RageClaws","floor":12},{"not_picked":["theCatGirl:PerfectBlock","theCatGirl:Beastification"],"picked":"theCatGirl:Enrage","floor":16},{"not_picked":["theCatGirl:PilingErrors","theCatGirl:Slip+1","theCatGirl:ExtremeSpeed"],"picked":"SKIP","floor":18},{"not_picked":["theCatGirl:PilingErrors","theCatGirl:BloodScent"],"picked":"theCatGirl:Meow","floor":20},{"not_picked":["theCatGirl:Slip+1","theCatGirl:BloodBath"],"picked":"theCatGirl:AllIn","floor":22},{"not_picked":["theCatGirl:ExtremeSpeed+1","theCatGirl:LearnByMistake"],"picked":"theCatGirl:Claws","floor":24},{"not_picked":["theCatGirl:DecliningDefenses+1","theCatGirl:UnrelentingAssault","theCatGirl:LostTrinket"],"picked":"theCatGirl:ElegantStrike","floor":27}],"player_experience":264214,"relics_obtained":[{"floor":7,"key":"CaptainsWheel"},{"floor":9,"key":"Matryoshka"},{"floor":12,"key":"Ginger"},{"floor":17,"key":"War Paint"},{"floor":17,"key":"Pear"},{"floor":17,"key":"Gambling Chip"},{"floor":26,"key":"Question Card"},{"floor":26,"key":"Toy Ornithopter"}],"event_choices":[{"damage_healed":0,"gold_gain":0,"player_choice":"Relic ","damage_taken":3,"max_hp_gain":0,"max_hp_loss":0,"event_name":"betterThird:BetterScrap","floor":4,"gold_loss":0,"cards_obtained":["Steam Power"]},{"damage_healed":0,"gold_gain":0,"player_choice":"1 cards matched","damage_taken":0,"max_hp_gain":0,"max_hp_loss":0,"event_name":"Match and Keep!","floor":14,"gold_loss":0,"cards_obtained":["theCatGirl:Stalk"]},{"damage_healed":0,"gold_gain":0,"player_choice":"Ignored","damage_taken":0,"max_hp_gain":0,"max_hp_loss":0,"event_name":"Ghosts","floor":21,"gold_loss":0},{"damage_healed":0,"gold_gain":0,"player_choice":"2 cards matched","damage_taken":0,"max_hp_gain":0,"max_hp_loss":0,"event_name":"Match and Keep!","floor":28,"gold_loss":0,"cards_obtained":["theCatGirl:Howl","theCatGirl:SearchBackpack"]}],"is_beta":false,"boss_relics":[{"not_picked":["Busted Crown","SacredBark"],"picked":"Calling Bell"}],"items_purged_floors":[11,19],"is_endless":false,"potions_floor_spawned":[2,3,5,24,27],"killed_by":"Centurion and Healer","ascension_level":0}}