{"host":"19tvufa8xx4wr4o1","time":1608653059,"event":{"mods":["AchievementEnabler","BaseMod","Better Sensory Stone","Better Third Choice","Highlight Path","Minty Spire (QoL Compilation)","Relic Stats","StSLib"],"gold_per_floor":[13,24,0,17,33,33,0,11,11,11,44,59,59,88,88,185,185,196,196,196,216,226,226,226],"floor_reached":23,"playtime":1252,"items_purged":[],"score":274,"play_id":"c799633d-bfcb-40f5-9113-ebf5b0676df4","local_time":"20201222100419","is_ascension_mode":true,"campfire_choices":[{"data":"Eruption","floor":6,"key":"SMITH"},{"data":"SandsOfTime","floor":10,"key":"SMITH"},{"floor":13,"key":"REST"},{"data":"Enlightenment","floor":15,"key":"SMITH"}],"circlet_count":0,"master_deck":["Strike_P","Strike_P","Strike_P","Strike_P","Defend_P","Defend_P","Defend_P","Defend_P","Eruption+1","Vigilance","CrushJoints","Consecrate","Enlightenment+1","SandsOfTime+1","Tantrum","CarveReality","Devotion","FlurryOfBlows","Pain","FearNoEvil+1","Halt+1"],"relics":["PureWater","Girya","Meat on the Bone","The Courier","Gremlin Horn","Philosopher\u0027s Stone","Nilry\u0027s Codex","WarpedTongs"],"acts_visited":["Exordium","TheCity"],"potions_floor_usage":[16,18],"damage_taken":[{"damage":0,"enemies":"Small Slimes","floor":1,"turns":2},{"damage":1,"enemies":"Jaw Worm","floor":2,"turns":6},{"damage":7,"enemies":"2 Louse","floor":4,"turns":2},{"damage":12,"enemies":"Looter","floor":5,"turns":3},{"damage":12,"enemies":"Red Slaver","floor":8,"turns":4},{"damage":9,"enemies":"3 Sentries","floor":11,"turns":7},{"damage":10,"enemies":"Exordium Thugs","floor":12,"turns":3},{"damage":20,"enemies":"Lagavulin","floor":14,"turns":5},{"damage":18,"enemies":"Hexaghost","floor":16,"turns":7},{"damage":0,"enemies":"3 Byrds","floor":18,"turns":2},{"damage":1,"enemies":"Chosen","floor":21,"turns":2},{"damage":42,"enemies":"Snake Plant","floor":22,"turns":5},{"damage":24,"enemies":"Shelled Parasite and Fungi","floor":23,"turns":2}],"seed_played":"9038162577912967337","potions_obtained":[{"floor":4,"key":"FearPotion"},{"floor":8,"key":"StancePotion"},{"floor":11,"key":"Strength Potion"},{"floor":14,"key":"DuplicationPotion"},{"floor":16,"key":"Explosive Potion"}],"is_trial":false,"path_per_floor":["M","M","?","M","M","R","?","M","T","R","E","M","R","E","R","B",null,"M","?","?","M","M","M"],"character_chosen":"WATCHER","items_purchased":[],"campfire_rested":1,"item_purchase_floors":[],"current_hp_per_floor":[65,64,64,57,45,45,51,39,39,39,42,44,67,47,47,41,69,69,53,53,52,22,0,0],"gold":226,"neow_bonus":"ONE_RARE_RELIC","is_daily":false,"chose_seed":false,"campfire_upgraded":3,"win_rate":0.0,"timestamp":1608653059,"path_taken":["M","M","?","M","M","R","?","M","T","R","E","M","R","E","R","BOSS","M","?","?","?","M","M"],"items_purchased_type":[],"build_version":"2020-12-13","purchased_purges":0,"victory":false,"max_hp_per_floor":[72,72,72,72,72,72,78,78,78,78,78,78,78,78,78,78,78,78,78,78,78,78,78,78],"relic_stats":{"Gremlin Horn":[2,2],"counters":[13,50],"obtain_stats":[{"Girya":0,"Gremlin Horn":14,"Nilry\u0027s Codex":19,"Philosopher\u0027s Stone":17,"The Courier":11,"PureWater":0,"Meat on the Bone":9,"WarpedTongs":20},{"Girya":0,"Gremlin Horn":8,"Nilry\u0027s Codex":10,"Philosopher\u0027s Stone":9,"The Courier":6,"PureWater":0,"Meat on the Bone":5,"WarpedTongs":10},{"Girya":0,"Gremlin Horn":32,"Nilry\u0027s Codex":41,"Philosopher\u0027s Stone":39,"The Courier":24,"PureWater":0,"Meat on the Bone":17,"WarpedTongs":41}],"Meat on the Bone":48,"WarpedTongs":[9]},"card_choices":[{"not_picked":["Halt","EmptyBody"],"picked":"CrushJoints","floor":1},{"not_picked":["Pray","CrushJoints","PathToVictory"],"picked":"SKIP","floor":2},{"not_picked":["CrushJoints","FlurryOfBlows"],"picked":"Consecrate","floor":4},{"not_picked":["FollowUp","CrushJoints","WaveOfTheHand"],"picked":"SKIP","floor":5},{"not_picked":["Swivel","Consecrate"],"picked":"SandsOfTime","floor":8},{"not_picked":["CrushJoints","CutThroughFate","DeceiveReality"],"picked":"SKIP","floor":11},{"not_picked":["Prostrate","Brilliance"],"picked":"Tantrum","floor":12},{"not_picked":["ReachHeaven","JustLucky"],"picked":"CarveReality","floor":14},{"not_picked":["Alpha","DevaForm"],"picked":"Devotion","floor":16},{"not_picked":["ThirdEye","Nirvana"],"picked":"FlurryOfBlows","floor":18},{"not_picked":["Adaptation","Halt"],"picked":"FearNoEvil+1","floor":21},{"not_picked":["CarveReality","FlyingSleeves"],"picked":"Halt+1","floor":22}],"player_experience":507499,"relics_obtained":[{"floor":9,"key":"Meat on the Bone"},{"floor":11,"key":"The Courier"},{"floor":14,"key":"Gremlin Horn"},{"floor":19,"key":"Nilry\u0027s Codex"}],"event_choices":[{"damage_healed":0,"gold_gain":0,"player_choice":"Left","damage_taken":0,"max_hp_gain":0,"max_hp_loss":0,"event_name":"betterThird:BetterGoop","floor":3,"gold_loss":24},{"damage_healed":0,"gold_gain":0,"player_choice":"RENOUNCE","damage_taken":33,"max_hp_gain":0,"max_hp_loss":0,"event_name":"betterThird:BetterSerpent","floor":7,"gold_loss":33,"cards_obtained":["Enlightenment"]},{"damage_healed":0,"gold_gain":0,"player_choice":"Obtained Book","damage_taken":16,"max_hp_gain":0,"max_hp_loss":0,"event_name":"Cursed Tome","floor":19,"gold_loss":0},{"damage_healed":0,"gold_gain":0,"player_choice":"Rummage","damage_taken":0,"relics_obtained":["WarpedTongs"],"max_hp_gain":0,"max_hp_loss":0,"event_name":"Accursed Blacksmith","floor":20,"gold_loss":0,"cards_obtained":["Pain"]}],"is_beta":false,"boss_relics":[{"not_picked":["Ectoplasm","Pandora\u0027s Box"],"picked":"Philosopher\u0027s Stone"}],"items_purged_floors":[],"is_endless":false,"potions_floor_spawned":[4,8,11,14,16],"killed_by":"Shelled Parasite and Fungi","ascension_level":7}}