{"host":"gbop6m4qugddaz18","time":1608647602,"event":{"mods":["2.2 Compatiblity","BaseMod","Better Third Choice","Block Reminder","Downfall","GifTheSpireLib","Highlight Path","Minty Spire (QoL Compilation)","Replay The Spire","StSLib"],"gold_per_floor":[116,135,243,260,280,280,311,311,311,324,341,341,341],"floor_reached":12,"playtime":437,"items_purged":[],"score":98,"play_id":"4d2f4056-e35e-43ca-95be-4c008e293407","local_time":"20201222093322","is_ascension_mode":true,"campfire_choices":[{"floor":6,"key":"REST"}],"circlet_count":0,"master_deck":["Strike_G","Strike_G","Strike_G","Strike_G","Strike_G","Defend_G","Defend_G","Defend_G","Defend_G","Survivor","Neutralize","Prepared","Slice","Caltrops","Sucker Punch","Accuracy","Slice","ReplayTheSpireMod:Scrap Shanks","Prepared","Deflect","Fluid Movement"],"relics":["Ring of the Snake","NeowsBlessing","Replay:Baseball","Toy Ornithopter"],"acts_visited":["Exordium"],"potions_floor_usage":[],"damage_taken":[{"damage":0,"enemies":"2 Louse","floor":1,"turns":1},{"damage":0,"enemies":"Small Slimes","floor":2,"turns":1},{"damage":0,"enemies":"Cultist","floor":4,"turns":1},{"damage":3,"enemies":"3 Louse","floor":5,"turns":4},{"damage":34,"enemies":"3 Sentries","floor":7,"turns":9},{"damage":5,"enemies":"Blue Slaver","floor":10,"turns":4},{"damage":12,"enemies":"Exordium Wildlife","floor":11,"turns":4},{"damage":10,"enemies":"Lagavulin","floor":12,"turns":2}],"seed_played":"-1023027541408712431","potions_obtained":[{"floor":1,"key":"Swift Potion"},{"floor":5,"key":"LiquidBronze"},{"floor":10,"key":"Milkshake"}],"is_trial":false,"path_per_floor":["M","M","?","M","M","R","E","?","T","M","M","E"],"character_chosen":"THE_SILENT","items_purchased":[],"campfire_rested":1,"item_purchase_floors":[],"current_hp_per_floor":[70,70,42,42,39,60,26,26,26,21,9,0,0],"gold":341,"neow_bonus":"THREE_ENEMY_KILL","is_daily":false,"chose_seed":false,"campfire_upgraded":0,"win_rate":0.0,"timestamp":1608647602,"path_taken":["M","M","?","M","M","R","E","?","T","M","M","E"],"items_purchased_type":[],"build_version":"2020-12-13","purchased_purges":0,"victory":false,"max_hp_per_floor":[70,70,70,70,70,70,70,70,70,70,70,70,70],"card_choices":[{"not_picked":["Sneak Up","Underhanded Strike"],"picked":"Prepared","floor":1},{"not_picked":["Replay:Poison Smokescreen","Predator"],"picked":"Slice","floor":2},{"not_picked":["Outmaneuver","Blur"],"picked":"Caltrops","floor":3},{"not_picked":["Quick Slash","Dagger Spray"],"picked":"Sucker Punch","floor":3},{"not_picked":["Dagger Spray","Flying Knee"],"picked":"Accuracy","floor":3},{"not_picked":["Riddle With Holes","Sucker Punch"],"picked":"Slice","floor":4},{"not_picked":["Slice","Acrobatics"],"picked":"ReplayTheSpireMod:Scrap Shanks","floor":5},{"not_picked":["Terror","Outmaneuver"],"picked":"Prepared","floor":7},{"not_picked":["Outmaneuver","Terror"],"picked":"Deflect","floor":10},{"not_picked":["Flying Knee","ReplayTheSpireMod:The Works"],"picked":"Fluid Movement","floor":11}],"player_experience":578619,"relics_obtained":[{"floor":7,"key":"Replay:Baseball"},{"floor":9,"key":"Toy Ornithopter"}],"event_choices":[{"cards_removed":["Defend_G"],"damage_healed":0,"gold_gain":0,"player_choice":"Offered Basic","damage_taken":0,"max_hp_gain":0,"max_hp_loss":0,"event_name":"Bonfire Elementals","floor":8,"gold_loss":0}],"is_beta":false,"boss_relics":[],"items_purged_floors":[],"is_endless":false,"potions_floor_spawned":[1,5,10],"killed_by":"Lagavulin","ascension_level":4}}