{"host":"m6aaltr68g9tvoay","time":1608678566,"event":{"mods":["AchievementEnabler","BaseMod","Colored Map","Minty Spire (QoL Compilation)","StSLib"],"gold_per_floor":[113,113,129,129,42,42,42,75,75,75,85,115,135,210,210,284,284,304,204,204],"floor_reached":19,"playtime":651,"items_purged":[],"score":314,"play_id":"a6e4adc1-e8d3-4bf8-ac7d-5cd039e56516","local_time":"20201222150926","is_ascension_mode":true,"campfire_choices":[{"floor":6,"key":"REST"},{"floor":10,"key":"REST"},{"floor":15,"key":"REST"}],"circlet_count":0,"master_deck":["AscendersBane","Strike_B","Strike_B","Strike_B","Strike_B","Defend_B","Defend_B","Defend_B","Defend_B","Zap","Dualcast+1","Rebound","Leap","Self Repair","Ball Lightning","Genetic Algorithm","Ball Lightning","Thunder Strike","CurseOfTheBell","Beam Cell"],"relics":["Cracked Core","HornCleat","Ancient Tea Set","Centennial Puzzle","Odd Mushroom","Calling Bell","Bag of Marbles","White Beast Statue","Turnip"],"acts_visited":["Exordium","TheCity"],"potions_floor_usage":[8,16],"damage_taken":[{"damage":0,"enemies":"Small Slimes","floor":1,"turns":3},{"damage":9,"enemies":"2 Louse","floor":3,"turns":2},{"damage":41,"enemies":"3 Sentries","floor":8,"turns":8},{"damage":7,"enemies":"Jaw Worm","floor":11,"turns":3},{"damage":14,"enemies":"The Mushroom Lair","floor":12,"turns":4},{"damage":7,"enemies":"2 Fungi Beasts","floor":13,"turns":3},{"damage":31,"enemies":"Slime Boss","floor":16,"turns":8},{"damage":39,"enemies":"Shell Parasite","floor":18,"turns":7},{"damage":28,"enemies":"2 Thieves","floor":19,"turns":3}],"seed_played":"825979265394858383","potions_obtained":[{"floor":1,"key":"BlessingOfTheForge"},{"floor":12,"key":"Fire Potion"},{"floor":18,"key":"SmokeBomb"}],"is_trial":false,"path_per_floor":["M","?","M","?","$","R","$","E","T","R","M","?","M","?","R","B",null,"M","M"],"character_chosen":"DEFECT","items_purchased":["Self Repair"],"campfire_rested":3,"item_purchase_floors":[5],"current_hp_per_floor":[64,46,37,37,37,58,58,27,27,48,48,41,41,30,51,27,60,28,0,0],"gold":204,"neow_bonus":"UPGRADE_CARD","is_daily":false,"chose_seed":false,"campfire_upgraded":0,"win_rate":0.0,"timestamp":1608678566,"path_taken":["M","?","M","?","?","R","$","E","T","R","M","?","M","?","R","BOSS","M","M"],"items_purchased_type":["Card"],"build_version":"2020-12-13","purchased_purges":0,"victory":false,"max_hp_per_floor":[71,71,71,71,71,71,71,71,71,71,71,71,71,71,71,71,71,71,71,71],"card_choices":[{"not_picked":["Force Field","Steam"],"picked":"Rebound","floor":1},{"not_picked":["Compile Driver","Steam"],"picked":"Leap","floor":3},{"not_picked":["FTL","Steam"],"picked":"Ball Lightning","floor":8},{"not_picked":["Chill","Sunder"],"picked":"Genetic Algorithm","floor":11},{"not_picked":["Stack","Beam Cell"],"picked":"Ball Lightning","floor":13},{"not_picked":["Biased Cognition","Multi-Cast"],"picked":"Thunder Strike","floor":16},{"not_picked":["Reprogram","Turbo"],"picked":"Beam Cell","floor":18}],"player_experience":1290002,"relics_obtained":[{"floor":8,"key":"Ancient Tea Set"},{"floor":9,"key":"Centennial Puzzle"},{"floor":12,"key":"Odd Mushroom"},{"floor":17,"key":"Bag of Marbles"},{"floor":17,"key":"White Beast Statue"},{"floor":17,"key":"Turnip"}],"event_choices":[{"damage_healed":0,"gold_gain":0,"player_choice":"Success","damage_taken":18,"relics_obtained":["HornCleat"],"max_hp_gain":0,"max_hp_loss":0,"event_name":"Scrap Ooze","floor":2,"gold_loss":0},{"damage_healed":0,"gold_gain":0,"player_choice":"Ignored","damage_taken":0,"max_hp_gain":0,"max_hp_loss":0,"event_name":"Liars Game","floor":4,"gold_loss":0},{"damage_healed":0,"gold_gain":0,"player_choice":"Fought Mushrooms","damage_taken":0,"max_hp_gain":0,"max_hp_loss":0,"event_name":"Mushrooms","floor":12,"gold_loss":0},{"damage_healed":0,"gold_gain":75,"player_choice":"Gather Gold","damage_taken":11,"max_hp_gain":0,"max_hp_loss":0,"event_name":"World of Goop","floor":14,"gold_loss":0}],"is_beta":false,"boss_relics":[{"not_picked":["Snecko Eye","Tiny House"],"picked":"Calling Bell"}],"items_purged_floors":[],"is_endless":false,"potions_floor_spawned":[1,12,18],"killed_by":"2 Thieves","ascension_level":18}}