{"host":"uceopoba4zvqsgiy","time":1608660573,"event":{"mods":["Act Like it!","BaseMod","Better Skull","Better Third Choice","Elementarium","GifTheSpireLib","Hermit","Humility","Infinite Spire","Jorbs\u0027s Wanderer Trilogy","Marked Mod","Minty Spire (QoL Compilation)","Potionbrewer","Replay The Spire","Robot Space Explorer","Shade Mod","Spicy Shops","StSLib","Stuff the Spire","The Blue Laboratory","The Cursed","The Dragon Tamer","The Hierophant","The Judge","The Jungle","Wandering Minibosses"],"gold_per_floor":[115,115,115,115,34,34,66,66,66,66,93,13,13,31,31,31,31],"floor_reached":16,"playtime":568,"items_purged":[],"score":168,"play_id":"0d7a837f-3517-472f-912f-fcad9416cc4a","local_time":"20201223043933","is_ascension_mode":true,"campfire_choices":[{"data":"Caltrops","floor":6,"key":"SMITH"},{"data":"infinitespire:FutureSight","floor":8,"key":"SMITH"},{"floor":10,"key":"REST"},{"data":"Specialist","floor":15,"key":"SMITH"}],"circlet_count":0,"master_deck":["Strike_G","Strike_G","Strike_G","Strike_G","Defend_G","Defend_G","Defend_G","Defend_G","Defend_G","Survivor","Neutralize","Caltrops+1","Burn","infinitespire:FutureSight+1","Specialist+1","Strike_G","Doppelganger","Caltrops","Deadly Poison"],"relics":["potionbrewer:PotionKit","NeowsBlessing","infinitespire:Cubic Diamond","StuffTheSpire:Mouthbags","Singing Bowl","infinitespire:Lucky Rock"],"acts_visited":["Exordium"],"potions_floor_usage":[16,16,16],"damage_taken":[{"damage":0,"enemies":"2 Louse","floor":1,"turns":1},{"damage":0,"enemies":"Lagavulin","floor":7,"turns":2},{"damage":2,"enemies":"3 Sentries","floor":11,"turns":2},{"damage":11,"enemies":"Small Slimes","floor":14,"turns":3},{"damage":84,"enemies":"Fading Forest","floor":16,"turns":11}],"seed_played":"1440081168678884457","potions_obtained":[{"floor":1,"key":"Weak Potion"}],"is_trial":false,"path_per_floor":["M","?","?","?","$","R","E","R","T","R","E","$","?","M","R","B"],"character_chosen":"THE_SILENT","items_purchased":["Specialist","Caltrops"],"campfire_rested":1,"item_purchase_floors":[5,12],"current_hp_per_floor":[63,63,46,46,46,46,46,46,46,67,67,67,72,61,61,0,0],"gold":31,"neow_bonus":"THREE_ENEMY_KILL","is_daily":false,"chose_seed":false,"campfire_upgraded":3,"win_rate":0.0,"timestamp":1608660573,"path_taken":["M","?","?","?","$","R","E","R","T","R","E","?","?","M","R","BOSS"],"items_purchased_type":["Card","Card"],"build_version":"2020-12-13","purchased_purges":0,"victory":false,"max_hp_per_floor":[70,70,70,70,70,70,70,70,70,70,72,72,72,72,72,72,72],"card_choices":[{"not_picked":["Footwork","ReplayTheSpireMod:Tripwire"],"picked":"Caltrops","floor":1},{"not_picked":["infinitespire:NeuralNetwork","infinitespire:Execution"],"picked":"infinitespire:FutureSight","floor":3},{"not_picked":["Deflect","Masterful Stab"],"picked":"Doppelganger","floor":7},{"not_picked":["Finisher","Dodge and Roll","StuffTheSpire:Injection"],"picked":"Singing Bowl","floor":11},{"not_picked":["Deflect","PiercingWail"],"picked":"Deadly Poison","floor":14}],"player_experience":1571966,"relics_obtained":[{"floor":7,"key":"StuffTheSpire:Mouthbags"},{"floor":9,"key":"Singing Bowl"},{"floor":11,"key":"infinitespire:Lucky Rock"}],"event_choices":[{"damage_healed":63,"gold_gain":0,"player_choice":"Embrace Burn","damage_taken":0,"max_hp_gain":0,"max_hp_loss":70,"event_name":"betterThird:BetterShining","floor":2,"gold_loss":0},{"damage_healed":5,"gold_gain":0,"player_choice":"Full Heal","damage_taken":0,"max_hp_gain":0,"max_hp_loss":0,"event_name":"Wheel of Change","floor":13,"gold_loss":0}],"is_beta":false,"boss_relics":[],"items_purged_floors":[],"is_endless":false,"potions_floor_spawned":[1],"killed_by":"Fading Forest","ascension_level":6}}