{"host":"fxgsgr3e13htip8z","time":1608673157,"event":{"mods":["Aspiration","BaseMod","Dota2Spire","Hubris","Hyrulean Relics","Minty Spire (QoL Compilation)","Replay The Spire","Robot Space Explorer","StSLib","The Dragon Tamer","Trackpad","Wandering Minibosses","vexMod"],"gold_per_floor":[111,111,36,36,53,53,68,81,162,62,62,77,88,107,107,212,212,232,232,250,250,269,269,295,295,322,342,342,342],"floor_reached":28,"playtime":1922,"items_purged":["Injury","RobotSpaceExplorer:Strike"],"score":282,"play_id":"6cc9fb29-c824-48a3-a005-60a825182ba4","local_time":"20201222153917","is_ascension_mode":false,"campfire_choices":[{"data":"RobotSpaceExplorer:Explosion","floor":6,"key":"SMITH"},{"data":"RobotSpaceExplorer:Strike","floor":15,"key":"PURGE"},{"data":"RobotSpaceExplorer:Reload","floor":23,"key":"SMITH"},{"data":"RobotSpaceExplorer:MiniBoosters","floor":25,"key":"SMITH"}],"circlet_count":0,"master_deck":["RobotSpaceExplorer:Strike","RobotSpaceExplorer:Strike","RobotSpaceExplorer:Defend","RobotSpaceExplorer:Defend","RobotSpaceExplorer:Defend","RobotSpaceExplorer:Defend","RobotSpaceExplorer:Scan+1","RobotSpaceExplorer:MiniLasers","RobotSpaceExplorer:Explosion+1","RobotSpaceExplorer:SlimeMissile","RobotSpaceExplorer:ScrapMissile+1","RobotSpaceExplorer:Pulsar","RobotSpaceExplorer:ShovelStrike+1","RobotSpaceExplorer:MiniBoosters+1","RobotSpaceExplorer:MiniBoosters","RobotSpaceExplorer:Autoloader","RobotSpaceExplorer:MiniDrones+1","RobotSpaceExplorer:Reload+1","RobotSpaceExplorer:MiniDrones+1","RobotSpaceExplorer:StarLightning+1"],"relics":["RobotSpaceExplorer:RoboCore","Molten Egg 2","Replay:Bottled Flurry","ReplayTheSpireMod:Ring of Exchange","Ring of Misfortune","hubris:Backtick","Replay:Kaleidoscope","trackpad:Compendium","trackpad:ByrdBGone","Dota2Spire:PowerTreads"],"acts_visited":["Exordium","TheCity"],"potions_floor_usage":[16,16,16,18,24],"damage_taken":[{"damage":11,"enemies":"Jaw Worm","floor":1,"turns":3},{"damage":10,"enemies":"Small Slimes","floor":5,"turns":3},{"damage":0,"enemies":"2 Louse","floor":7,"turns":2},{"damage":16,"enemies":"Exordium Wildlife","floor":8,"turns":7},{"damage":0,"enemies":"Looter","floor":12,"turns":3},{"damage":9,"enemies":"2 Fungi Beasts","floor":13,"turns":2},{"damage":0,"enemies":"Blue Slaver","floor":14,"turns":3},{"damage":0,"enemies":"Slime Boss","floor":16,"turns":7},{"damage":28,"enemies":"3 Byrds","floor":18,"turns":6},{"damage":10,"enemies":"Chosen","floor":20,"turns":5},{"damage":19,"enemies":"Shelled Parasite and Fungi","floor":22,"turns":3},{"damage":10,"enemies":"Book of Stabbing","floor":24,"turns":4},{"damage":0,"enemies":"Centurion and Healer","floor":27,"turns":6},{"damage":8,"enemies":"Snecko","floor":28,"turns":5}],"seed_played":"5853554496494229774","potions_obtained":[{"floor":1,"key":"Venom Potion"},{"floor":5,"key":"ColorlessPotion"},{"floor":8,"key":"Flashbang"},{"floor":20,"key":"SkillPotion"},{"floor":27,"key":"SteroidPotion"}],"is_trial":false,"path_per_floor":["M","?","$","?","M","R","M","M","T","$","?","M","M","M","R","B",null,"M","?","M","?","M","R","E","R","T","M","M"],"character_chosen":"RobotSpaceExplorer","items_purchased":[],"campfire_rested":0,"item_purchase_floors":[],"current_hp_per_floor":[43,43,43,43,33,33,33,17,17,17,17,17,8,8,8,8,75,47,47,37,37,18,18,8,8,8,8,0,0],"gold":342,"neow_bonus":"THREE_RARE_CARDS","is_daily":false,"chose_seed":false,"campfire_upgraded":3,"win_rate":0.0,"timestamp":1608673157,"path_taken":["M","?","$","?","M","R","M","M","T","$","?","M","M","?","R","BOSS","M","?","M","?","M","R","E","R","T","?","M"],"items_purchased_type":[],"build_version":"2020-12-13","purchased_purges":2,"victory":false,"max_hp_per_floor":[75,75,75,75,75,75,75,75,75,75,75,75,75,75,75,75,75,75,75,75,75,75,75,75,75,75,75,75,75],"card_choices":[{"not_picked":["RobotSpaceExplorer:Wormhole","RobotSpaceExplorer:Accelerator"],"picked":"RobotSpaceExplorer:Explosion","floor":0},{"not_picked":["RobotSpaceExplorer:Ammunition","RobotSpaceExplorer:IronShell"],"picked":"RobotSpaceExplorer:SlimeMissile","floor":1},{"not_picked":["RobotSpaceExplorer:Electroshield","RobotSpaceExplorer:StunGrenade+1"],"picked":"RobotSpaceExplorer:ScrapMissile+1","floor":5},{"not_picked":["RobotSpaceExplorer:FranticSearch","RobotSpaceExplorer:SwiftStep"],"picked":"RobotSpaceExplorer:Pulsar","floor":7},{"not_picked":["RobotSpaceExplorer:MiniDrones+1","RobotSpaceExplorer:FreezeRay"],"picked":"RobotSpaceExplorer:ShovelStrike+1","floor":8},{"not_picked":["RobotSpaceExplorer:ToxicBomb","RobotSpaceExplorer:RigExplosive","RobotSpaceExplorer:ShockKick+1"],"picked":"SKIP","floor":12},{"not_picked":["RobotSpaceExplorer:SwiftStep","RobotSpaceExplorer:MiniDrones+1"],"picked":"RobotSpaceExplorer:MiniBoosters","floor":13},{"not_picked":["RobotSpaceExplorer:Calculate","RobotSpaceExplorer:BlastShield"],"picked":"RobotSpaceExplorer:MiniBoosters","floor":14},{"not_picked":["RobotSpaceExplorer:Multitool","RobotSpaceExplorer:BlastShield"],"picked":"RobotSpaceExplorer:Autoloader","floor":16},{"not_picked":["RobotSpaceExplorer:SurgingStrike+1","RobotSpaceExplorer:FranticSearch"],"picked":"RobotSpaceExplorer:MiniDrones+1","floor":18},{"not_picked":["RobotSpaceExplorer:Probe+1","RobotSpaceExplorer:SlimeMissile+1"],"picked":"RobotSpaceExplorer:Reload","floor":20},{"not_picked":["RobotSpaceExplorer:Fix","RobotSpaceExplorer:MakeshiftVolley+1"],"picked":"RobotSpaceExplorer:MiniDrones+1","floor":22},{"not_picked":["RobotSpaceExplorer:FrostMissile+1","RobotSpaceExplorer:DualCore+1"],"picked":"RobotSpaceExplorer:StarLightning+1","floor":24},{"not_picked":["RobotSpaceExplorer:SurgingShield","RobotSpaceExplorer:Counterblock+1","RobotSpaceExplorer:MakeshiftVolley+1"],"picked":"SKIP","floor":27}],"player_experience":1493895,"relics_obtained":[{"floor":9,"key":"Replay:Bottled Flurry"},{"floor":11,"key":"ReplayTheSpireMod:Ring of Exchange"},{"floor":11,"key":"Ring of Misfortune"},{"floor":24,"key":"trackpad:ByrdBGone"},{"floor":26,"key":"Dota2Spire:PowerTreads"}],"event_choices":[{"damage_healed":0,"gold_gain":0,"player_choice":"Ignored","damage_taken":0,"max_hp_gain":0,"max_hp_loss":0,"event_name":"NoteForYourself","floor":21,"gold_loss":0}],"is_beta":false,"boss_relics":[{"not_picked":["Replay:Ancient Bell","hubris:EmptyBottle"],"picked":"hubris:Backtick"}],"items_purged_floors":[3,10],"is_endless":false,"potions_floor_spawned":[1,5,8,12,20,27],"killed_by":"Snecko","ascension_level":0}}