{"host":"cdhs3rcdp0bmp3c4","time":1608671104,"event":{"mods":["BaseMod","Hermit","Minty Spire (QoL Compilation)","Relic Stats","Robot Space Explorer","StSLib","Td1madao Mod","The Construct","The Forsaken","The Hierophant","The Runesmith"],"gold_per_floor":[110,121,46,66,85,85,98,133,157,157,175,175,188,214,214,310,310,310,324,0,0,15,15,45,45,45,45,76,27,44,59,59,163,163,176,187,187,18,18,49,66,66,66,66,66,66,77,103,103,103,103],"floor_reached":50,"playtime":3521,"items_purged":["RobotSpaceExplorer:Defend","RobotSpaceExplorer:Defend"],"score":631,"play_id":"99f898a2-d4fc-4457-9341-1f22c33b0eee","local_time":"20201222150504","is_ascension_mode":true,"campfire_choices":[{"data":"RobotSpaceExplorer:Ammunition","floor":6,"key":"SMITH"},{"data":"RobotSpaceExplorer:MiniLasers","floor":10,"key":"SMITH"},{"data":"RobotSpaceExplorer:MiniDrones","floor":12,"key":"SMITH"},{"data":"RobotSpaceExplorer:PlasmaMissile","floor":15,"key":"SMITH"},{"data":"RobotSpaceExplorer:Autoloader","floor":23,"key":"SMITH"},{"floor":27,"key":"REST"},{"floor":32,"key":"REST"},{"data":"RobotSpaceExplorer:MiniBoosters","floor":49,"key":"SMITH"}],"circlet_count":0,"master_deck":["RobotSpaceExplorer:Strike","RobotSpaceExplorer:Defend","RobotSpaceExplorer:Defend","RobotSpaceExplorer:Scan","RobotSpaceExplorer:MiniLasers+1","RobotSpaceExplorer:MiniDrones+1","RobotSpaceExplorer:Ammunition+1","RobotSpaceExplorer:SelfCleaning","RobotSpaceExplorer:ScrapMissile","RobotSpaceExplorer:Jetpack","RobotSpaceExplorer:ScrapMissile","RobotSpaceExplorer:PlasmaMissile+1","RobotSpaceExplorer:Autoloader+1","RobotSpaceExplorer:Probe+1","RobotSpaceExplorer:SlimeMissile+1","RobotSpaceExplorer:SwiftStep+1","RobotSpaceExplorer:Ammunition","RobotSpaceExplorer:ScrapToss","J.A.X.","RobotSpaceExplorer:ScrapMissile+1","RobotSpaceExplorer:Jetpack","RobotSpaceExplorer:SurgingStrike+1","RobotSpaceExplorer:ChargingLaser","CurseOfTheBell","RobotSpaceExplorer:FranticSearch+1","RobotSpaceExplorer:ScrapMissile+1","RobotSpaceExplorer:MiniBoosters+1","RobotSpaceExplorer:Asteroid","RobotSpaceExplorer:ScrapToss+1","Writhe","RobotSpaceExplorer:ScrapMissile+1"],"relics":["RobotSpaceExplorer:RoboCore","Centennial Puzzle","RobotSpaceExplorer:FoglandsKnife","Strawberry","Astrolabe","Bottled Tornado","Akabeko","theForsaken:HumbleEgg","MealTicket","Calling Bell","Ancient Tea Set","theForsaken:ScaryMask","Lizard Tail","Bag of Preparation","Frozen Egg 2","Blue Candle"],"acts_visited":["Exordium","TheCity","TheBeyond"],"potions_floor_usage":[4,5,8,14,14,30,33,36,47,48],"damage_taken":[{"damage":10,"enemies":"Small Slimes","floor":1,"turns":5},{"damage":2,"enemies":"Jaw Worm","floor":2,"turns":7},{"damage":1,"enemies":"Cultist","floor":4,"turns":4},{"damage":0,"enemies":"Large Slime","floor":5,"turns":8},{"damage":9,"enemies":"3 Louse","floor":7,"turns":5},{"damage":17,"enemies":"Gremlin Nob","floor":8,"turns":5},{"damage":0,"enemies":"2 Fungi Beasts","floor":11,"turns":3},{"damage":0,"enemies":"Exordium Thugs","floor":13,"turns":1},{"damage":0,"enemies":"3 Sentries","floor":14,"turns":2},{"damage":14,"enemies":"Slime Boss","floor":16,"turns":7},{"damage":0,"enemies":"Spheric Guardian","floor":18,"turns":3},{"damage":0,"enemies":"2 Thieves","floor":19,"turns":2},{"damage":26,"enemies":"Snecko","floor":22,"turns":4},{"damage":32,"enemies":"Slavers","floor":24,"turns":3},{"damage":24,"enemies":"Book of Stabbing","floor":28,"turns":3},{"damage":5,"enemies":"Centurion and Healer","floor":30,"turns":2},{"damage":6,"enemies":"Shelled Parasite and Fungi","floor":31,"turns":3},{"damage":13,"enemies":"Automaton","floor":33,"turns":6},{"damage":36,"enemies":"3 Shapes","floor":35,"turns":2},{"damage":4,"enemies":"Orb Walker","floor":36,"turns":2},{"damage":8,"enemies":"Nemesis","floor":40,"turns":5},{"damage":3,"enemies":"Sphere and 2 Shapes","floor":41,"turns":3},{"damage":3,"enemies":"Transient","floor":47,"turns":5},{"damage":36,"enemies":"Reptomancer","floor":48,"turns":4},{"damage":32,"enemies":"Time Eater","floor":50,"turns":5}],"seed_played":"3420340186664448499","potions_obtained":[{"floor":2,"key":"Energy Potion"},{"floor":4,"key":"PowerPotion"},{"floor":5,"key":"Regen Potion"},{"floor":8,"key":"Swift Potion"},{"floor":13,"key":"Swift Potion"},{"floor":28,"key":"construct:ShiftPotion"},{"floor":30,"key":"Ancient Potion"},{"floor":31,"key":"RobotSpaceExplorer:LiquidFusion"},{"floor":47,"key":"AttackPotion"}],"is_trial":false,"path_per_floor":["M","M","$","M","M","R","M","E","T","R","M","R","M","E","R","B",null,"M","M","$","?","M","R","E","?","T","R","E","$","M","M","R","B",null,"M","M","?","$","?","E","M","$","T","?","?","?","M","E","R","B"],"character_chosen":"RobotSpaceExplorer","items_purchased":["RobotSpaceExplorer:ScrapToss","Bottled Tornado","AttackPotion","RobotSpaceExplorer:MiniBoosters"],"campfire_rested":2,"item_purchase_floors":[20,20,29,38],"current_hp_per_floor":[65,63,63,62,62,62,53,50,50,50,50,50,50,57,57,43,82,82,82,82,82,56,56,24,24,24,48,24,39,34,28,52,39,82,46,42,42,57,57,49,46,61,61,82,82,82,79,43,43,11,11],"gold":103,"neow_bonus":"ONE_RANDOM_RARE_CARD","is_daily":false,"chose_seed":false,"campfire_upgraded":6,"win_rate":0.0,"timestamp":1608671104,"path_taken":["M","M","$","M","M","R","M","E","T","R","M","R","M","E","R","BOSS","M","M","$","?","M","R","E","?","T","R","E","$","M","M","R","BOSS","M","M","?","$","?","E","?","$","T","?","?","?","M","E","R","BOSS"],"items_purchased_type":["Card","Relic","Potion","Card"],"build_version":"2020-12-13","purchased_purges":2,"victory":false,"max_hp_per_floor":[75,75,75,75,75,75,75,75,75,75,75,75,75,82,82,82,82,82,82,82,82,82,82,82,82,82,82,82,82,82,82,82,82,82,82,82,82,82,82,82,82,82,82,82,82,82,82,82,82,82,82],"relic_stats":{"Centennial Puzzle":[48],"Lizard Tail":0,"counters":[25,99],"Astrolabe":["RobotSpaceExplorer:Probe","RobotSpaceExplorer:SlimeMissile","RobotSpaceExplorer:SwiftStep"],"Blue Candle":[2],"MealTicket":45,"Bag of Preparation":[8],"obtain_stats":[{"theForsaken:ScaryMask":34,"Astrolabe":17,"Blue Candle":48,"RobotSpaceExplorer:RoboCore":0,"Bag of Preparation":40,"Bottled Tornado":20,"Frozen Egg 2":43,"Ancient Tea Set":34,"Akabeko":24,"Calling Bell":34,"RobotSpaceExplorer:FoglandsKnife":8,"theForsaken:HumbleEgg":26,"Centennial Puzzle":4,"Lizard Tail":34,"Strawberry":14,"MealTicket":28},{"theForsaken:ScaryMask":18,"Astrolabe":10,"Blue Candle":24,"RobotSpaceExplorer:RoboCore":0,"Bag of Preparation":21,"Bottled Tornado":12,"Frozen Egg 2":22,"Ancient Tea Set":18,"Akabeko":14,"Calling Bell":18,"RobotSpaceExplorer:FoglandsKnife":6,"theForsaken:HumbleEgg":14,"Centennial Puzzle":3,"Lizard Tail":18,"Strawberry":9,"MealTicket":15},{"theForsaken:ScaryMask":73,"Astrolabe":47,"Blue Candle":94,"RobotSpaceExplorer:RoboCore":0,"Bag of Preparation":82,"Bottled Tornado":52,"Frozen Egg 2":85,"Ancient Tea Set":73,"Akabeko":59,"Calling Bell":73,"RobotSpaceExplorer:FoglandsKnife":34,"theForsaken:HumbleEgg":59,"Centennial Puzzle":16,"Lizard Tail":73,"Strawberry":40,"MealTicket":62}]},"card_choices":[{"not_picked":["RobotSpaceExplorer:FreezingShield","RobotSpaceExplorer:PowerCollector"],"picked":"RobotSpaceExplorer:MiniDrones","floor":1},{"not_picked":["RobotSpaceExplorer:TurboDodge","RobotSpaceExplorer:GlueShot","RobotSpaceExplorer:SwiftStep"],"picked":"SKIP","floor":2},{"not_picked":["RobotSpaceExplorer:FranticSearch","RobotSpaceExplorer:FreezeRay"],"picked":"RobotSpaceExplorer:Ammunition","floor":4},{"not_picked":["RobotSpaceExplorer:SwiftStep","RobotSpaceExplorer:Counterblock"],"picked":"RobotSpaceExplorer:SelfCleaning","floor":5},{"not_picked":["RobotSpaceExplorer:StunGrenade","RobotSpaceExplorer:StarDust"],"picked":"RobotSpaceExplorer:ScrapMissile","floor":7},{"not_picked":["RobotSpaceExplorer:DroneSwarm","RobotSpaceExplorer:FrostMissile"],"picked":"RobotSpaceExplorer:Jetpack","floor":8},{"not_picked":["RobotSpaceExplorer:MetalStrike","RobotSpaceExplorer:PlasmaMissile"],"picked":"RobotSpaceExplorer:ScrapMissile","floor":11},{"not_picked":["RobotSpaceExplorer:SurgingShield","RobotSpaceExplorer:StunGrenade"],"picked":"RobotSpaceExplorer:PlasmaMissile","floor":13},{"not_picked":["RobotSpaceExplorer:Electropulse","RobotSpaceExplorer:ToxicBomb","RobotSpaceExplorer:MetalStrike"],"picked":"SKIP","floor":14},{"not_picked":["RobotSpaceExplorer:HighVoltage","RobotSpaceExplorer:Blaster"],"picked":"RobotSpaceExplorer:Autoloader","floor":16},{"not_picked":["RobotSpaceExplorer:Pulsar","RobotSpaceExplorer:ShovelStrike"],"picked":"RobotSpaceExplorer:Ammunition","floor":18},{"not_picked":["RobotSpaceExplorer:SwiftStep","RobotSpaceExplorer:SurgingStrike","RobotSpaceExplorer:FrostMissile"],"picked":"SKIP","floor":19},{"not_picked":["RobotSpaceExplorer:ShovelStrike","RobotSpaceExplorer:Probe"],"picked":"RobotSpaceExplorer:ScrapMissile+1","floor":22},{"not_picked":["RobotSpaceExplorer:FreezeRay","RobotSpaceExplorer:Smokescreen"],"picked":"RobotSpaceExplorer:Jetpack","floor":24},{"not_picked":["RobotSpaceExplorer:FrostMissile+1","RobotSpaceExplorer:IronShell+1","RobotSpaceExplorer:Counterblock+1"],"picked":"SKIP","floor":28},{"not_picked":["RobotSpaceExplorer:GlueSpray+1","RobotSpaceExplorer:StunGrenade+1"],"picked":"RobotSpaceExplorer:SurgingStrike+1","floor":30},{"not_picked":["RobotSpaceExplorer:Discharger","RobotSpaceExplorer:StarDust","RobotSpaceExplorer:FreezeRay"],"picked":"SKIP","floor":31},{"not_picked":["RobotSpaceExplorer:TrailblazerForm","RobotSpaceExplorer:Multitool"],"picked":"RobotSpaceExplorer:ChargingLaser","floor":33},{"not_picked":["RobotSpaceExplorer:ToxicBomb","RobotSpaceExplorer:BigMissile"],"picked":"RobotSpaceExplorer:FranticSearch+1","floor":35},{"not_picked":["RobotSpaceExplorer:MakeshiftVolley","RobotSpaceExplorer:SwiftStep+1"],"picked":"RobotSpaceExplorer:ScrapMissile+1","floor":36},{"not_picked":["RobotSpaceExplorer:Asteroid","RobotSpaceExplorer:StunGrenade+1","RobotSpaceExplorer:StarLightning"],"picked":"SKIP","floor":40},{"not_picked":["RobotSpaceExplorer:MetalStrike+1","RobotSpaceExplorer:JunkDive+1"],"picked":"RobotSpaceExplorer:ScrapToss+1","floor":41},{"not_picked":["RobotSpaceExplorer:SlimeMissile+1","RobotSpaceExplorer:SwiftStep+1"],"picked":"RobotSpaceExplorer:ScrapMissile+1","floor":47},{"not_picked":["RobotSpaceExplorer:FreezeRay+1","RobotSpaceExplorer:ScrapShield+1","RobotSpaceExplorer:MakeshiftVolley+1"],"picked":"SKIP","floor":48}],"player_experience":200598,"relics_obtained":[{"floor":4,"key":"Centennial Puzzle"},{"floor":8,"key":"RobotSpaceExplorer:FoglandsKnife"},{"floor":14,"key":"Strawberry"},{"floor":24,"key":"Akabeko"},{"floor":26,"key":"theForsaken:HumbleEgg"},{"floor":28,"key":"MealTicket"},{"floor":34,"key":"Ancient Tea Set"},{"floor":34,"key":"theForsaken:ScaryMask"},{"floor":34,"key":"Lizard Tail"},{"floor":40,"key":"Bag of Preparation"},{"floor":43,"key":"Frozen Egg 2"},{"floor":48,"key":"Blue Candle"}],"event_choices":[{"damage_healed":0,"gold_gain":0,"player_choice":"Obtain J.A.X.","damage_taken":0,"max_hp_gain":0,"max_hp_loss":0,"event_name":"Drug Dealer","floor":21,"gold_loss":0,"cards_obtained":["J.A.X."]},{"damage_healed":0,"gold_gain":0,"player_choice":"Ignored","damage_taken":0,"max_hp_gain":0,"max_hp_loss":0,"event_name":"Vampires","floor":25,"gold_loss":0},{"damage_healed":0,"gold_gain":0,"player_choice":"Memory 1","damage_taken":0,"max_hp_gain":0,"max_hp_loss":0,"event_name":"SensoryStone","floor":37,"gold_loss":0},{"damage_healed":0,"gold_gain":0,"player_choice":"1 cards matched","damage_taken":0,"max_hp_gain":0,"max_hp_loss":0,"event_name":"Match and Keep!","floor":39,"gold_loss":0,"cards_obtained":["RobotSpaceExplorer:Asteroid"]},{"damage_healed":21,"gold_gain":0,"player_choice":"Writhe","damage_taken":0,"max_hp_gain":0,"max_hp_loss":0,"event_name":"Winding Halls","floor":44,"gold_loss":0,"cards_obtained":["Writhe"]},{"damage_healed":0,"gold_gain":0,"player_choice":"Ignored","damage_taken":0,"max_hp_gain":0,"max_hp_loss":0,"event_name":"Tomb of Lord Red Mask","floor":46,"gold_loss":0}],"is_beta":false,"boss_relics":[{"not_picked":["Black Star","Runic Dome"],"picked":"Astrolabe"},{"not_picked":["Cursed Key","theForsaken:PaleLantern"],"picked":"Calling Bell"}],"items_purged_floors":[3,38],"is_endless":false,"potions_floor_spawned":[2,4,5,8,13,28,30,31,47],"killed_by":"Time Eater","ascension_level":1}}