{"host":"373g0ui1bgeshz9m","time":1608608855,"event":{"mods":["Act Like it!","Aspiration","BaseMod","Beaked The Cultist","Better Third Choice","Colored Map","Conspire","Downfall","Halation","Hermit","Hubris","Infinite Spire","Jorbs\u0027s Wanderer Trilogy","Minty Spire (QoL Compilation)","Pale of the Ancients","Permanent Neow","Quick Restart","Replay The Spire","Shade Mod","Shop Mod","Spikes Relics","StSLib","The Animator","The Bladedancer","The Bug Knight","The Construct","The Cursed","The Factory","The Florist","The Judge","The Jungle","The Necromancer","The Sage","The Wild Card","Trackpad","vexMod"],"gold_per_floor":[118,118,136,155,167,167,167,196,196,209,209,46,59,85,85,184,184,203,213,163,173,173,203,129,129,210,235,235,254,267,366,366,461,461,477,452,463,463,463,496,508,508,556,556,574,574,586,601,601,601,620,637,637,279,279,292,292,114,114,114,114],"floor_reached":60,"playtime":4379,"items_purged":["Strike_W"],"score":988,"play_id":"aa577ccb-a2cd-4e94-8365-1cb97ea9b7f0","local_time":"20201221224735","is_ascension_mode":true,"campfire_choices":[{"data":"Summon_Vampire_Lady","floor":6.0,"key":"SMITH"},{"data":"Slay_Living","floor":11.0,"key":"SMITH"},{"floor":25.0,"key":"REST"},{"data":"hubris:Fate","floor":28.0,"key":"SMITH"},{"data":"Summon_Undead","floor":32.0,"key":"SMITH"},{"data":"Summon_Vampire_Lady","floor":42.0,"key":"SMITH"},{"data":"hubris:Fate","floor":46.0,"key":"SMITH"},{"data":"Requiem","floor":49.0,"key":"SMITH"},{"data":"Noxious Fumes","floor":55,"key":"SMITH"},{"data":"Negative_Energy_Sphere","floor":57,"key":"SMITH"}],"circlet_count":0,"master_deck":["Strike_W","Strike_W","Strike_W","Defend_W+1","Defend_W+1","Defend_W","Defend_W","Negative_Energy_Arrows","Bone_Wall","Negative_Energy_Sphere+1","Siphon_Strength+1","Summon_Vampire_Lady+1","Thousand_Bone_Knives+1","Slay_Living+1","Toxic_Smoke_Screen","Acid_Javelin","Jack Of All Trades","Negative_Energy_Burst","Negative_Energy_Javelin","Summon_Vampire_Lady+1","hubris:Fate+1","Spectral_Walk","Summon_Undead+1","Vampiric_Strike","Blood_Curse+1","Grasp_Heart","Spectral_Armor","Negative_Energy_Mist","Summon_Lich+1","Summon_Undead","Requiem+1","Bone_Spikes+1","Madness","Madness","hubris:Fate+1","Parasite","Siphon_Strength+1","Noxious Fumes+1","Apotheosis"],"relics":["Strawberry","FaceOfCleric","hubris:FunFungus","War Paint","Vajra","beaked:SacredDeck","construct:FoamFinger","Ornamental Fan","ReplayTheSpireMod:TigerMarble","Replay:Wax Seal","Replay:Rubber Ducky","halation:Thesaurus","m_SlimeRing","paleoftheancients:Timepiece","Sozu","CultistMask","paleoftheancients:SoulOfTheShowman","MerchantsRug"],"acts_visited":["Exordium","TheCity","TheBeyond","paleoftheancients:PaleOfTheAncients"],"potions_floor_usage":[60,60],"damage_taken":[{"damage":1.0,"enemies":"Cultist","floor":1.0,"turns":4.0},{"damage":0.0,"enemies":"Jaw Worm","floor":3.0,"turns":4.0},{"damage":0.0,"enemies":"2 Louse","floor":4.0,"turns":2.0},{"damage":9.0,"enemies":"Gremlin Gang","floor":5.0,"turns":5.0},{"damage":16.0,"enemies":"3 Sentries","floor":8.0,"turns":6.0},{"damage":14.0,"enemies":"Red Slaver","floor":10.0,"turns":4.0},{"damage":0.0,"enemies":"Looter","floor":13.0,"turns":3.0},{"damage":15.0,"enemies":"Lagavulin","floor":14.0,"turns":6.0},{"damage":20.0,"enemies":"Slime Boss","floor":16.0,"turns":8.0},{"damage":19.0,"enemies":"Spheric Guardian","floor":18.0,"turns":4.0},{"damage":8.0,"enemies":"2 Thieves","floor":19.0,"turns":3.0},{"damage":36.0,"enemies":"3 Cultists","floor":21.0,"turns":5.0},{"damage":17.0,"enemies":"Gremlin Leader","floor":23.0,"turns":4.0},{"damage":14.0,"enemies":"Book of Stabbing","floor":27.0,"turns":5.0},{"damage":16.0,"enemies":"Cultist and Chosen","floor":29.0,"turns":5.0},{"damage":10.0,"enemies":"Snake Plant","floor":30.0,"turns":4.0},{"damage":85.0,"enemies":"Champ","floor":33.0,"turns":13.0},{"damage":4.0,"enemies":"Orb Walker","floor":35.0,"turns":4.0},{"damage":0.0,"enemies":"3 Shapes","floor":37.0,"turns":2.0},{"damage":9.0,"enemies":"Giant Head","floor":40.0,"turns":5.0},{"damage":37.0,"enemies":"Maw","floor":41.0,"turns":8.0},{"damage":12.0,"enemies":"Jaw Worm Horde","floor":45.0,"turns":5.0},{"damage":43.0,"enemies":"Writhing Mass","floor":47.0,"turns":6.0},{"damage":0.0,"enemies":"Transient","floor":48.0,"turns":5.0},{"damage":49.0,"enemies":"Time Eater","floor":50.0,"turns":10.0},{"damage":0.0,"enemies":"Time Eater","floor":51.0,"turns":2.0},{"damage":0.0,"enemies":"Time Eater","floor":52.0,"turns":1.0},{"damage":46,"enemies":"conspire:MimicChest","floor":56,"turns":10},{"damage":395,"enemies":"paleoftheancients:N","floor":60,"turns":20}],"seed_played":"-2889438278377104298","potions_obtained":[{"floor":3.0,"key":"Fire Potion"},{"floor":13.0,"key":"champ:CounterPotion"},{"floor":14.0,"key":"Guardian:BlockOnCardUsePotion"}],"is_trial":false,"path_per_floor":["M","?","M","M","M","R","?","E","T","M","R","$","M","E","R_BF","B",null,"M","M","$","M","?","E","$","R","T","E","R","M","M","?","R","B",null,"M","?","M","?","?","E","M","R","T","AVR","M","R","M","M","R","B","M","M","?","$","R","M","R","$","?","B"],"character_chosen":"NECROMANCER","items_purchased":["Acid_Javelin","Jack Of All Trades","Vampiric_Strike","Spectral_Armor","Siphon_Strength+1","Noxious Fumes","MerchantsRug","Apotheosis"],"campfire_rested":1,"item_purchase_floors":[12,12,20,24,54,54,54,58],"current_hp_per_floor":[82,82,83,84,82,82,82,86,86,81,81,81,84,78,78,86,90,77,74,74,59,59,55,55,83,83,81,81,72,80,80,80,73,98,99,99,100,87,87,81,80,80,80,80,76,76,50,73,73,106,107,108,108,108,108,109,109,109,109,0,0],"gold":114,"neow_bonus":"RANDOM_COMMON_RELIC","is_daily":false,"chose_seed":false,"campfire_upgraded":9,"win_rate":0.0,"timestamp":1608608855,"path_taken":["M","?","M","?","M","R","?","E","T","?","R","$","M","E","R_BF","BOSS","M","?","?","?","?","E","?","R","T","E","R","M","M","?","R","BOSS","M","?","M","?","?","E","M","R","T","AVR","M","R","M","M","R","BOSS","M","M","?","$","R","M","R","$","?","BOSS"],"items_purchased_type":["Card","Card","Card","Card","Card","Card","Relic","Card"],"build_version":"2020-12-13","purchased_purges":1,"victory":false,"max_hp_per_floor":[82,82,83,84,85,85,85,86,86,87,87,87,88,89,89,90,90,91,92,92,93,93,94,94,94,94,95,95,96,97,97,97,98,98,99,99,100,100,100,101,102,102,102,102,103,103,104,105,105,106,107,108,108,108,108,109,109,109,109,109,109],"card_choices":[{"not_picked":["Chill_Blood","Bone_Prison"],"picked":"Negative_Energy_Sphere","floor":1.0},{"not_picked":["Scare","Blood_Curse"],"picked":"Siphon_Strength","floor":3.0},{"not_picked":["Life_Tap","Bone_Armor"],"picked":"Summon_Vampire_Lady","floor":4.0},{"not_picked":["Bone_Bullets","Pandemic"],"picked":"Thousand_Bone_Knives","floor":5.0},{"not_picked":["Flesh_Made_Foul","Consume_Illness"],"picked":"Slay_Living","floor":8.0},{"not_picked":["Chill_Blood","Negative_Energy_Mist"],"picked":"Toxic_Smoke_Screen","floor":10.0},{"not_picked":["Bone_Shift","Shackles_Of_Pain"],"picked":"Negative_Energy_Burst","floor":13.0},{"not_picked":["Summon_Lich","Corrupt"],"picked":"Negative_Energy_Javelin","floor":14.0},{"not_picked":["Blood_Wake","Blood_Magic"],"picked":"Summon_Vampire_Lady","floor":16.0},{"not_picked":["Thousand_Bone_Knives","Death_Coil+1"],"picked":"Spectral_Walk","floor":18.0},{"not_picked":["Blood_Curse+1","Bone_Bullets"],"picked":"Summon_Undead","floor":19.0},{"not_picked":["Death_March_Dance","Stop_Heart"],"picked":"Blood_Curse+1","floor":21.0},{"not_picked":["Negative_Energy_Sphere+1","Bone_Bullets"],"picked":"Grasp_Heart","floor":23.0},{"not_picked":["Whirlwind_of_Bones","Bone_Spikes"],"picked":"Negative_Energy_Mist","floor":27.0},{"not_picked":["Death_Coil","Negative_Energy_Javelin"],"picked":"Summon_Lich+1","floor":29.0},{"not_picked":["Bone_Armor","Death_March_Dance"],"picked":"Summon_Undead","floor":30.0},{"not_picked":["Hellfire","Skeleton_Dragon"],"picked":"Requiem","floor":33.0},{"not_picked":["Bone_Shift+1","Negative_Energy_Shield"],"picked":"Bone_Spikes+1","floor":35.0},{"not_picked":["Summon_Lich+1","Blood_Is_Power+1","Spectral_Walk"],"picked":"SKIP","floor":37.0},{"not_picked":["Bone_Armor","Spectral_Walk","Summon_Death_Knight"],"picked":"SKIP","floor":40.0},{"not_picked":["Bone_Spikes+1","Bone_Armor","Finger_Of_Death+1"],"picked":"SKIP","floor":41.0},{"not_picked":["Spectral_Walk","Toxic_Smoke_Screen+1","Negative_Energy_Mist+1"],"picked":"SKIP","floor":45.0},{"not_picked":["Shackles_Of_Pain","Negative_Energy_Mist","Bouncing Flask+1"],"picked":"SKIP","floor":47.0},{"not_picked":["Stop_Heart+1","Shackles_Of_Pain","Finger_Of_Death+1"],"picked":"SKIP","floor":48.0},{"not_picked":["Scare+1","Bone_Shift+1","Blood_Curse+1"],"picked":"SKIP","floor":51.0},{"not_picked":["Deaths_Shadow+1","Shackles_Of_Pain","Life_Drain"],"picked":"SKIP","floor":52.0},{"not_picked":["Chill_Blood","Poisoned Stab+1","Bone_Shift"],"picked":"SKIP","floor":56}],"player_experience":255377,"relics_obtained":[{"floor":8.0,"key":"hubris:FunFungus"},{"floor":9.0,"key":"War Paint"},{"floor":14.0,"key":"Vajra"},{"floor":23.0,"key":"construct:FoamFinger"},{"floor":26.0,"key":"Ornamental Fan"},{"floor":27.0,"key":"ReplayTheSpireMod:TigerMarble"},{"floor":40.0,"key":"Replay:Wax Seal"},{"floor":43.0,"key":"Replay:Rubber Ducky"},{"floor":52.0,"key":"paleoftheancients:SoulOfTheShowman"}],"event_choices":[{"damage_healed":0.0,"max_hp_gain":0.0,"max_hp_loss":0.0,"gold_gain":0.0,"event_name":"FaceTrader","player_choice":"Trade","floor":2.0,"gold_loss":0.0,"damage_taken":0.0,"relics_obtained":["FaceOfCleric"]},{"damage_healed":0.0,"max_hp_gain":0.0,"max_hp_loss":0.0,"gold_gain":0.0,"event_name":"Upgrade Shrine","player_choice":"Upgraded","floor":7.0,"gold_loss":0.0,"damage_taken":0.0,"cards_upgraded":["Siphon_Strength"]},{"damage_healed":0.0,"max_hp_gain":0.0,"max_hp_loss":0.0,"gold_gain":0.0,"event_name":"Ghosts","player_choice":"Ignored","floor":22.0,"gold_loss":0.0,"damage_taken":0.0},{"damage_healed":0.0,"max_hp_gain":0.0,"max_hp_loss":0.0,"gold_gain":99.0,"event_name":"betterThird:BetterNest","player_choice":"Steal","floor":31.0,"gold_loss":0.0,"damage_taken":0.0},{"damage_healed":0.0,"max_hp_gain":0.0,"max_hp_loss":0.0,"gold_gain":0.0,"event_name":"Winding Halls","player_choice":"Embrace Madness","floor":38.0,"gold_loss":0.0,"damage_taken":13.0,"cards_obtained":["Madness","Madness"]}],"is_beta":false,"boss_relics":[{"not_picked":["hubris:VirtuousBlindfold","vexMod:DeviousBotling"],"picked":"beaked:SacredDeck"},{"not_picked":["Replay:Ancient Bell","beaked:MawFillet","hubris:GrandSneckoEye"]}],"items_purged_floors":[54],"is_endless":false,"potions_floor_spawned":[3,13,14,16,18,21,27,33,37,40,47,56],"killed_by":"paleoftheancients:N","ascension_level":1}}