{"host":"Jedit","time":1608642451,"event":{"mods":["BaseMod","Minty Spire (QoL Compilation)","Relic Stats","StSLib"],"gold_per_floor":[115,135,145,159,159,159,190,190,190,215,215,140,163,163,163],"floor_reached":14,"playtime":411,"items_purged":[],"score":184,"play_id":"31c0d296-08ff-4c92-9904-2cb83f4190e2","local_time":"20201222130731","is_ascension_mode":true,"campfire_choices":[{"data":"Dagger Spray","floor":6,"key":"SMITH"},{"floor":11,"key":"REST"}],"circlet_count":0,"master_deck":["AscendersBane","Strike_G","Strike_G","Strike_G","Strike_G","Defend_G","Defend_G","Defend_G","Defend_G","Defend_G","Survivor","Neutralize","Purity","Terror","Dagger Spray+1","Deadly Poison","Dagger Throw","Noxious Fumes","Deadly Poison","Bouncing Flask"],"relics":["Ring of the Snake","Golden Idol","Tiny Chest","The Courier","Bag of Preparation"],"acts_visited":["Exordium"],"potions_floor_usage":[4,10],"damage_taken":[{"damage":2,"enemies":"Jaw Worm","floor":1,"turns":7},{"damage":3,"enemies":"2 Louse","floor":2,"turns":3},{"damage":4,"enemies":"Small Slimes","floor":3,"turns":3},{"damage":0,"enemies":"Exordium Wildlife","floor":4,"turns":3},{"damage":35,"enemies":"Lagavulin","floor":7,"turns":6},{"damage":7,"enemies":"Lots of Slimes","floor":10,"turns":2},{"damage":6,"enemies":"3 Louse","floor":13,"turns":2},{"damage":15,"enemies":"3 Sentries","floor":14,"turns":4}],"seed_played":"216714571681323434","potions_obtained":[{"floor":3,"key":"Block Potion"},{"floor":7,"key":"SteroidPotion"}],"is_trial":false,"path_per_floor":["M","M","M","M","?","R","E","?","T","M","R","?","M","E"],"character_chosen":"THE_SILENT","items_purchased":[],"campfire_rested":1,"item_purchase_floors":[],"current_hp_per_floor":[57,54,50,50,50,50,15,15,15,8,26,26,20,5,5],"gold":163,"neow_bonus":"RANDOM_COLORLESS","is_daily":false,"chose_seed":false,"campfire_upgraded":1,"win_rate":0.0,"timestamp":1608642451,"path_taken":["M","M","M","M","?","R","E","?","T","M","R","?","?","E"],"items_purchased_type":[],"build_version":"2020-12-18","purchased_purges":0,"victory":false,"max_hp_per_floor":[66,66,66,66,60,60,60,60,60,60,60,60,60,60,60],"relic_stats":{"counters":[8,30],"Golden Idol":16,"Tiny Chest":0,"Bag of Preparation":[6],"obtain_stats":[{"Golden Idol":5,"Tiny Chest":7,"The Courier":8,"Bag of Preparation":9,"Ring of the Snake":0},{"Golden Idol":4,"Tiny Chest":5,"The Courier":5,"Bag of Preparation":5,"Ring of the Snake":0},{"Golden Idol":16,"Tiny Chest":22,"The Courier":22,"Bag of Preparation":22,"Ring of the Snake":0}],"Ring of the Snake":[16]},"card_choices":[{"not_picked":["Forethought","Blind"],"picked":"Purity","floor":0},{"not_picked":["Dash","Distraction"],"picked":"Terror","floor":1},{"not_picked":["Reflex","Poisoned Stab"],"picked":"Dagger Spray","floor":2},{"not_picked":["Quick Slash","All Out Attack"],"picked":"Deadly Poison","floor":3},{"not_picked":["Poisoned Stab","Prepared"],"picked":"Dagger Throw","floor":4},{"not_picked":["Unload","Prepared"],"picked":"Noxious Fumes","floor":7},{"not_picked":["Setup","Sucker Punch"],"picked":"Deadly Poison","floor":10},{"not_picked":["Terror","Dash"],"picked":"Bouncing Flask","floor":13}],"player_experience":3397043,"relics_obtained":[{"floor":7,"key":"Tiny Chest"},{"floor":9,"key":"Bag of Preparation"}],"event_choices":[{"damage_healed":0,"gold_gain":0,"player_choice":"Lose Max HP","damage_taken":0,"relics_obtained":["Golden Idol"],"max_hp_gain":0,"max_hp_loss":6,"event_name":"Golden Idol","floor":5,"gold_loss":0},{"damage_healed":0,"gold_gain":0,"player_choice":"Searched \u00271\u0027 times","damage_taken":0,"relics_obtained":["The Courier"],"max_hp_gain":0,"max_hp_loss":0,"event_name":"Dead Adventurer","floor":8,"gold_loss":0},{"cards_removed":["Strike_G"],"damage_healed":0,"gold_gain":0,"player_choice":"Card Removal","damage_taken":0,"max_hp_gain":0,"max_hp_loss":0,"event_name":"The Cleric","floor":12,"gold_loss":75}],"is_beta":true,"boss_relics":[],"items_purged_floors":[],"is_endless":false,"potions_floor_spawned":[3,7],"killed_by":"3 Sentries","ascension_level":20}}