{"host":"naykp6d9ulahlwib","time":1608608518,"event":{"mods":["BaseMod","Highlight Path","Minty Spire (QoL Compilation)","Shop Mod","StSLib"],"gold_per_floor":[364,289,289,113,130,130,140,140,140,157,157,189,189,214,214,304,304,304,304,304,304,304,304,304,304,304,304,304,304,304,304,304,304,304,304,304,304,17,17,17,17,17,17,17,17,17,17,17,17,17],"floor_reached":51,"playtime":5841,"items_purged":["Pain","Strike_P","Strike_P+1"],"score":1336,"play_id":"b195afd2-69ff-4c1a-b4aa-185532a22d41","local_time":"20201221214158","is_ascension_mode":true,"campfire_choices":[{"data":"Eruption","floor":6.0,"key":"SMITH"},{"data":"Vault","floor":8.0,"key":"SMITH"},{"floor":11.0,"key":"REST"},{"data":"Wallop","floor":15.0,"key":"SMITH"},{"data":"SpiritShield","floor":24.0,"key":"SMITH"},{"data":"ThirdEye","floor":29.0,"key":"SMITH"},{"floor":32.0,"key":"REST"},{"floor":40.0,"key":"REST"},{"floor":46,"key":"REST"},{"floor":49,"key":"REST"}],"circlet_count":0,"master_deck":["AscendersBane","Strike_P+1","Strike_P+1","Defend_P+1","Defend_P+1","Defend_P+1","Eruption+1","Vigilance+1","ReachHeaven","Wallop+1","Vault+1","ThirdEye+1","SpiritShield+1","Consecrate+1","EmptyFist","Wallop+1","Fasting2","Tantrum","Wallop+1","Madness","Madness"],"relics":["PureWater","PreservedInsect","Mercury Hourglass","Golden Idol","Ectoplasm","Matryoshka","Anchor","Pen Nib","Fusion Hammer","DollysMirror","Centennial Puzzle","InkBottle","Lantern"],"acts_visited":["Exordium","TheCity","TheBeyond"],"potions_floor_usage":[50,50],"damage_taken":[{"damage":3.0,"enemies":"Small Slimes","floor":1.0,"turns":3.0},{"damage":0.0,"enemies":"2 Louse","floor":5.0,"turns":3.0},{"damage":0.0,"enemies":"Jaw Worm","floor":7.0,"turns":5.0},{"damage":3.0,"enemies":"Exordium Wildlife","floor":10.0,"turns":3.0},{"damage":0.0,"enemies":"Gremlin Nob","floor":12.0,"turns":3.0},{"damage":0.0,"enemies":"Exordium Thugs","floor":14.0,"turns":2.0},{"damage":20.0,"enemies":"Hexaghost","floor":16.0,"turns":9.0},{"damage":0.0,"enemies":"Chosen","floor":18.0,"turns":3.0},{"damage":2.0,"enemies":"3 Byrds","floor":20.0,"turns":6.0},{"damage":0.0,"enemies":"Gremlin Leader","floor":23.0,"turns":4.0},{"damage":1.0,"enemies":"Sentry and Sphere","floor":25.0,"turns":5.0},{"damage":0.0,"enemies":"Chosen and Byrds","floor":27.0,"turns":4.0},{"damage":0.0,"enemies":"Book of Stabbing","floor":28.0,"turns":5.0},{"damage":5.0,"enemies":"Centurion and Healer","floor":30.0,"turns":5.0},{"damage":0.0,"enemies":"Cultist and Chosen","floor":31.0,"turns":4.0},{"damage":22.0,"enemies":"Champ","floor":33.0,"turns":10.0},{"damage":7.0,"enemies":"3 Darklings","floor":35.0,"turns":4.0},{"damage":8.0,"enemies":"3 Shapes","floor":37.0,"turns":5.0},{"damage":13.0,"enemies":"Sphere and 2 Shapes","floor":39.0,"turns":5.0},{"damage":0.0,"enemies":"Transient","floor":41.0,"turns":6.0},{"damage":2,"enemies":"Giant Head","floor":42,"turns":6},{"damage":25,"enemies":"4 Shapes","floor":45,"turns":6},{"damage":46,"enemies":"Donu and Deca","floor":50,"turns":11}],"seed_played":"7888751138826653997","potions_obtained":[{"floor":7.0,"key":"StancePotion"},{"floor":10.0,"key":"SteroidPotion"},{"floor":12.0,"key":"Regen Potion"},{"floor":20.0,"key":"LiquidMemories"},{"floor":33.0,"key":"Strength Potion"},{"floor":37.0,"key":"Fruit Juice"},{"floor":39.0,"key":"Weak Potion"}],"is_trial":false,"path_per_floor":["M","$","?","$","M","R","M","R","T","M","R","E","?","M","R","B",null,"M","?","M","?","$","E","R","M","T","M","E","R","M","M","R","B",null,"M","?","M","$","M","R","M","E","T","?","M","R","$","?","R","B",null],"character_chosen":"WATCHER","items_purchased":["Wallop","DollysMirror"],"campfire_rested":5,"item_purchase_floors":[4,38],"current_hp_per_floor":[58,58,38,38,38,38,38,38,38,35,55,55,55,55,55,35,55,55,55,53,53,53,53,53,52,52,52,52,52,47,47,62,40,57,59,59,51,56,43,63,63,61,61,49,24,44,44,44,64,18],"gold":17,"neow_bonus":"TWO_FIFTY_GOLD","is_daily":false,"chose_seed":false,"campfire_upgraded":5,"win_rate":0.0,"timestamp":1608608518,"path_taken":["M","$","?","$","M","R","M","R","T","M","R","E","?","M","R","BOSS","M","?","M","?","$","E","R","?","T","M","E","R","M","?","R","BOSS","M","?","M","$","M","R","M","E","T","?","M","R","$","?","R","BOSS"],"items_purchased_type":["Card","Relic"],"build_version":"2020-12-13","purchased_purges":3,"victory":true,"max_hp_per_floor":[68,68,68,68,68,68,68,68,68,68,68,68,62,62,62,62,62,62,62,62,62,62,62,62,62,62,62,62,62,62,62,62,62,62,62,62,62,67,67,67,67,67,67,67,67,67,67,67,67,67],"card_choices":[{"not_picked":["LikeWater","BowlingBash"],"picked":"ReachHeaven","floor":1.0},{"not_picked":["Tantrum","Prostrate","SashWhip"],"picked":"SKIP","floor":5.0},{"not_picked":["SashWhip","Protect"],"picked":"Vault","floor":7.0},{"not_picked":["ClearTheMind","Nirvana","BowlingBash"],"picked":"SKIP","floor":10.0},{"not_picked":["WheelKick","PathToVictory","Study"],"picked":"SKIP","floor":12.0},{"not_picked":["EmptyMind","FollowUp"],"picked":"ThirdEye","floor":14.0},{"not_picked":["MasterReality","Devotion"],"picked":"SpiritShield","floor":16.0},{"not_picked":["WindmillStrike","FlurryOfBlows","FollowUp"],"picked":"SKIP","floor":18.0},{"not_picked":["Nirvana+1","Halt","Evaluate+1"],"picked":"SKIP","floor":20.0},{"not_picked":["Nirvana","JustLucky","SignatureMove"],"picked":"SKIP","floor":23.0},{"not_picked":["FollowUp","Conclude"],"picked":"Consecrate+1","floor":25.0},{"not_picked":["FollowUp","Wireheading"],"picked":"EmptyFist","floor":27.0},{"not_picked":["Ragnarok","Consecrate+1","Meditate"],"picked":"SKIP","floor":28.0},{"not_picked":["BattleHymn","FlurryOfBlows"],"picked":"Wallop+1","floor":30.0},{"not_picked":["CarveReality","Meditate","PathToVictory"],"picked":"SKIP","floor":31.0},{"not_picked":["Devotion","Brilliance"],"picked":"Omniscience","floor":33.0},{"not_picked":["TalkToTheHand","SashWhip+1"],"picked":"Fasting2","floor":35.0},{"not_picked":["FlurryOfBlows","WheelKick"],"picked":"Tantrum","floor":37.0},{"not_picked":["WheelKick","BattleHymn","FollowUp"],"picked":"SKIP","floor":39.0},{"not_picked":["Prostrate+1","JustLucky","CutThroughFate"],"picked":"SKIP","floor":41.0},{"not_picked":["EmptyFist","Vengeance","Evaluate"],"picked":"SKIP","floor":42},{"not_picked":["ThirdEye+1","Vengeance+1","InnerPeace"],"picked":"SKIP","floor":45}],"player_experience":860652,"relics_obtained":[{"floor":9.0,"key":"PreservedInsect"},{"floor":12.0,"key":"Mercury Hourglass"},{"floor":23.0,"key":"Matryoshka"},{"floor":26.0,"key":"Anchor"},{"floor":28.0,"key":"Pen Nib"},{"floor":42,"key":"Centennial Puzzle"},{"floor":43,"key":"InkBottle"},{"floor":43,"key":"Lantern"}],"event_choices":[{"damage_healed":0.0,"max_hp_gain":0.0,"max_hp_loss":0.0,"gold_gain":0.0,"event_name":"Shining Light","player_choice":"Entered Light","floor":3.0,"gold_loss":0.0,"damage_taken":20.0,"cards_upgraded":["Vigilance","Strike_P"]},{"damage_healed":0.0,"max_hp_gain":0.0,"max_hp_loss":6.0,"gold_gain":0.0,"event_name":"Golden Idol","player_choice":"Lose Max HP","floor":13.0,"gold_loss":0.0,"damage_taken":0.0,"relics_obtained":["Golden Idol"]},{"damage_healed":0.0,"max_hp_gain":0.0,"max_hp_loss":0.0,"gold_gain":0.0,"event_name":"Back to Basics","player_choice":"Simplicity","floor":19.0,"gold_loss":0.0,"damage_taken":0.0,"cards_upgraded":["Strike_P","Strike_P","Defend_P","Defend_P","Defend_P","Defend_P"]},{"cards_removed":["Defend_P"],"damage_healed":0.0,"max_hp_gain":0.0,"max_hp_loss":0.0,"gold_gain":0.0,"event_name":"Bonfire Elementals","player_choice":"Offered Basic","floor":21.0,"gold_loss":0.0,"damage_taken":0.0},{"damage_healed":0.0,"max_hp_gain":0.0,"max_hp_loss":0.0,"gold_gain":0.0,"event_name":"The Moai Head","player_choice":"Ignored","floor":36.0,"gold_loss":0.0,"damage_taken":0.0},{"damage_healed":0,"gold_gain":0,"player_choice":"Embrace Madness","damage_taken":12,"max_hp_gain":0,"max_hp_loss":0,"event_name":"Winding Halls","floor":44,"gold_loss":0,"cards_obtained":["Madness","Madness"]},{"cards_removed":["Omniscience"],"damage_healed":0,"gold_gain":0,"player_choice":"Card Removal","damage_taken":0,"max_hp_gain":0,"max_hp_loss":0,"event_name":"Wheel of Change","floor":48,"gold_loss":0}],"is_beta":false,"boss_relics":[{"not_picked":["SacredBark","Tiny House"],"picked":"Ectoplasm"},{"not_picked":["Runic Pyramid","Busted Crown"],"picked":"Fusion Hammer"}],"items_purged_floors":[2,4,38],"is_endless":false,"potions_floor_spawned":[7,10,12,16,20,23,27,33,37,39,42],"ascension_level":16}}