{"host":"2461dio7vetlq1z3","time":1608607413,"event":{"mods":["2.2 Compatiblity","AchievementEnabler","BaseMod","Better Third Choice","Hermit","Minty Spire (QoL Compilation)","Relic Stats","Spicy Shops","StSLib","The Runesmith","Waifu the Spire"],"gold_per_floor":[116,116,135,105,118,148,148,163,163,17,48,63,63,91,91,91,91],"floor_reached":16,"playtime":746,"items_purged":["Runesmith:Strike_RS"],"score":126,"play_id":"59bacdca-4f38-4bab-a819-3bc2628eac69","local_time":"20201222042333","is_ascension_mode":true,"campfire_choices":[{"data":"Runesmith:Fortify","floor":7,"key":"SMITH"},{"floor":13,"key":"DIG"},{"floor":15,"key":"DIG"}],"circlet_count":0,"master_deck":["Runesmith:Strike_RS","Runesmith:Strike_RS","Runesmith:Strike_RS","Runesmith:Defend_RS","Runesmith:Defend_RS","Runesmith:Defend_RS","Runesmith:Defend_RS","Runesmith:CraftFirestone","Runesmith:Fortify+1","Runesmith:Repurpose","Runesmith:UnlimitedPower","Runesmith:CraftProtectio","Runesmith:Repurpose","Runesmith:HammerThrow","Runesmith:Repurpose+1","Runesmith:EarthShield+1","Runesmith:DoubleUp+1"],"relics":["Runesmith:BrokenRuby","Runesmith:MiniCore","Ornamental Fan","Toxic Egg 2","Shovel","InkBottle","Kunai","White Beast Statue","Darkstone Periapt"],"acts_visited":["Exordium"],"potions_floor_usage":[8,11,14],"damage_taken":[{"damage":2,"enemies":"2 Louse","floor":1,"turns":3},{"damage":0,"enemies":"Small Slimes","floor":3,"turns":4},{"damage":0,"enemies":"Cultist","floor":5,"turns":3},{"damage":17,"enemies":"Lagavulin","floor":6,"turns":9},{"damage":2,"enemies":"Looter","floor":8,"turns":5},{"damage":33,"enemies":"Gremlin Nob","floor":11,"turns":5},{"damage":5,"enemies":"2 Fungi Beasts","floor":12,"turns":4},{"damage":3,"enemies":"3 Sentries","floor":14,"turns":10},{"damage":31,"enemies":"Slime Boss","floor":16,"turns":3}],"seed_played":"2852424340847804295","potions_obtained":[{"floor":3,"key":"PowerPotion"},{"floor":4,"key":"Explosive Potion"},{"floor":4,"key":"Block Potion"},{"floor":11,"key":"Block Potion"},{"floor":12,"key":"Energy Potion"}],"is_trial":false,"path_per_floor":["M","?","M","?","M","E","R","M","T","$","E","M","R","E","R","B"],"character_chosen":"RUNESMITH_CLASS","items_purchased":["Shovel"],"campfire_rested":0,"item_purchase_floors":[10],"current_hp_per_floor":[68,73,73,73,73,56,56,54,54,54,21,16,16,13,13,0,0],"gold":91,"neow_bonus":"RANDOM_COMMON_RELIC","is_daily":false,"chose_seed":false,"campfire_upgraded":1,"win_rate":0.0,"timestamp":1608607413,"path_taken":["M","?","M","?","?","E","R","M","T","$","E","M","R","E","R","BOSS"],"items_purchased_type":["Relic"],"build_version":"2020-12-13","purchased_purges":1,"victory":false,"max_hp_per_floor":[70,75,75,75,75,75,75,75,75,75,75,75,75,75,75,75,75],"relic_stats":{"Darkstone Periapt":0,"Shovel":2,"counters":[9,46],"Ornamental Fan":[0],"Kunai":[0],"obtain_stats":[{"Darkstone Periapt":15,"Runesmith:BrokenRuby":0,"Shovel":10,"Ornamental Fan":6,"Runesmith:MiniCore":0,"Kunai":13,"Toxic Egg 2":9,"InkBottle":11,"White Beast Statue":14},{"Darkstone Periapt":8,"Runesmith:BrokenRuby":0,"Shovel":5,"Ornamental Fan":4,"Runesmith:MiniCore":0,"Kunai":7,"Toxic Egg 2":5,"InkBottle":6,"White Beast Statue":8},{"Darkstone Periapt":43,"Runesmith:BrokenRuby":0,"Shovel":24,"Ornamental Fan":19,"Runesmith:MiniCore":0,"Kunai":33,"Toxic Egg 2":24,"InkBottle":29,"White Beast Statue":43}],"InkBottle":[5]},"card_choices":[{"not_picked":["Runesmith:ShiftingStrike","Runesmith:HeatedChisel"],"picked":"Runesmith:Repurpose","floor":1},{"not_picked":["Runesmith:UnstableHammer","Runesmith:RuneHurl"],"picked":"Runesmith:UnlimitedPower","floor":3},{"not_picked":["Runesmith:Empowerment","Runesmith:ShiftingStrike"],"picked":"Runesmith:CraftProtectio","floor":5},{"not_picked":["Runesmith:EnergizedChisel","Runesmith:CraftMagma"],"picked":"Runesmith:Repurpose","floor":6},{"not_picked":["Runesmith:HeatedChisel","Runesmith:CraftSpiculum"],"picked":"Runesmith:HammerThrow","floor":8},{"not_picked":["Runesmith:HeatedChisel","Runesmith:ShiftingStrike"],"picked":"Runesmith:Repurpose+1","floor":11},{"not_picked":["Runesmith:StaticCage+1","Runesmith:ChiselStab"],"picked":"Runesmith:EarthShield+1","floor":12},{"not_picked":["Runesmith:Malloc+1","Runesmith:Grindstone+1"],"picked":"Runesmith:DoubleUp+1","floor":14}],"player_experience":841589,"relics_obtained":[{"floor":6,"key":"Ornamental Fan"},{"floor":9,"key":"Toxic Egg 2"},{"floor":11,"key":"InkBottle"},{"floor":13,"key":"Kunai"},{"floor":14,"key":"White Beast Statue"},{"floor":15,"key":"Darkstone Periapt"}],"event_choices":[{"damage_healed":0,"gold_gain":0,"player_choice":"Donut","damage_taken":0,"max_hp_gain":5,"max_hp_loss":0,"event_name":"Big Fish","floor":2,"gold_loss":0},{"damage_healed":0,"gold_gain":0,"player_choice":"Bought 2 Potions","damage_taken":0,"max_hp_gain":0,"max_hp_loss":0,"event_name":"The Woman in Blue","floor":4,"gold_loss":0}],"is_beta":false,"boss_relics":[],"items_purged_floors":[10],"is_endless":false,"potions_floor_spawned":[3,11,12],"killed_by":"Slime Boss","ascension_level":1}}