{"host":"684z1xpuwaoqmmh1","time":1608643644,"event":{"mods":["BaseMod","Downfall","Hermit","Jorbs\u0027s Wanderer Trilogy","Marisa????????","Minty Spire (QoL Compilation)","StSLib","The Hierophant","The Mystic"],"gold_per_floor":[199,212,225,225,240,254,254,179,89,74,101,136,192,266,285,359,359,284,298,318,90,102,120,145,145,70,86,86,86,117,117,131,210,210,210,210,210,210],"floor_reached":36,"playtime":2119,"items_purged":["hexamod:Defend"],"score":707,"play_id":"a3dab15c-33e4-414a-945c-2d27930535e2","local_time":"20201222152724","is_ascension_mode":true,"campfire_choices":[{"data":"hexamod:Float","floor":1.0,"key":"SMITH"},{"data":"hexamod:VolcanoVisage","floor":8.0,"key":"SMITH"},{"floor":18.0,"key":"RECALL"},{"floor":26.0,"key":"REST"},{"floor":29.0,"key":"REST"},{"floor":35,"key":"REST"}],"circlet_count":0,"master_deck":["AscendersBane","hexamod:Strike+1","hexamod:Strike+1","hexamod:Strike","hexamod:Defend+1","hexamod:Defend","hexamod:Defend","hexamod:Sear","hexamod:Float+1","hexamod:ShieldOfDarkness+1","hexamod:HauntingEcho+1","hexamod:VolcanoVisage+1","hexamod:GhostflameBarrier+1","hexamod:SwordOfDarkness+1","hexamod:FlamesFromBeyond","hexamod:GhostflameInferno","hexamod:RadiantFlame+1","hexamod:SixthSeal","hexamod:FourthSeal","hexamod:Incineration","hexamod:Hexaguard+1","hexamod:FastForward+1","hexamod:ExtraCrispy","hexamod:GhostflameInferno+1","Writhe","hexamod:FastForward+1","hexamod:FirstSeal","hexamod:CatchUp+1","hexamod:FifthSeal"],"relics":["hexamod:SpiritBrand","downfall:HeartBlessingBlue","Odd Mushroom","Oddly Smooth Stone","Pen Nib","Toxic Egg 2","Fusion Hammer","downfall:HeartBlessingGreen","hexamod:BolsterEngine","Akabeko","Bird Faced Urn","downfall:HeartBlessingRed","Smiling Mask","Busted Crown"],"acts_visited":["Exordium","TheCity","TheBeyond"],"potions_floor_usage":[30,32,32,32,33,36],"damage_taken":[{"damage":0.0,"enemies":"Small Slimes","floor":2.0,"turns":3.0},{"damage":0.0,"enemies":"Cultist","floor":3.0,"turns":4.0},{"damage":0.0,"enemies":"2 Louse","floor":5.0,"turns":4.0},{"damage":3.0,"enemies":"Large Slime","floor":6.0,"turns":7.0},{"damage":0.0,"enemies":"downfall:FleeingMerchant","floor":9.0,"turns":4.0},{"damage":0.0,"enemies":"downfall:FleeingMerchant","floor":10.0,"turns":4.0},{"damage":8.0,"enemies":"The Mushroom Lair","floor":11.0,"turns":4.0},{"damage":6.0,"enemies":"Lagavulin","floor":12.0,"turns":7.0},{"damage":18.0,"enemies":"Lagavulin Event","floor":13.0,"turns":6.0},{"damage":14.0,"enemies":"Exordium Thugs","floor":15.0,"turns":4.0},{"damage":13.0,"enemies":"downfall:Ironclad","floor":16.0,"turns":10.0},{"damage":11.0,"enemies":"Spheric Guardian","floor":19.0,"turns":5.0},{"damage":17.0,"enemies":"3 Byrds","floor":20.0,"turns":5.0},{"damage":0.0,"enemies":"downfall:FleeingMerchant","floor":21.0,"turns":4.0},{"damage":14.0,"enemies":"Sentry and Sphere","floor":22.0,"turns":6.0},{"damage":6.0,"enemies":"Centurion and Healer","floor":23.0,"turns":9.0},{"damage":0.0,"enemies":"Snake Plant","floor":27.0,"turns":1.0},{"damage":39,"enemies":"Gremlin Leader","floor":30,"turns":6},{"damage":1,"enemies":"3 Cultists","floor":32,"turns":5},{"damage":9,"enemies":"downfall:Watcher","floor":33,"turns":9},{"damage":89,"enemies":"2 Orb Walkers","floor":36,"turns":4}],"seed_played":"-911535987966292753","potions_obtained":[{"floor":5.0,"key":"SpeedPotion"},{"floor":6.0,"key":"hexamod:InfernoChargePotion"},{"floor":11.0,"key":"Energy Potion"},{"floor":12.0,"key":"LiquidMemories"},{"floor":13.0,"key":"PowerPotion"},{"floor":16.0,"key":"Ancient Potion"},{"floor":21.0,"key":"hexamod:EctoCoolerPotion"},{"floor":22.0,"key":"EntropicBrew"},{"floor":22.0,"key":"PowerPotion"},{"floor":23.0,"key":"champ:CounterPotion"},{"floor":27.0,"key":"SpeedPotion"},{"floor":30,"key":"EntropicBrew"},{"floor":32,"key":"Ancient Potion"},{"floor":33,"key":"AttackPotion"}],"is_trial":false,"path_per_floor":["R","M","M","?","M","M","T","R","$","$","?","E","?","T","M","B",null,"R","M","M","$","M","M","T","?","R","M","?","R","E","?","M","B",null,"R","?"],"character_chosen":"THE_SPIRIT","items_purchased":["hexamod:BolsterEngine","hexamod:FastForward+1"],"campfire_rested":3,"item_purchase_floors":[21,21],"current_hp_per_floor":[57,57,57,57,57,54,54,64,64,64,56,50,32,32,18,5,56,56,45,28,28,14,8,8,8,29,29,22,43,21,21,37,47,67,73,0,0,0],"gold":210,"neow_bonus":"HUNDRED_GOLD","is_daily":false,"chose_seed":false,"campfire_upgraded":2,"win_rate":0.0,"timestamp":1608643644,"path_taken":["R","M","M","?","M","M","T","R","?","$","?","E","?","?","M","BOSS","R","M","M","$","M","M","T","?","R","M","?","R","E","?","M","BOSS","R","?"],"items_purchased_type":["Relic","Card"],"build_version":"2020-12-13","purchased_purges":1,"victory":false,"max_hp_per_floor":[63,63,63,63,63,63,63,73,73,73,73,73,73,73,73,73,73,73,73,73,73,73,73,73,73,73,73,73,73,73,73,73,73,73,73,73,73,73],"card_choices":[{"not_picked":["hexamod:GhostLash","hexamod:NightmareGuise"],"picked":"hexamod:ShieldOfDarkness","floor":2.0},{"not_picked":["hexamod:SpectralAdrenaline","hexamod:NightmareGuise"],"picked":"hexamod:HauntingEcho","floor":3.0},{"not_picked":["hexamod:FastForward","hexamod:SpectersWail"],"picked":"hexamod:GhostflameBarrier","floor":5.0},{"not_picked":["hexamod:BacktrackSmack","hexamod:AdvancingGuard","hexamod:NightmareStrike"],"picked":"SKIP","floor":6.0},{"not_picked":["hexamod:SpectralAdrenaline","hexamod:NecessarySacrifice"],"picked":"hexamod:SwordOfDarkness","floor":9.0},{"not_picked":["hexamod:RainOfEmbers","hexamod:Rewind"],"picked":"hexamod:FlamesFromBeyond","floor":10.0},{"not_picked":["hexamod:NightmareStrike","hexamod:RainOfEmbers"],"picked":"hexamod:GhostflameInferno","floor":12.0},{"not_picked":["hexamod:Firestarter","hexamod:RetreatToShadows+1"],"picked":"hexamod:RadiantFlame","floor":15.0},{"not_picked":["hexamod:EmpoweringStance","hexamod:UnlimitedPower+1"],"picked":"hexamod:SixthSeal","floor":16.0},{"not_picked":["hexamod:AdvancingGuard+1","hexamod:RecurringNightmare+1"],"picked":"hexamod:FourthSeal","floor":19.0},{"not_picked":["hexamod:HauntingEcho","hexamod:ShieldOfDarkness+1"],"picked":"hexamod:Incineration","floor":20.0},{"not_picked":["hexamod:BurningTouch+1","hexamod:GhostLash"],"picked":"hexamod:Hexaguard+1","floor":21.0},{"not_picked":["hexamod:HeatMetal","hexamod:GhostLash+1"],"picked":"hexamod:ExtraCrispy","floor":22.0},{"not_picked":["hexamod:HauntingEcho","hexamod:BacktrackSmack"],"picked":"hexamod:GhostflameInferno+1","floor":23.0},{"not_picked":["hexamod:AdvancingGuard+1","hexamod:BurningTouch+1"],"picked":"hexamod:FastForward+1","floor":27.0},{"not_picked":["hexamod:SpectersWail","hexamod:GhostShield+1"],"picked":"hexamod:CatchUp+1","floor":30},{"not_picked":["hexamod:FirstSeal","hexamod:Rewind+1","hexamod:FastForward+1"],"picked":"SKIP","floor":32},{"not_picked":["hexamod:ApocalypseNow+1","hexamod:ApocalypticArmor"],"picked":"hexamod:FifthSeal","floor":33}],"player_experience":2367915,"relics_obtained":[{"floor":11.0,"key":"Odd Mushroom"},{"floor":12.0,"key":"Oddly Smooth Stone"},{"floor":13.0,"key":"Pen Nib"},{"floor":14.0,"key":"Toxic Egg 2"},{"floor":24.0,"key":"Akabeko"},{"floor":30,"key":"Smiling Mask"}],"event_choices":[{"damage_healed":0.0,"max_hp_gain":0.0,"max_hp_loss":0.0,"gold_gain":0.0,"cards_transformed":["hexamod:Strike"],"event_name":"Transmorgrifier","player_choice":"Transformed","floor":4.0,"gold_loss":0.0,"damage_taken":0.0,"cards_obtained":["hexamod:VolcanoVisage"]},{"damage_healed":0.0,"max_hp_gain":0.0,"max_hp_loss":0.0,"gold_gain":0.0,"event_name":"Mushrooms","player_choice":"Fought Mushrooms","floor":11.0,"gold_loss":0.0,"damage_taken":0.0},{"damage_healed":0,"gold_gain":0,"player_choice":"Fight","damage_taken":0,"max_hp_gain":0,"max_hp_loss":0,"event_name":"Mysterious Sphere","floor":36,"gold_loss":0}],"is_beta":false,"boss_relics":[{"not_picked":["hexamod:IceCube","Cursed Key"],"picked":"Fusion Hammer"},{"not_picked":["Runic Dome","Tiny House"],"picked":"Busted Crown"}],"items_purged_floors":[9],"is_endless":false,"potions_floor_spawned":[5,6,11,12,13,16,22,27,30,33],"killed_by":"2 Orb Walkers","ascension_level":17}}