{"host":"126yiuos2nq86se7","time":1608641073,"event":{"mods":["AchievementEnabler","Act Like it!","BaseMod","Colored Map","Colored Powertips","Downfall","Friendly Minions","Highlight Path","Minty Spire (QoL Compilation)","StSLib","SuperFastMode","The Animator"],"gold_per_floor":[114,39,39,53,8,8,43,61,132,132,148,148,148,158,158,256,256,266,282,26,125,10,10,10,28,55,74,0,30,48,48,48,148,148,167,217,217,237,248,248,52,78,78,92,92,102,102,114,114,114],"floor_reached":51,"playtime":1806,"items_purged":["Strike_G","Strike_G","Strike_G","Infinite Blades"],"score":781,"play_id":"49ce3649-0159-410b-9ed4-d80a4a166fa9","local_time":"20201222234433","is_ascension_mode":true,"campfire_choices":[{"data":"Caltrops","floor":6,"key":"SMITH"},{"floor":15,"key":"REST"},{"data":"A Thousand Cuts","floor":24,"key":"SMITH"},{"floor":32,"key":"REST"},{"floor":40,"key":"REST"},{"data":"Survivor","floor":45,"key":"SMITH"},{"data":"Neutralize","floor":49,"key":"SMITH"}],"circlet_count":0,"master_deck":["Strike_G","Defend_G","Defend_G","Defend_G","Defend_G","Defend_G","Survivor+1","Neutralize+1","Caltrops+1","Neutralize","Deflect","Bane","Backflip","Backflip","A Thousand Cuts+1","Backflip+1","Cloak And Dagger+1","Noxious Fumes","Dagger Spray","Blade Dance","Noxious Fumes","Burst","Neutralize","Terror+1","Deflect+1","Caltrops","Adrenaline","Bane+1"],"relics":["Ring of the Snake","Pen Nib","Lantern","Ninja Scroll","Kunai","Strawberry","Sozu","Membership Card","Orichalcum","Oddly Smooth Stone","StrikeDummy","Busted Crown","Torii","Molten Egg 2","Toxic Egg 2","Question Card"],"acts_visited":["Exordium","TheCity","TheBeyond"],"potions_floor_usage":[7,16,29],"damage_taken":[{"damage":0,"enemies":"Jaw Worm","floor":1,"turns":5},{"damage":4,"enemies":"Cultist","floor":4,"turns":4},{"damage":21,"enemies":"3 Sentries","floor":7,"turns":7},{"damage":0,"enemies":"2 Louse","floor":8,"turns":4},{"damage":7,"enemies":"Large Slime","floor":11,"turns":5},{"damage":2,"enemies":"Exordium Thugs","floor":14,"turns":5},{"damage":14,"enemies":"The Guardian","floor":16,"turns":12},{"damage":0,"enemies":"2 Thieves","floor":18,"turns":4},{"damage":0,"enemies":"Chosen","floor":19,"turns":4},{"damage":10,"enemies":"Snake Plant","floor":25,"turns":4},{"damage":20,"enemies":"Snecko","floor":27,"turns":5},{"damage":4,"enemies":"Gremlin Leader","floor":29,"turns":5},{"damage":1,"enemies":"3 Cultists","floor":30,"turns":4},{"damage":5,"enemies":"Champ","floor":33,"turns":9},{"damage":0,"enemies":"3 Shapes","floor":35,"turns":3},{"damage":0,"enemies":"Mind Bloom Boss Battle","floor":36,"turns":6},{"damage":27,"enemies":"3 Darklings","floor":38,"turns":3},{"damage":1,"enemies":"4 Shapes","floor":39,"turns":5},{"damage":0,"enemies":"Giant Head","floor":42,"turns":9},{"damage":1,"enemies":"Sphere and 2 Shapes","floor":44,"turns":4},{"damage":0,"enemies":"Writhing Mass","floor":46,"turns":5},{"damage":7,"enemies":"Maw","floor":48,"turns":6},{"damage":39,"enemies":"Awakened One","floor":50,"turns":20}],"seed_played":"-9028040527318575832","potions_obtained":[{"floor":1,"key":"Guardian:BlockOnCardUsePotion"},{"floor":7,"key":"PowerPotion"},{"floor":16,"key":"Fire Potion"}],"is_trial":false,"path_per_floor":["M","$","?","M","$","R","E","M","T","T","M","?","?","M","R","B",null,"M","M","$","?","$","?","R","M","T","M","$","E","M","?","R","B",null,"M","?","?","M","M","R","$","E","T","M","R","M","?","M","R","B",null],"character_chosen":"THE_SILENT","items_purchased":["Deflect","Noxious Fumes","Membership Card","Dagger Spray","Blade Dance","Noxious Fumes","Oddly Smooth Stone","Molten Egg 2"],"campfire_rested":3,"item_purchase_floors":[5,20,20,20,22,22,28,41],"current_hp_per_floor":[70,70,70,66,66,66,45,45,45,45,38,38,42,40,63,49,77,77,77,77,77,77,77,77,67,67,47,47,43,42,42,65,60,77,77,77,77,50,49,72,72,72,72,71,71,71,71,64,64,25],"gold":114,"neow_bonus":"RANDOM_COMMON_RELIC","is_daily":false,"chose_seed":false,"campfire_upgraded":4,"win_rate":0.0,"timestamp":1608641073,"path_taken":["M","$","?","?","$","R","E","?","T","?","M","?","?","?","R","BOSS","M","M","$","?","$","?","R","M","T","?","$","E","M","?","R","BOSS","M","?","?","M","M","R","$","E","T","M","R","M","?","?","R","BOSS"],"items_purchased_type":["Card","Card","Relic","Card","Card","Card","Relic","Relic"],"build_version":"2020-12-13","purchased_purges":4,"victory":true,"max_hp_per_floor":[70,70,70,70,70,70,70,70,70,70,70,70,77,77,77,77,77,77,77,77,77,77,77,77,77,77,77,77,77,77,77,77,77,77,77,77,77,77,77,77,77,77,77,77,77,77,77,77,77,77],"card_choices":[{"not_picked":["Backflip","Dodge and Roll"],"picked":"Infinite Blades","floor":1},{"not_picked":["Dagger Throw","Deadly Poison","Acrobatics"],"picked":"SKIP","floor":4},{"not_picked":["Backflip","Sucker Punch"],"picked":"Bane","floor":7},{"not_picked":["Eviscerate","Flying Knee"],"picked":"Backflip","floor":8},{"not_picked":["Outmaneuver","Poisoned Stab"],"picked":"Backflip","floor":11},{"not_picked":["Outmaneuver","Dodge and Roll"],"picked":"A Thousand Cuts","floor":14},{"not_picked":["Accuracy","Skewer"],"picked":"Backflip+1","floor":18},{"not_picked":["Crippling Poison","Backflip+1"],"picked":"Cloak And Dagger+1","floor":19},{"not_picked":["Dagger Throw","Tactician+1"],"picked":"Terror+1","floor":25},{"not_picked":["Bane","Sucker Punch+1","Outmaneuver"],"picked":"SKIP","floor":27},{"not_picked":["Doppelganger","Dagger Throw"],"picked":"Deflect+1","floor":29},{"not_picked":["Heel Hook","Terror"],"picked":"Caltrops","floor":30},{"not_picked":["Die Die Die","Wraith Form v2"],"picked":"Adrenaline","floor":33},{"not_picked":["Flying Knee"],"picked":"SKIP","floor":35},{"not_picked":["Finisher"],"picked":"SKIP","floor":38},{"not_picked":["Blade Dance"],"picked":"SKIP","floor":39},{"not_picked":["Die Die Die+1"],"picked":"SKIP","floor":42},{"not_picked":["Slice+1","Quick Slash+1"],"picked":"SKIP","floor":44},{"not_picked":["Sucker Punch+1","Catalyst+1"],"picked":"SKIP","floor":46},{"not_picked":["Endless Agony+1"],"picked":"Bane+1","floor":48}],"player_experience":1586689,"relics_obtained":[{"floor":7,"key":"Lantern"},{"floor":9,"key":"Ninja Scroll"},{"floor":10,"key":"Kunai"},{"floor":26,"key":"Orichalcum"},{"floor":29,"key":"StrikeDummy"},{"floor":36,"key":"Torii"},{"floor":42,"key":"Toxic Egg 2"},{"floor":43,"key":"Question Card"}],"event_choices":[{"damage_healed":0,"gold_gain":0,"player_choice":"2 cards matched","damage_taken":0,"max_hp_gain":0,"max_hp_loss":0,"event_name":"Match and Keep!","floor":3,"gold_loss":0,"cards_obtained":["Caltrops","Neutralize"]},{"cards_removed":["Strike_G"],"damage_healed":0,"gold_gain":0,"player_choice":"Forget","damage_taken":0,"max_hp_gain":0,"max_hp_loss":0,"event_name":"Living Wall","floor":12,"gold_loss":0},{"damage_healed":0,"gold_gain":0,"player_choice":"Success","damage_taken":3,"relics_obtained":["Strawberry"],"max_hp_gain":0,"max_hp_loss":0,"event_name":"Scrap Ooze","floor":13,"gold_loss":0},{"damage_healed":0,"gold_gain":99,"player_choice":"Stole From Cult","damage_taken":0,"max_hp_gain":0,"max_hp_loss":0,"event_name":"Nest","floor":21,"gold_loss":0},{"damage_healed":0,"gold_gain":0,"player_choice":"2 cards matched","damage_taken":0,"max_hp_gain":0,"max_hp_loss":0,"event_name":"Match and Keep!","floor":23,"gold_loss":0,"cards_obtained":["Burst","Neutralize"]},{"damage_healed":0,"gold_gain":0,"player_choice":"Ignored","damage_taken":0,"max_hp_gain":0,"max_hp_loss":0,"event_name":"Vampires","floor":31,"gold_loss":0},{"damage_healed":0,"gold_gain":0,"player_choice":"Fight","damage_taken":0,"max_hp_gain":0,"max_hp_loss":0,"event_name":"MindBloom","floor":36,"gold_loss":0},{"damage_healed":0,"gold_gain":0,"player_choice":"Ignored","damage_taken":0,"max_hp_gain":0,"max_hp_loss":0,"event_name":"Tomb of Lord Red Mask","floor":37,"gold_loss":0},{"damage_healed":0,"gold_gain":0,"player_choice":"Ignored","damage_taken":0,"max_hp_gain":0,"max_hp_loss":0,"event_name":"NoteForYourself","floor":47,"gold_loss":0}],"is_beta":false,"boss_relics":[{"not_picked":["Cursed Key","Astrolabe"],"picked":"Sozu"},{"not_picked":["Philosopher\u0027s Stone","WristBlade"],"picked":"Busted Crown"}],"items_purged_floors":[2,20,22,41],"is_endless":false,"potions_floor_spawned":[1,7,16,25,29,30,33,35,42,48],"ascension_level":1}}