{"host":"ix2a18c4ohfsrslv","time":1608649924,"event":{"mods":["BaseMod","Better Third Choice","Downfall","Minty Spire (QoL Compilation)","Replay The Spire","StSLib"],"gold_per_floor":[115,206,226,241,260,292,311,311,311,16,16,16,32,49,49,49,49],"floor_reached":16,"playtime":1199,"items_purged":["Strike_G"],"score":114,"play_id":"3553da1e-0308-4167-a8f7-8703a5fed7a2","local_time":"20201222071204","is_ascension_mode":true,"campfire_choices":[{"floor":8,"key":"REST"},{"floor":15,"key":"REST"}],"circlet_count":0,"master_deck":["Strike_G","Strike_G","Strike_G","Defend_G+1","Defend_G+1","Defend_G+1","Defend_G+1","Defend_G+1","Survivor","Neutralize","Replay:Poison Smokescreen","Backflip","Backstab","Toxin Wave","Poison Darts","Deadly Poison","Cloak And Dagger","Footwork","Malaise"],"relics":["Ring of the Snake","NeowsBlessing","Replay:Bottled Flurry","Replay:Bottled Eggs","Medical Kit"],"acts_visited":["Exordium"],"potions_floor_usage":[6,16,16,16],"damage_taken":[{"damage":0,"enemies":"Cultist","floor":1,"turns":1},{"damage":0,"enemies":"2 Louse","floor":3,"turns":1},{"damage":0,"enemies":"Jaw Worm","floor":4,"turns":1},{"damage":2,"enemies":"Lots of Slimes","floor":5,"turns":3},{"damage":25,"enemies":"Lagavulin","floor":6,"turns":5},{"damage":12,"enemies":"Large Slime","floor":7,"turns":4},{"damage":7,"enemies":"Exordium Thugs","floor":13,"turns":5},{"damage":5,"enemies":"Blue Slaver","floor":14,"turns":3},{"damage":44,"enemies":"Fading Forest","floor":16,"turns":10}],"seed_played":"2683441681981680185","potions_obtained":[{"floor":1,"key":"AttackPotion"},{"floor":6,"key":"Elixir"},{"floor":7,"key":"DuplicationPotion"},{"floor":13,"key":"Adrenaline Potion"},{"floor":14,"key":"Explosive Potion"}],"is_trial":false,"path_per_floor":["M","?","M","M","M","E","M","R","T","$","?","$","M","M","R","B"],"character_chosen":"THE_SILENT","items_purchased":["Footwork","Medical Kit"],"campfire_rested":2,"item_purchase_floors":[10,10],"current_hp_per_floor":[70,42,42,42,40,15,3,24,24,24,24,24,17,12,33,0,0],"gold":49,"neow_bonus":"THREE_ENEMY_KILL","is_daily":false,"chose_seed":false,"campfire_upgraded":0,"win_rate":0.0,"timestamp":1608649924,"path_taken":["M","?","M","?","?","E","M","R","T","?","?","?","M","?","R","BOSS"],"items_purchased_type":["Card","Relic"],"build_version":"2020-12-13","purchased_purges":1,"victory":false,"max_hp_per_floor":[70,70,70,70,70,70,70,70,70,70,70,70,70,70,70,70,70],"card_choices":[{"not_picked":["All Out Attack","Sucker Punch"],"picked":"Replay:Poison Smokescreen","floor":1},{"not_picked":["Prepared","Bouncing Flask"],"picked":"Backflip","floor":2},{"not_picked":["Deflect","Eviscerate"],"picked":"Backstab","floor":2},{"not_picked":["Choke","Crippling Poison"],"picked":"Toxin Wave","floor":2},{"not_picked":["Backflip","Eviscerate","Slice"],"picked":"SKIP","floor":3},{"not_picked":["Deflect","Underhanded Strike"],"picked":"Poison Darts","floor":4},{"not_picked":["Terror","PiercingWail"],"picked":"Deadly Poison","floor":5},{"not_picked":["Finisher","Infinite Blades","Bane"],"picked":"SKIP","floor":6},{"not_picked":["ReplayTheSpireMod:The Works","PiercingWail"],"picked":"Cloak And Dagger","floor":7},{"not_picked":["Bane","Hidden Blade","Dodge and Roll"],"picked":"SKIP","floor":13},{"not_picked":["Slice","Prepared"],"picked":"Malaise","floor":14}],"player_experience":95280,"relics_obtained":[{"floor":6,"key":"Replay:Bottled Flurry"},{"floor":9,"key":"Replay:Bottled Eggs"}],"event_choices":[{"cards_removed":["Strike_G"],"damage_healed":0,"gold_gain":0,"player_choice":"Forget","damage_taken":0,"max_hp_gain":0,"max_hp_loss":0,"event_name":"Living Wall","floor":11,"gold_loss":0}],"is_beta":false,"boss_relics":[],"items_purged_floors":[10],"is_endless":false,"potions_floor_spawned":[1,6,7,13,14],"killed_by":"Fading Forest","ascension_level":2}}