{"host":"hwdg34753f7m8ow2","time":1608626499,"event":{"mods":["AchievementEnabler","Astrologer","BaseMod","Hermit","Koishi","Marisa????????","Minty Spire (QoL Compilation)","Permanent Neow","Quick Restart","Shop Mod","StSLib","The Bug Knight","The Disciple","The Hierophant","The Senshi","The Servant 0.9.4"],"gold_per_floor":[109,109,109,179,179,179,214,230,230,264,274,274,274,290,290,437,437,460,480,480,480,395,395,445,137,137,177,191,191,46,59,59,190,190,204,220,220,284,303,337,337,337,337,92,105,55,70,94,94,94],"floor_reached":51,"playtime":1848,"items_purged":["Injury","Wraith"],"score":949,"play_id":"d92a8a3a-a52b-4267-b63d-38368537ca1f","local_time":"20201222014139","is_ascension_mode":true,"campfire_choices":[{"data":"Defend_MRS","floor":6.0,"key":"SMITH"},{"floor":13.0,"key":"REST"},{"data":"UnstableBomb","floor":15.0,"key":"SMITH"},{"floor":23.0,"key":"REST"},{"floor":32.0,"key":"REST"},{"floor":49,"key":"REST"}],"circlet_count":0,"master_deck":["Strike_MRS","Strike_MRS","Defend_MRS+1","Defend_MRS","Defend_MRS+1","MasterSpark+1","UpSweep+1","DeepEcoloBomb+1","OrrerysSun","UnstableBomb+1","SprinkleStarSeal","CollectingQuirk","Occultation+1","DC+1","UnstableBomb+1","MilkyWay","MillisecondPulsars","RitualDagger","Parasite","Parasite","EnergyFlow","AsteroidBelt+1","Jack Of All Trades","Writhe","SporeBomb+1","MagicAbsorber+1","UltimateShortwave"],"relics":["MiniHakkero","Shuriken","Pocketwatch","Singing Bowl","Matryoshka","Golden Idol","Astrolabe","Kunai","ShroomBag","Toy Ornithopter","Toolbox","Boot","Sundial","AmplifyWand","Vajra","ExperimentalFamiliar","Calipers","HollowMod:StagPassRelic","Letter Opener","Nunchaku"],"acts_visited":["Exordium","TheCity","TheBeyond"],"potions_floor_usage":[48,50,50],"damage_taken":[{"damage":3.0,"enemies":"Small Slimes","floor":1.0,"turns":3.0},{"damage":13.0,"enemies":"Lagavulin","floor":7.0,"turns":6.0},{"damage":4.0,"enemies":"Jaw Worm","floor":8.0,"turns":2.0},{"damage":10.0,"enemies":"Gremlin Nob","floor":10.0,"turns":3.0},{"damage":0.0,"enemies":"2 Louse","floor":11.0,"turns":2.0},{"damage":4.0,"enemies":"2 Fungi Beasts","floor":14.0,"turns":3.0},{"damage":21.0,"enemies":"Hexaghost","floor":16.0,"turns":8.0},{"damage":0.0,"enemies":"Spheric Guardian","floor":18.0,"turns":2.0},{"damage":8.0,"enemies":"Chosen","floor":19.0,"turns":3.0},{"damage":15.0,"enemies":"Gremlin Leader","floor":27.0,"turns":6.0},{"damage":7.0,"enemies":"Snecko","floor":28.0,"turns":5.0},{"damage":22.0,"enemies":"Shelled Parasite and Fungi","floor":31.0,"turns":5.0},{"damage":74.0,"enemies":"Automaton","floor":33.0,"turns":11.0},{"damage":10.0,"enemies":"Orb Walker","floor":35.0,"turns":3.0},{"damage":8.0,"enemies":"3 Shapes","floor":36.0,"turns":4.0},{"damage":8.0,"enemies":"2 Orb Walkers","floor":38.0,"turns":3.0},{"damage":0.0,"enemies":"3 Darklings","floor":39.0,"turns":1.0},{"damage":60.0,"enemies":"Nemesis","floor":40.0,"turns":5.0},{"damage":1,"enemies":"Maw","floor":45,"turns":6},{"damage":5,"enemies":"Transient","floor":47,"turns":5},{"damage":0,"enemies":"Spire Growth","floor":48,"turns":4},{"damage":35,"enemies":"Awakened One","floor":50,"turns":8}],"seed_played":"8448116775365166818","potions_obtained":[{"floor":8.0,"key":"BottledSpark"},{"floor":14.0,"key":"Fire Potion"},{"floor":18.0,"key":"Regen Potion"},{"floor":28.0,"key":"SpeedPotion"},{"floor":36.0,"key":"Weak Potion"},{"floor":40.0,"key":"Strength Potion"},{"floor":45,"key":"FearPotion"},{"floor":48,"key":"Ancient Potion"}],"is_trial":false,"path_per_floor":["M","?","T","?","?","R","E","M","T","E","M","?","R","M","R","B",null,"M","M","?","?","?","R","T","$","T","E","M","?","$","M","R","B",null,"M","M","?","?","M","E","?","?","T","$","M","$","M","M","R","B",null],"character_chosen":"MARISA","items_purchased":["Toolbox","EnergyFlow","Vajra","Nunchaku","SporeBomb"],"campfire_rested":4,"item_purchase_floors":[25,25,30,44,46],"current_hp_per_floor":[65,65,65,65,50,50,37,33,33,25,25,25,48,44,44,23,64,64,58,58,52,52,75,75,75,75,66,65,65,65,49,74,31,73,69,65,65,66,70,16,40,40,40,40,45,45,44,53,82,61],"gold":94,"neow_bonus":"UPGRADE_CARD","is_daily":false,"chose_seed":false,"campfire_upgraded":2,"win_rate":0.0,"timestamp":1608626499,"path_taken":["M","?","?","?","?","R","E","?","T","E","M","?","R","M","R","BOSS","M","M","?","?","?","R","?","$","T","E","?","?","?","M","R","BOSS","M","M","?","?","M","E","?","?","T","?","M","$","M","M","R","BOSS"],"items_purchased_type":["Relic","Card","Relic","Relic","Card"],"build_version":"2020-12-13","purchased_purges":2,"victory":true,"max_hp_per_floor":[75,75,75,75,75,75,75,75,75,77,77,77,77,77,77,77,77,77,79,79,79,79,79,79,79,79,81,83,83,83,85,85,87,87,89,89,89,91,93,95,95,95,95,95,97,97,97,97,97,97],"card_choices":[{"not_picked":["MysteriousBeam","ShootingEcho"],"picked":"DeepEcoloBomb","floor":1.0},{"not_picked":["DoubleSpark","BlazeAway"],"picked":"OrrerysSun","floor":7.0},{"not_picked":["GravityBeat","EventHorizon"],"picked":"UnstableBomb","floor":8.0},{"not_picked":["Acceleration","Orbital","ShootingEcho"],"picked":"Singing Bowl","floor":10.0},{"not_picked":["GrandCross","6A"],"picked":"Robbery","floor":11.0},{"not_picked":["GrandCross","FinalSpark"],"picked":"SprinkleStarSeal","floor":14.0},{"not_picked":["BinaryStars","EscapeVelocity"],"picked":"CollectingQuirk","floor":16.0},{"not_picked":["DarkMatter","DC"],"picked":"MilkyWay","floor":18.0},{"not_picked":["NonDirectionalLaser","PowerUp","PropBag"],"picked":"Singing Bowl","floor":19.0},{"not_picked":["EarthLightRay+1","NonDirectionalLaser","PowerUp"],"picked":"Singing Bowl","floor":27.0},{"not_picked":["DarkSpark+1","MeteoricShower","GrandCross"],"picked":"Singing Bowl","floor":28.0},{"not_picked":["GravityBeat","RefractionSpark+1","GalacticHalo"],"picked":"Singing Bowl","floor":31.0},{"not_picked":["SuperNova","ManaRampage","MaximisePower"],"picked":"Singing Bowl","floor":33.0},{"not_picked":["MysteriousBeam","DC","6A+1"],"picked":"Singing Bowl","floor":35.0},{"not_picked":["ManaConvection","LuminesStrike"],"picked":"AsteroidBelt+1","floor":36.0},{"not_picked":["Trip","Forethought"],"picked":"Jack Of All Trades","floor":37.0},{"not_picked":["WitchOfGreed","Acceleration+1","DeepEcoloBomb"],"picked":"Singing Bowl","floor":38.0},{"not_picked":["DragonMeteor+1","GravityBeat+1","Acceleration"],"picked":"Singing Bowl","floor":39.0},{"not_picked":["WitchOfGreed","PowerUp+1","GrandCross+1"],"picked":"Singing Bowl","floor":40.0},{"not_picked":["BigCrunch","SporeBomb","EventHorizon"],"picked":"Singing Bowl","floor":45},{"not_picked":["SporeBomb","ManaConvection"],"picked":"MagicAbsorber+1","floor":47},{"not_picked":["LuminesStrike","OneTimeOff+1"],"picked":"UltimateShortwave","floor":48}],"player_experience":834800,"relics_obtained":[{"floor":3.0,"key":"Shuriken"},{"floor":7.0,"key":"Pocketwatch"},{"floor":9.0,"key":"Singing Bowl"},{"floor":10.0,"key":"Matryoshka"},{"floor":24.0,"key":"ShroomBag"},{"floor":24.0,"key":"Toy Ornithopter"},{"floor":26.0,"key":"Boot"},{"floor":26.0,"key":"Sundial"},{"floor":27.0,"key":"AmplifyWand"},{"floor":38.0,"key":"Calipers"},{"floor":40.0,"key":"HollowMod:StagPassRelic"},{"floor":43,"key":"Letter Opener"}],"event_choices":[{"damage_healed":0.0,"max_hp_gain":0.0,"max_hp_loss":0.0,"gold_gain":0.0,"event_name":"Living Wall","player_choice":"Grow","floor":2.0,"gold_loss":0.0,"damage_taken":0.0,"cards_upgraded":["DeepEcoloBomb"]},{"damage_healed":0.0,"max_hp_gain":0.0,"max_hp_loss":0.0,"gold_gain":70.0,"event_name":"Golden Wing","player_choice":"Gained Gold","floor":4.0,"gold_loss":0.0,"damage_taken":0.0},{"damage_healed":0.0,"max_hp_gain":0.0,"max_hp_loss":0.0,"gold_gain":0.0,"event_name":"Shining Light","player_choice":"Entered Light","floor":5.0,"gold_loss":0.0,"damage_taken":15.0,"cards_upgraded":["Defend_MRS","UpSweep"]},{"damage_healed":0.0,"max_hp_gain":0.0,"max_hp_loss":0.0,"gold_gain":0.0,"event_name":"Golden Idol","player_choice":"Take Wound","floor":12.0,"gold_loss":0.0,"damage_taken":0.0,"relics_obtained":["Golden Idol"],"cards_obtained":["Injury"]},{"damage_healed":0.0,"max_hp_gain":0.0,"max_hp_loss":0.0,"gold_gain":0.0,"event_name":"The Library","player_choice":"Read","floor":20.0,"gold_loss":0.0,"damage_taken":0.0,"cards_obtained":["MillisecondPulsars"]},{"damage_healed":0.0,"max_hp_gain":0.0,"max_hp_loss":0.0,"gold_gain":0.0,"event_name":"Nest","player_choice":"Joined the Cult","floor":21.0,"gold_loss":0.0,"damage_taken":6.0,"cards_obtained":["RitualDagger"]},{"damage_healed":0.0,"max_hp_gain":0.0,"max_hp_loss":0.0,"gold_gain":0.0,"event_name":"Addict","player_choice":"Obtained Relic","floor":22.0,"gold_loss":85.0,"damage_taken":0.0,"relics_obtained":["Kunai"]},{"cards_removed":["Defend_MRS"],"damage_healed":0.0,"max_hp_gain":0.0,"max_hp_loss":0.0,"gold_gain":0.0,"event_name":"Back to Basics","player_choice":"Elegance","floor":29.0,"gold_loss":0.0,"damage_taken":0.0},{"damage_healed":0.0,"max_hp_gain":0.0,"max_hp_loss":0.0,"gold_gain":0.0,"event_name":"SensoryStone","player_choice":"Memory 1","floor":37.0,"gold_loss":0.0,"damage_taken":0.0},{"damage_healed":0.0,"max_hp_gain":0.0,"max_hp_loss":0.0,"gold_gain":0.0,"event_name":"Mysterious Sphere","player_choice":"Fight","floor":38.0,"gold_loss":0.0,"damage_taken":0.0},{"damage_healed":24.0,"max_hp_gain":0.0,"max_hp_loss":0.0,"gold_gain":0.0,"event_name":"Winding Halls","player_choice":"Writhe","floor":41.0,"gold_loss":0.0,"damage_taken":0.0,"cards_obtained":["Writhe"]},{"damage_healed":0,"gold_gain":0,"player_choice":"Ignored","damage_taken":0,"max_hp_gain":0,"max_hp_loss":0,"event_name":"OrinTheCat","floor":42,"gold_loss":0}],"is_beta":false,"boss_relics":[{"not_picked":["Tiny House","Snecko Eye"],"picked":"Astrolabe"},{"not_picked":["Runic Dome","Calling Bell"],"picked":"ExperimentalFamiliar"}],"items_purged_floors":[25,44],"is_endless":false,"potions_floor_spawned":[7,8,14,18,28,36,40,45,48],"ascension_level":6}}