{"host":"27cnk69rbdk9vsnt","time":1608596763,"event":{"mods":["BaseMod","Beaked The Cultist","Duelist Mod","Ekko","Energized Spire","Glutton Mod","JesterMod","Jorbs\u0027s Wanderer Trilogy","Mimic Mod","Minty Spire (QoL Compilation)","Shop Mod","StSLib","The Elementalist","Thieving Mod"],"gold_per_floor":[144,144,149,157,157,157,177,182,209,209,209,209,194,165,165,226,226,209,209,224,118,118,108,76,76,79,34,34,42,42,10,10,101,101,81,0,17,50,50,50,34,111,137,137,135,120,120],"floor_reached":46,"playtime":4698,"items_purged":["theDuelist:CastleWalls"],"score":566,"play_id":"0b6d32d3-b575-4431-93d2-d857d3486d09","local_time":"20201222012603","is_ascension_mode":false,"campfire_choices":[{"data":"theDuelist:UltimateOffering","floor":6,"key":"SMITH"},{"floor":12,"key":"REST"},{"data":"theDuelist:InjectionFairy","floor":15,"key":"SMITH"},{"floor":28,"key":"RECALL"},{"data":"theDuelist:WitchBlackRose","floor":30,"key":"SMITH"},{"data":"theDuelist:TimeWizard","floor":32,"key":"SMITH"},{"data":"theDuelist:SkilledDarkMagician","floor":40,"key":"SMITH"},{"data":"theDuelist:SkilledDarkMagician","floor":44,"key":"SMITH"}],"circlet_count":0,"master_deck":["theDuelist:AncientElf","theDuelist:RainbowKuriboh+1","Bite","theDuelist:SkilledDarkMagician+1","Bite","theDuelist:ExodiaRL","theDuelist:NeoMagic","stsjorbsmod:Withering","theDuelist:MythicalBeast","theDuelist:InjectionFairy+1","theDuelist:GeminiElf","Clumsy","theDuelist:BadReaction","theDuelist:Nameless:Magic:HappyLover","Bite","theDuelist:CursedBill","theDuelist:ExodiaLL","theDuelist:SkilledDarkMagician+1","theDuelist:ExodiaHead","theDuelist:FrontierWiseman","theDuelist:BlizzardPrincess","theDuelist:TimeWizard+1","theDuelist:WormApocalypse","theDuelist:NeoMagic+1","theDuelist:DarkMagician","theDuelist:MysticalElf","Decay","Bite","Bite","theDuelist:DarkMagician","theDuelist:UltimateOffering+1","theDuelist:DarkMagician+1","theDuelist:WitchBlackRose+1","theDuelist:Kuribohrn+1","theDuelist:WhiteHowling+1","theDuelist:ThousandEyesIdol+1","theDuelist:IrisEarthMother+1","theDuelist:SpellShatteringArrow+1","theDuelist:Wildfire+4","theDuelist:DarkPaladin+1","theDuelist:RainbowKuriboh+1","theDuelist:ContractExodia+1"],"relics":["theDuelist:MillenniumPuzzle","theDuelist:CardPoolRelic","theDuelist:CardPoolBasicRelic","theDuelist:BoosterPackPoolRelic","theDuelist:CardPoolAddRelic","theDuelist:CardPoolMinusRelic","theDuelist:CardPoolSaveRelic","theDuelist:CardPoolOptionsRelic","theDuelist:MillenniumScale","Whetstone","Odd Mushroom","Juzu Bracelet","Coffee Dripper","theDuelist:PointPass","Orichalcum","Toxic Egg 2","energizedSpire:OgreHead","Red Mask","theDuelist:WhiteBowlRelic","theDuelist:DuelistTeaSet","theDuelist:ZombieRelic","theDuelist:MillenniumPeriapt","theDuelist:StoneExxod","Vajra"],"acts_visited":["Exordium","TheCity","TheBeyond","TheBeyond"],"potions_floor_usage":[20,27,45],"damage_taken":[{"damage":0,"enemies":"Small Slimes","floor":1,"turns":3},{"damage":0,"enemies":"Jaw Worm","floor":3,"turns":3},{"damage":0,"enemies":"2 Louse","floor":4,"turns":2},{"damage":12,"enemies":"Blue Slaver","floor":5,"turns":6},{"damage":47,"enemies":"3 Sentries","floor":7,"turns":11},{"damage":11,"enemies":"The Mushroom Lair","floor":8,"turns":4},{"damage":0,"enemies":"Exordium Thugs","floor":13,"turns":5},{"damage":1,"enemies":"2 Fungi Beasts","floor":14,"turns":4},{"damage":1,"enemies":"Hexaghost","floor":16,"turns":16},{"damage":0,"enemies":"3 Byrds","floor":18,"turns":6},{"damage":0,"enemies":"Spheric Guardian","floor":20,"turns":4},{"damage":13,"enemies":"Book of Stabbing","floor":23,"turns":7},{"damage":4,"enemies":"Shelled Parasite and Fungi","floor":24,"turns":6},{"damage":0,"enemies":"Centurion and Healer","floor":26,"turns":11},{"damage":21,"enemies":"Gremlin Leader","floor":27,"turns":7},{"damage":12,"enemies":"Centurion and Healer","floor":29,"turns":6},{"damage":3,"enemies":"Snake Plant","floor":31,"turns":5},{"damage":32,"enemies":"Collector","floor":33,"turns":12},{"damage":19,"enemies":"3 Darklings","floor":35,"turns":8},{"damage":1,"enemies":"3 Shapes","floor":37,"turns":4},{"damage":0,"enemies":"Mind Bloom Boss Battle","floor":38,"turns":8},{"damage":50,"enemies":"Giant Head","floor":41,"turns":9},{"damage":15,"enemies":"Reptomancer","floor":45,"turns":7},{"damage":15,"enemies":"Jaw Worm Horde","floor":46,"turns":1}],"seed_played":"-8190323781983393409","potions_obtained":[{"floor":5,"key":"Swift Potion"},{"floor":7,"key":"theDuelist:SummonerBottle"},{"floor":14,"key":"LiquidMemories"},{"floor":18,"key":"theDuelist:MegaupgradePotion"},{"floor":20,"key":"Energy Potion"},{"floor":24,"key":"EntropicBrew"},{"floor":31,"key":"EssenceOfSteel"},{"floor":45,"key":"theDuelist:SolderPotionB"}],"is_trial":false,"path_per_floor":["M","?","M","M","M","R","E","?","T","?","?","R","M","M","R","B",null,"M","?","M","$","?","E","M","?","MIM","E","R","M","R","M","R","B",null,"M","?","M","?","?","R","E","T","T","R","E","M"],"character_chosen":"THE_DUELIST","items_purchased":["theDuelist:PointPass","theDuelist:GeminiElf","theDuelist:BadReaction","theDuelist:AncientElf","theDuelist:SkilledDarkMagician"],"campfire_rested":1,"item_purchase_floors":[21,21,21,21,21],"current_hp_per_floor":[88,88,88,88,76,76,29,18,18,18,18,44,44,43,43,52,88,88,61,61,61,61,50,61,61,61,46,46,49,49,52,52,35,61,54,54,61,61,55,55,16,16,16,16,14,0,0],"gold":120,"neow_bonus":"TEN_PERCENT_HP_BONUS","is_daily":false,"chose_seed":false,"campfire_upgraded":6,"win_rate":0.0,"timestamp":1608596763,"path_taken":["M","?","M","M","M","R","E","?","T","?","?","R","M","M","R","BOSS","M","?","M","$","?","E","M","?","MIM","E","R","M","R","M","R","BOSS","M","?","M","?","?","R","E","?","T","R","E","M"],"items_purchased_type":["Relic","Card","Card","Card","Card"],"build_version":"2020-12-13","purchased_purges":1,"victory":false,"max_hp_per_floor":[88,88,88,88,88,88,88,88,88,88,88,88,88,88,88,88,88,88,61,61,61,61,61,61,61,61,61,61,61,61,61,61,61,61,61,61,61,61,61,61,61,61,61,61,61,61,61],"card_choices":[{"not_picked":["theDuelist:GraniteLoyalist","theDuelist:PurplePainOni","theDuelist:MagicHoleGolem","theDuelist:GiantTrapHole"],"picked":"theDuelist:UltimateOffering","floor":1},{"not_picked":["theDuelist:SpellShatteringArrow","theDuelist:BlizzardWarrior","theDuelist:NeoMagic","theDuelist:InjectionFairy"],"picked":"theDuelist:SkilledDarkMagician","floor":3},{"not_picked":["theDuelist:BattleOx","theDuelist:BlackPendant","theDuelist:GilfordLegend","theDuelist:PotDichotomy"],"picked":"theDuelist:FrontierWiseman","floor":4},{"not_picked":["theDuelist:DestroyerGolem","theDuelist:PurplePainOni","theDuelist:ScrapFactory","theDuelist:BlockGolem"],"picked":"theDuelist:WormApocalypse","floor":5},{"not_picked":["theDuelist:AltarTribute","theDuelist:InjectionFairy","theDuelist:IcyCrevasse","theDuelist:LegendaryFlameLord"],"picked":"theDuelist:BlizzardPrincess","floor":7},{"not_picked":["theDuelist:ExodiaRL","theDuelist:MysticalElf","theDuelist:Illusionist","theDuelist:IcyCrevasse"],"picked":"theDuelist:ExodiaLL","floor":8},{"not_picked":["theDuelist:ExodiaLL","theDuelist:ApprenticeIllusionMagician","theDuelist:MindAir","theDuelist:AncientElf"],"picked":"theDuelist:ExodiaRL","floor":13},{"not_picked":["theDuelist:BlizzardWarrior","theDuelist:NeoMagic","theDuelist:DarkMagician","theDuelist:BlizzardPrincess"],"picked":"theDuelist:InjectionFairy","floor":14},{"not_picked":["theDuelist:IrisEarthMother","theDuelist:ThousandEyesRestrict","theDuelist:IceQueen","theDuelist:SangaWater"],"picked":"theDuelist:ExodiaHead","floor":16},{"not_picked":["theDuelist:SpellShatteringArrow","theDuelist:LordD+1","theDuelist:ExodiaRL","theDuelist:OnslaughtFireKings"],"picked":"theDuelist:DarkMagician+1","floor":18},{"not_picked":["theDuelist:BlizzardWarrior","theDuelist:SangaThunder","theDuelist:SilentDoom","theDuelist:BlizzardPrincess"],"picked":"theDuelist:MythicalBeast","floor":20},{"not_picked":["theDuelist:BlizzardWarrior","theDuelist:ExodiaRL+1","theDuelist:GeminiElf","theDuelist:NeoMagic+1"],"picked":"theDuelist:TimeWizard","floor":23},{"not_picked":["theDuelist:RainbowDarkDragon+1","theDuelist:IrisEarthMother","theDuelist:RainbowMagician","theDuelist:RainbowOverdragon"],"picked":"theDuelist:RainbowKuriboh+1","floor":24},{"not_picked":["theDuelist:GuardianAngel+1","theDuelist:CrystalWingDragon","theDuelist:GeminiElf","theDuelist:StatueAnguishPattern"],"picked":"theDuelist:WitchBlackRose","floor":26},{"not_picked":["theDuelist:ClearKuriboh+1","theDuelist:DarklordSuperbia","theDuelist:GiantSoldierSteel+1","theDuelist:ReinforcementsArmy+1"],"picked":"theDuelist:Kuribohrn+1","floor":27},{"not_picked":["theDuelist:StatueAnguishPattern","theDuelist:GoblinSecret+1","theDuelist:TimeWizard+1"],"picked":"theDuelist:WhiteHowling+1","floor":29},{"not_picked":["theDuelist:SangaThunder","theDuelist:LordD+1","theDuelist:WhiteMagicalHat+1","theDuelist:DiffusionWaveMotion+1"],"picked":"theDuelist:ThousandEyesIdol+1","floor":31},{"not_picked":["theDuelist:RainbowDarkDragon+1","theDuelist:RainbowMagician","theDuelist:RainbowKuriboh+1","theDuelist:RainbowOverdragon"],"picked":"theDuelist:IrisEarthMother+1","floor":33},{"not_picked":["theDuelist:SangaThunder+1","theDuelist:CallAtlanteans+1","theDuelist:Illusionist+1","theDuelist:WitchBlackRose+1"],"picked":"theDuelist:SpellShatteringArrow+1","floor":35},{"not_picked":["theDuelist:IrisEarthMother+1","theDuelist:SangaWater+1"],"picked":"theDuelist:Wildfire+4","floor":37},{"not_picked":["theDuelist:RainbowMagician+1","theDuelist:SangaEarth+1"],"picked":"theDuelist:DarkPaladin+1","floor":38},{"not_picked":["theDuelist:EarthquakeGiant+1","theDuelist:MillenniumGolem+1","theDuelist:PowerGiant+1","theDuelist:RainbowOverdragon+1"],"picked":"theDuelist:RainbowKuriboh+1","floor":41},{"not_picked":["theDuelist:BlizzardPrincess+1","theDuelist:CosmoBrain+1","theDuelist:NeoMagic+1","theDuelist:ApprenticeIllusionMagician+5"],"picked":"theDuelist:ContractExodia+1","floor":45}],"player_experience":501534,"relics_obtained":[{"floor":7,"key":"Whetstone"},{"floor":8,"key":"Odd Mushroom"},{"floor":9,"key":"Juzu Bracelet"},{"floor":23,"key":"Orichalcum"},{"floor":27,"key":"Toxic Egg 2"},{"floor":38,"key":"theDuelist:WhiteBowlRelic"},{"floor":41,"key":"theDuelist:ZombieRelic"},{"floor":42,"key":"theDuelist:MillenniumPeriapt"},{"floor":43,"key":"theDuelist:StoneExxod"},{"floor":45,"key":"Vajra"}],"event_choices":[{"damage_healed":0,"gold_gain":0,"player_choice":"Took item - Received: Millennium Scale","duelist":true,"damage_taken":0,"max_hp_gain":0,"max_hp_loss":0,"event_name":"Millennium Items","floor":2,"gold_loss":0},{"damage_healed":0,"gold_gain":0,"player_choice":"Fought Mushrooms","damage_taken":0,"max_hp_gain":0,"max_hp_loss":0,"event_name":"Mushrooms","floor":8,"gold_loss":0},{"damage_healed":0,"gold_gain":0,"player_choice":"Traded Mystical Elf for Dark Magician","duelist":true,"damage_taken":0,"max_hp_gain":0,"max_hp_loss":0,"event_name":"Card Trader","floor":10,"gold_loss":0},{"total_magic_score":48,"gold_gain":0,"duelist":true,"damage_taken":0,"relics_obtained":[],"points":5,"max_hp_gain":0,"max_hp_loss":0,"spent_points":{"magic":1,"greed":3,"war":0,"power":1,"hunger":0},"event_name":"Nameless Tomb","floor":11,"gold_loss":0,"magic_reward":1,"cards_obtained":["theDuelist:Nameless:Magic:HappyLover","Decay","stsjorbsmod:Withering","Clumsy"]},{"damage_healed":0,"gold_gain":0,"player_choice":"Became a vampire","damage_taken":0,"max_hp_gain":0,"max_hp_loss":27,"event_name":"Vampires","floor":19,"gold_loss":0,"cards_obtained":["Bite","Bite","Bite","Bite","Bite"]},{"cards_removed":["theDuelist:CastleWalls"],"damage_healed":0,"gold_gain":0,"player_choice":"Card Removal","damage_taken":0,"max_hp_gain":0,"max_hp_loss":0,"event_name":"Wheel of Change","floor":22,"gold_loss":0},{"damage_healed":0,"gold_gain":0,"player_choice":"Paid","damage_taken":0,"relics_obtained":["Red Mask"],"max_hp_gain":0,"max_hp_loss":0,"event_name":"Tomb of Lord Red Mask","floor":36,"gold_loss":81},{"damage_healed":0,"gold_gain":0,"player_choice":"Fight","damage_taken":0,"max_hp_gain":0,"max_hp_loss":0,"event_name":"MindBloom","floor":38,"gold_loss":0},{"damage_healed":0,"gold_gain":0,"player_choice":"Dig - random Duelist relic","duelist":true,"damage_taken":0,"max_hp_gain":0,"max_hp_loss":0,"event_name":"Aknamkanon\u0027s Tomb","floor":39,"gold_loss":0}],"is_beta":false,"boss_relics":[{"not_picked":["beaked:MawFillet","energizedSpire:CursedPentagram"],"picked":"Coffee Dripper"},{"not_picked":["Astrolabe","Runic Dome"],"picked":"energizedSpire:OgreHead"}],"items_purged_floors":[21],"is_endless":false,"potions_floor_spawned":[5,7,14,18,20,24,31,33,37,45],"killed_by":"Jaw Worm Horde","ascension_level":0}}