{"host":"qwttrqaysb380yri","time":1608667601,"event":{"mods":["BaseMod","Custom Start","Minty Spire (QoL Compilation)","Permanent Neow","Puzzle Mod","Relic Stats","StSLib","The Cursed","The Hierophant"],"gold_per_floor":[15,15,33,52,64,99,104,116,128,140,152,129,153,179,191,277,289,314,326,338,350,111,144,144,180,180,202,202,202,202,205,205,205],"floor_reached":32,"playtime":822,"items_purged":["hierophant:Strike_Hierophant"],"score":511,"play_id":"f669e926-b545-48ce-beda-7b774bbc7b6b","local_time":"20201222210641","is_ascension_mode":true,"campfire_choices":[{"data":"hierophant:Martyrdom","floor":8.0,"key":"SMITH"},{"data":"hierophant:ChurchCoffers","floor":15.0,"key":"SMITH"},{"floor":24,"key":"REST"},{"floor":28,"key":"REST"},{"floor":32,"key":"REST"}],"circlet_count":0,"master_deck":["AscendersBane","hierophant:Strike_Hierophant","hierophant:Strike_Hierophant","hierophant:Punish","hierophant:Defend_Hierophant","hierophant:Defend_Hierophant","hierophant:Defend_Hierophant","hierophant:ChurchCoffers+1","hierophant:HammerAndAnvil","hierophant:MorningPrayer","hierophant:RepressedViolence+1","hierophant:Smite","hierophant:PassingBell","hierophant:Smite","hierophant:Martyrdom+1","hierophant:Racketeering","hierophant:Sermon","hierophant:MorningPrayer","hierophant:Kindle","hierophant:Endure","RitualDagger","Necronomicurse","hierophant:OrnateBuckler","hierophant:PristineSoul+1","Pain","Decay","hierophant:HammerAndAnvil+1"],"relics":["hierophant:PropheticMaskRelic","MawBank","Cursed Key","Necronomicon","Calipers","Frozen Egg 2","Matryoshka"],"acts_visited":["Exordium","TheCity"],"potions_floor_usage":[21,23,23,25],"damage_taken":[{"damage":0.0,"enemies":"Small Slimes","floor":1.0,"turns":3.0},{"damage":6.0,"enemies":"2 Louse","floor":3.0,"turns":3.0},{"damage":1.0,"enemies":"Cultist","floor":4.0,"turns":4.0},{"damage":0.0,"enemies":"Blue Slaver","floor":5.0,"turns":3.0},{"damage":25.0,"enemies":"3 Sentries","floor":6.0,"turns":5.0},{"damage":0.0,"enemies":"Looter","floor":7.0,"turns":2.0},{"damage":0.0,"enemies":"Gremlin Nob","floor":11.0,"turns":2.0},{"damage":0.0,"enemies":"Red Slaver","floor":13.0,"turns":2.0},{"damage":7.0,"enemies":"Exordium Wildlife","floor":14.0,"turns":4.0},{"damage":32.0,"enemies":"Hexaghost","floor":16.0,"turns":9.0},{"damage":2,"enemies":"Chosen","floor":18,"turns":3},{"damage":0,"enemies":"2 Thieves","floor":21,"turns":1},{"damage":8,"enemies":"Slavers","floor":23,"turns":4},{"damage":35,"enemies":"Book of Stabbing","floor":25,"turns":7},{"damage":10,"enemies":"3 Cultists","floor":27,"turns":5},{"damage":28,"enemies":"Colosseum Slavers","floor":29,"turns":4},{"damage":0,"enemies":"Chosen and Byrds","floor":31,"turns":2}],"seed_played":"6677225127018284602","potions_obtained":[{"floor":1.0,"key":"SmokeBomb"},{"floor":4.0,"key":"Energy Potion"},{"floor":13.0,"key":"SneckoOil"},{"floor":16.0,"key":"SmokeBomb"},{"floor":23,"key":"Weak Potion"},{"floor":31,"key":"Dexterity Potion"}],"is_trial":false,"path_per_floor":["M","?","M","M","M","E","M","R","T","?","E","?","M","M","R","B",null,"M","?","?","M","$","E","R","E","T","M","R","?","?","M","R"],"character_chosen":"HIEROPHANT","items_purchased":["hierophant:OrnateBuckler","Regen Potion","Fire Potion"],"campfire_rested":3,"item_purchase_floors":[22,22,22],"current_hp_per_floor":[68,68,62,61,61,36,36,36,36,25,25,43,43,36,36,4,57,55,49,28,28,28,34,56,21,21,11,33,5,5,5,27,27],"gold":205,"neow_bonus":"TRANSFORM_TWO_CARDS","is_daily":false,"chose_seed":false,"campfire_upgraded":2,"win_rate":0.0,"timestamp":1608667601,"path_taken":["M","?","M","M","M","E","M","R","T","?","E","?","M","M","R","BOSS","M","?","?","M","$","E","R","E","T","M","R","?","?","M","R"],"items_purchased_type":["Card","Potion","Potion"],"build_version":"2020-12-13","purchased_purges":1,"victory":false,"max_hp_per_floor":[75,75,75,75,75,75,75,75,75,75,75,75,75,75,75,75,75,75,75,75,75,75,75,75,75,75,75,75,75,75,75,75,75],"relic_stats":{"counters":[17,63],"Necronomicon":[5],"MawBank":192,"Cursed Key":1,"obtain_stats":[{"Calipers":23,"Matryoshka":26,"hierophant:PropheticMaskRelic":0,"Necronomicon":20,"Frozen Egg 2":25,"MawBank":6,"Cursed Key":17},{"Calipers":13,"Matryoshka":14,"hierophant:PropheticMaskRelic":0,"Necronomicon":11,"Frozen Egg 2":14,"MawBank":5,"Cursed Key":10},{"Calipers":45,"Matryoshka":52,"hierophant:PropheticMaskRelic":0,"Necronomicon":40,"Frozen Egg 2":52,"MawBank":18,"Cursed Key":37}]},"card_choices":[{"not_picked":["hierophant:Empathy","hierophant:Dazzle"],"picked":"hierophant:RepressedViolence","floor":1.0},{"not_picked":["hierophant:Shelter","hierophant:FieryStrike"],"picked":"hierophant:Smite","floor":3.0},{"not_picked":["hierophant:Purify","hierophant:Shelter"],"picked":"hierophant:PassingBell","floor":4.0},{"not_picked":["hierophant:FieryStrike","hierophant:Purify"],"picked":"hierophant:Smite","floor":5.0},{"not_picked":["hierophant:LocustPlague","hierophant:HammerAndAnvil"],"picked":"hierophant:Martyrdom","floor":6.0},{"not_picked":["hierophant:SealAway","hierophant:AuricBeam"],"picked":"hierophant:Racketeering","floor":7.0},{"not_picked":["hierophant:Doubloon","hierophant:Racketeering"],"picked":"hierophant:Sermon","floor":13.0},{"not_picked":["hierophant:RustyCrate","hierophant:Charity"],"picked":"hierophant:MorningPrayer","floor":14.0},{"not_picked":["hierophant:Invocation","hierophant:Generosity"],"picked":"hierophant:Kindle","floor":16.0},{"not_picked":["hierophant:Remorse","hierophant:TollTheBells"],"picked":"hierophant:Endure","floor":18},{"not_picked":["hierophant:Doubloon","hierophant:Remorse","hierophant:FaithHealing"],"picked":"SKIP","floor":23},{"not_picked":["hierophant:RecallFunds","hierophant:RustyCrate"],"picked":"hierophant:PristineSoul+1","floor":25},{"not_picked":["hierophant:Doubloon","hierophant:HammerAndAnvil","hierophant:SecretStash"],"picked":"SKIP","floor":27},{"not_picked":["hierophant:Rebuild","hierophant:PassingBell"],"picked":"hierophant:HammerAndAnvil+1","floor":31}],"player_experience":1939605,"relics_obtained":[{"floor":6.0,"key":"MawBank"},{"floor":20,"key":"Necronomicon"},{"floor":23,"key":"Calipers"},{"floor":25,"key":"Frozen Egg 2"},{"floor":26,"key":"Matryoshka"}],"event_choices":[{"damage_healed":0.0,"max_hp_gain":0.0,"max_hp_loss":0.0,"gold_gain":0.0,"event_name":"Living Wall","player_choice":"Grow","floor":2.0,"gold_loss":0.0,"damage_taken":0.0,"cards_upgraded":["hierophant:RepressedViolence"]},{"damage_healed":0.0,"max_hp_gain":0.0,"max_hp_loss":0.0,"gold_gain":0.0,"event_name":"Scrap Ooze","player_choice":"Fled","floor":10.0,"gold_loss":0.0,"damage_taken":11.0},{"damage_healed":18.0,"max_hp_gain":0.0,"max_hp_loss":0.0,"gold_gain":0.0,"event_name":"The Cleric","player_choice":"Healed","floor":12.0,"gold_loss":35.0,"damage_taken":0.0},{"damage_healed":0,"gold_gain":0,"player_choice":"Joined the Cult","damage_taken":6,"max_hp_gain":0,"max_hp_loss":0,"event_name":"Nest","floor":19,"gold_loss":0,"cards_obtained":["RitualDagger"]},{"damage_healed":0,"gold_gain":0,"player_choice":"Obtained Book","damage_taken":21,"max_hp_gain":0,"max_hp_loss":0,"event_name":"Cursed Tome","floor":20,"gold_loss":0},{"damage_healed":0,"gold_gain":0,"player_choice":"Fight","damage_taken":0,"max_hp_gain":0,"max_hp_loss":0,"event_name":"Colosseum","floor":29,"gold_loss":0},{"damage_healed":0,"gold_gain":0,"player_choice":"Fled From Nobs","damage_taken":0,"max_hp_gain":0,"max_hp_loss":0,"event_name":"Colosseum","floor":29,"gold_loss":0},{"damage_healed":0,"gold_gain":0,"player_choice":"Smashed Altar","damage_taken":0,"max_hp_gain":0,"max_hp_loss":0,"event_name":"Forgotten Altar","floor":30,"gold_loss":0,"cards_obtained":["Decay"]}],"is_beta":false,"boss_relics":[{"not_picked":["Runic Dome","Pandora\u0027s Box"],"picked":"Cursed Key"}],"items_purged_floors":[22],"is_endless":false,"potions_floor_spawned":[1,4,11,13,16,23,29,31],"ascension_level":15}}