{"host":"4agyp7e20ejnk5oq","time":1608639291,"event":{"mods":["BaseMod","Colored Map","Friendly Minions","Infinite Spire","Minty Spire (QoL Compilation)","Relic Sorter","Replay The Spire","StSLib"],"gold_per_floor":[359,359,377,441,454,454,454,489,489,518,472,489,81,61,61,165,215,230,230,230,246,265,265,298,298,321,346,346,374,374,299,299,422,422,467,467,509,509,469,469,518,518,541,590,646,696,752,827,827,827,827],"floor_reached":50,"playtime":2577,"items_purged":["Spreading Infection"],"score":925,"play_id":"3f931b03-2787-492a-8382-7e1402b453f8","local_time":"20201222131451","is_ascension_mode":true,"campfire_choices":[{"floor":6,"key":"REST"},{"data":"Metamorphosis","floor":15,"key":"SMITH"},{"data":"ForeignInfluence","floor":23,"key":"SMITH"},{"floor":25,"key":"REST"},{"floor":28,"key":"REST"},{"floor":32,"key":"REST"},{"data":"infinitespire:Execution","floor":40,"key":"SMITH"},{"data":"infinitespire:Gouge","floor":42,"key":"SMITH"},{"floor":49,"key":"REST"},{"data":"DevaForm","floor":49,"key":"SMITH"}],"circlet_count":0,"master_deck":["Strike_P","Strike_P","Strike_P","Strike_P","Defend_P","Defend_P","Defend_P","Defend_P","Eruption+1","Vigilance+1","Strike_B","Defend_P","FollowUp","JustLucky","Worship","JustLucky","ClearTheMind","FollowUp","CutThroughFate","Protect","Metamorphosis+1","DevaForm+1","Evaluate","ForeignInfluence+1","ClearTheMind+1","FollowUp+1","Replay:AllIn","ReplayTheSpireMod:Splinters","Sickly","Clumsy","ReplayTheSpireMod:Doomed","infinitespire:Execution+1","infinitespire:Gouge+1","Replay:Anticipation+1","Replay:BluntJabs+1","Vault","infinitespire:SevenWalls"],"relics":["PureWater","Pet Ghost","infinitespire:Broken Mirror","Replay:WaspNest","Toy Ornithopter","Quantum Egg","Tiny House","Nloth\u0027s Gift","Simple Rune","MealTicket","infinitespire:Eraser","Du-Vu Doll","Mercury Hourglass","infinitespire:EvilPickle","Replay:Ancient Bell","Lantern","Gremlin Horn","Replay:Purple Gloves","Anchor","Boot","infinitespire:Magic Flask","Pondfish Scales"],"acts_visited":["Exordium","TheCity","TheBeyond"],"potions_floor_usage":[8,10,10,16,16,18,21,22,24,47,48],"damage_taken":[{"damage":11,"enemies":"Jaw Worm","floor":1,"turns":3},{"damage":0,"enemies":"Small Slimes","floor":3,"turns":2},{"damage":0,"enemies":"Cultist","floor":5,"turns":2},{"damage":12,"enemies":"Replay:BlueRogue","floor":8,"turns":3},{"damage":0,"enemies":"Gremlin Nob","floor":10,"turns":2},{"damage":0,"enemies":"Looter","floor":12,"turns":2},{"damage":0,"enemies":"Slime Boss","floor":16,"turns":4},{"damage":0,"enemies":"Spheric Guardian","floor":18,"turns":5},{"damage":0,"enemies":"Shell Parasite","floor":21,"turns":4},{"damage":13,"enemies":"Snecko","floor":22,"turns":5},{"damage":54,"enemies":"Slavers","floor":24,"turns":5},{"damage":23,"enemies":"Gremlin Leader","floor":27,"turns":5},{"damage":30,"enemies":"Slavers","floor":29,"turns":7},{"damage":35,"enemies":"Pondfish","floor":33,"turns":12},{"damage":15,"enemies":"3 Shapes","floor":35,"turns":2},{"damage":0,"enemies":"Orb Walker","floor":37,"turns":2},{"damage":0,"enemies":"3 Darklings","floor":41,"turns":2},{"damage":0,"enemies":"Jaw Worm Horde","floor":44,"turns":2},{"damage":2,"enemies":"Maw","floor":45,"turns":4},{"damage":37,"enemies":"Mind Bloom Boss Battle","floor":46,"turns":6},{"damage":0,"enemies":"Transient","floor":47,"turns":5},{"damage":41,"enemies":"Nightmare","floor":48,"turns":8},{"damage":55,"enemies":"Time Eater","floor":50,"turns":7}],"seed_played":"4592033144540176619","potions_obtained":[{"floor":3,"key":"FearPotion"},{"floor":4,"key":"Strength Potion"},{"floor":4,"key":"Death Potion"},{"floor":5,"key":"Adrenaline Potion"},{"floor":10,"key":"AttackPotion"},{"floor":12,"key":"FearPotion"},{"floor":14,"key":"ColorlessPotion"},{"floor":17,"key":"Fruit Juice"},{"floor":21,"key":"AttackPotion"},{"floor":22,"key":"LiquidMemories"},{"floor":29,"key":"SpeedPotion"},{"floor":33,"key":"SteroidPotion"},{"floor":37,"key":"Explosive Potion"}],"is_trial":false,"path_per_floor":["M","?","M","?","M","R","?","E","T","E","$","M","$","?","R","B",null,"M","?","?","M","M","R","E","R","T","E","R","E","T","?","R","B",null,"M","?","M","AVR","?","R","M","R","T","M","M","?","M","NM","R","B"],"character_chosen":"WATCHER","items_purchased":["CutThroughFate","Quantum Egg","Metamorphosis"],"campfire_rested":5,"item_purchase_floors":[11,13,13],"current_hp_per_floor":[61,61,61,43,43,64,64,57,57,57,57,57,57,57,57,67,82,87,87,87,87,74,74,25,51,51,28,54,24,24,24,50,15,87,72,72,72,72,72,72,72,72,72,72,70,33,38,2,28,0,0],"gold":827,"neow_bonus":"TWO_FIFTY_GOLD","is_daily":false,"chose_seed":false,"campfire_upgraded":5,"win_rate":0.0,"timestamp":1608639291,"path_taken":["M","?","M","?","?","R","?","E","T","E","$","M","?","?","R","BOSS","M","?","?","?","M","R","E","R","T","E","R","E","?","?","R","BOSS","M","?","M","AVR","?","R","M","R","T","?","M","?","M","NM","R","BOSS"],"items_purchased_type":["Card","Relic","Card"],"build_version":"2020-12-13","purchased_purges":1,"victory":false,"max_hp_per_floor":[72,72,72,72,72,72,72,77,77,77,77,77,77,77,77,77,82,87,87,87,87,87,87,87,87,87,87,87,87,87,87,87,87,87,87,87,87,87,87,87,87,87,87,87,87,87,87,87,87,87,87],"card_choices":[{"not_picked":["CutThroughFate","Replay:BluntJabs"],"picked":"FollowUp","floor":1},{"not_picked":["Replay:ManipulateFuture","Study"],"picked":"JustLucky","floor":3},{"not_picked":["Replay:DivineShield","Scrawl"],"picked":"Worship","floor":4},{"not_picked":["Crescendo","Fasting2"],"picked":"JustLucky","floor":5},{"not_picked":["CutThroughFate","Protect"],"picked":"ClearTheMind","floor":8},{"not_picked":["Study","SashWhip"],"picked":"FollowUp","floor":10},{"not_picked":["SignatureMove","Tantrum"],"picked":"Protect","floor":12},{"not_picked":["Establishment","Omniscience"],"picked":"DevaForm","floor":16},{"not_picked":["CrushJoints","Protect"],"picked":"Evaluate","floor":17},{"not_picked":["Pray","Indignation"],"picked":"ForeignInfluence","floor":18},{"not_picked":["FlurryOfBlows","Wallop","EmptyBody"],"picked":"SKIP","floor":21},{"not_picked":["Crescendo","Pray","WaveOfTheHand"],"picked":"SKIP","floor":22},{"not_picked":["Crescendo","Tantrum"],"picked":"ClearTheMind+1","floor":24},{"not_picked":["FearNoEvil+1","DevaForm"],"picked":"FollowUp+1","floor":27},{"not_picked":["FlurryOfBlows","Sanctity"],"picked":"SandsOfTime","floor":29},{"not_picked":["DevaForm","LessonLearned"],"picked":"Replay:AllIn","floor":33},{"not_picked":["Voices","ReplayTheSpireMod:Faulty Equipment"],"picked":"ReplayTheSpireMod:Splinters","floor":34},{"not_picked":["Delirium","Voices"],"picked":"Sickly","floor":34},{"not_picked":["ReplayTheSpireMod:Faulty Equipment","ReplayTheSpireMod:Restless Dread"],"picked":"Clumsy","floor":34},{"not_picked":["PathToVictory+1","JustLucky","MasterReality"],"picked":"SKIP","floor":35},{"not_picked":["ReplayTheSpireMod:Chaos Vortex","ReplayTheSpireMod:Echoes of Time"],"picked":"infinitespire:Execution","floor":36},{"not_picked":["EmptyBody+1","WheelKick+1","FlyingSleeves+1"],"picked":"SKIP","floor":37},{"not_picked":["TalkToTheHand+1","Perseverance+1"],"picked":"Replay:Anticipation+1","floor":41},{"not_picked":["FlurryOfBlows+1","FlyingSleeves"],"picked":"Replay:BluntJabs+1","floor":44},{"not_picked":["Replay:Vibes","MasterReality","Replay:ManipulateFuture"],"picked":"SKIP","floor":45},{"not_picked":["BowlingBash+1","EmptyFist+1"],"picked":"Vault","floor":47},{"not_picked":["infinitespire:FutureSight","infinitespire:SealOfDarkness+"],"picked":"infinitespire:SevenWalls","floor":48},{"not_picked":["Devotion","FlyingSleeves+1","Conclude+1"],"picked":"SKIP","floor":48}],"player_experience":346977,"relics_obtained":[{"floor":4,"key":"Pet Ghost"},{"floor":7,"key":"infinitespire:Broken Mirror"},{"floor":8,"key":"Durian"},{"floor":9,"key":"Replay:WaspNest"},{"floor":10,"key":"Toy Ornithopter"},{"floor":24,"key":"Simple Rune"},{"floor":26,"key":"MealTicket"},{"floor":27,"key":"infinitespire:Eraser"},{"floor":29,"key":"Du-Vu Doll"},{"floor":30,"key":"Mercury Hourglass"},{"floor":43,"key":"Boot"},{"floor":46,"key":"infinitespire:Magic Flask"},{"floor":48,"key":"Pondfish Scales"}],"event_choices":[{"damage_healed":0,"gold_gain":0,"player_choice":"Grow","damage_taken":0,"max_hp_gain":0,"max_hp_loss":0,"event_name":"Living Wall","floor":2,"gold_loss":0,"cards_upgraded":["Eruption"]},{"damage_healed":0,"gold_gain":0,"player_choice":"Bought 1 Potion","damage_taken":0,"max_hp_gain":0,"max_hp_loss":0,"event_name":"The Woman in Blue","floor":14,"gold_loss":0},{"damage_healed":0,"gold_gain":0,"player_choice":"Traded Relic","damage_taken":0,"relics_obtained":["Nloth\u0027s Gift"],"max_hp_gain":0,"max_hp_loss":0,"event_name":"N\u0027loth","floor":20,"relics_lost":["Durian"],"gold_loss":0},{"cards_removed":["SandsOfTime"],"damage_healed":0,"gold_gain":0,"player_choice":"Gave Gold","damage_taken":0,"max_hp_gain":0,"max_hp_loss":0,"event_name":"Beggar","floor":31,"gold_loss":75},{"damage_healed":0,"gold_gain":0,"player_choice":"Upgraded Two","damage_taken":0,"max_hp_gain":0,"max_hp_loss":0,"event_name":"Designer","floor":39,"gold_loss":40,"cards_upgraded":["Strike_P","Strike_P"]},{"damage_healed":0,"gold_gain":0,"player_choice":"Fight","damage_taken":0,"max_hp_gain":0,"max_hp_loss":0,"event_name":"MindBloom","floor":46,"gold_loss":0}],"is_beta":false,"boss_relics":[{"not_picked":["Replay:Wanted Poster","Honey Jar"],"picked":"Tiny House"},{"not_picked":["Astrolabe","ReplayTheSpireMod:DimensionalGlitch"],"picked":"Replay:Ancient Bell"},{"not_picked":["Oddly Smooth Stone","Replay:Mystery Machine"],"picked":"Lantern"},{"not_picked":["Replay:Bottled Snecko","Shuriken"],"picked":"Gremlin Horn"},{"not_picked":["Replay:Multitool","CaptainsWheel"],"picked":"Replay:Purple Gloves"}],"items_purged_floors":[38],"is_endless":true,"potions_floor_spawned":[3,5,10,12,21,22,29,33,37,41,46],"killed_by":"Time Eater","ascension_level":1}}