{"host":"hdafziggwnbzqpcb","time":1608602852,"event":{"mods":["BaseMod","Better Vampires","Colored Map","Colored Powertips","Curses Come First","GifTheSpireLib","Minty Spire (QoL Compilation)","Quick Restart","Rare Cards Sparkle","Relic Stats","Spicy Shops","StSLib","The Bug Knight","The Cursed","TheHero"],"gold_per_floor":[114,114,39,39,54,54,69,99,99,114,14,29,29,44,44,144,144,159,34,34,34,34,34],"floor_reached":22,"playtime":1129,"items_purged":["Defend_B","Strike_B","Chrysalis"],"score":184,"play_id":"6c1a2012-3432-4c79-8522-33e210d74e06","local_time":"20201221180732","daily_mods":["Allstar","Diverse","DeadlyEvents"],"is_ascension_mode":false,"campfire_choices":[{"data":"Zap","floor":6.0,"key":"SMITH"},{"floor":15.0,"key":"REST"}],"circlet_count":0,"master_deck":["Strike_B","Strike_B","Strike_B","Defend_B","Defend_B","Defend_B","Zap+1","Dualcast","Enlightenment","Good Instincts","The Bomb","Thinking Ahead","HollowMod:NewLittleFool","Zap","Swift Strike","HollowMod:CycloneSlash","HollowMod:CloakDash+1"],"relics":["Cracked Core","FossilizedHelix","Symbiotic Virus","Black Star"],"acts_visited":["Exordium","TheCity"],"potions_floor_usage":[],"damage_taken":[{"damage":1.0,"enemies":"Jaw Worm","floor":1.0,"turns":4.0},{"damage":6.0,"enemies":"2 Louse","floor":5.0,"turns":2.0},{"damage":10.0,"enemies":"Cultist","floor":7.0,"turns":4.0},{"damage":45.0,"enemies":"Lagavulin","floor":8.0,"turns":7.0},{"damage":0.0,"enemies":"2 Fungi Beasts","floor":10.0,"turns":3.0},{"damage":5.0,"enemies":"3 Louse","floor":12.0,"turns":2.0},{"damage":0.0,"enemies":"Looter","floor":14.0,"turns":3.0},{"damage":10.0,"enemies":"Slime Boss","floor":16.0,"turns":8.0},{"damage":10.0,"enemies":"Spheric Guardian","floor":18.0,"turns":4.0},{"damage":14,"enemies":"Gremlin Leader","floor":22,"turns":5}],"seed_played":"-7682526130134428503","potions_obtained":[{"floor":5.0,"key":"BlessingOfTheForge"},{"floor":7.0,"key":"DuplicationPotion"},{"floor":12.0,"key":"LiquidBronze"},{"floor":16.0,"key":"FearPotion"},{"floor":18.0,"key":"CultistPotion"}],"is_trial":false,"path_per_floor":["M","?","$","?","M","R","M","E","T","M","$","M","?","M","R","B",null,"M","$","?","?","E"],"character_chosen":"DEFECT","items_purchased":[],"campfire_rested":1,"item_purchase_floors":[],"current_hp_per_floor":[74,79,79,79,73,73,63,18,18,18,18,13,13,13,37,27,80,70,70,70,80,66,66],"gold":34,"neow_bonus":"","is_daily":true,"chose_seed":false,"campfire_upgraded":1,"win_rate":0.0,"timestamp":1608602852,"path_taken":["M","?","$","?","M","R","M","?","T","M","$","M","?","?","R","BOSS","M","$","?","?","?"],"items_purchased_type":[],"build_version":"2020-12-13","purchased_purges":3,"victory":false,"max_hp_per_floor":[75,80,80,80,80,80,80,80,80,80,80,80,80,80,80,80,80,80,80,80,80,80,80],"relic_stats":{"counters":[10,42],"Black Star":0,"obtain_stats":[{"Black Star":17,"Cracked Core":0,"Symbiotic Virus":9,"FossilizedHelix":8},{"Black Star":8,"Cracked Core":0,"Symbiotic Virus":4,"FossilizedHelix":4},{"Black Star":33,"Cracked Core":0,"Symbiotic Virus":17,"FossilizedHelix":17}]},"card_choices":[{"not_picked":["HollowMod:DreamGate","Conclude"],"picked":"HollowMod:NewLittleFool","floor":1.0},{"not_picked":["Pummel","Anger","Sucker Punch"],"picked":"SKIP","floor":5.0},{"not_picked":["Adaptation","Prepared","TheCursedMod:Torture"],"picked":"SKIP","floor":7.0},{"not_picked":["ConjureBlade","Evaluate"],"picked":"HollowMod:CycloneSlash","floor":8.0},{"not_picked":["Backflip","TheCursedMod:Evocation","animeID:Tomura"],"picked":"SKIP","floor":10.0},{"not_picked":["HollowMod:VengefulVoid","Acrobatics","Outmaneuver"],"picked":"SKIP","floor":12.0},{"not_picked":["Hologram","Ball Lightning","Rebound"],"picked":"SKIP","floor":14.0},{"not_picked":["Tempest","HollowMod:HowlingWraiths"],"picked":"HollowMod:CloakDash+1","floor":18.0}],"player_experience":628797,"relics_obtained":[{"floor":8.0,"key":"FossilizedHelix"},{"floor":9.0,"key":"Symbiotic Virus"}],"event_choices":[{"damage_healed":0.0,"max_hp_gain":5.0,"max_hp_loss":0.0,"gold_gain":0.0,"event_name":"Big Fish","player_choice":"Donut","floor":2.0,"gold_loss":0.0,"damage_taken":0.0},{"damage_healed":0.0,"max_hp_gain":0.0,"max_hp_loss":0.0,"gold_gain":0.0,"event_name":"Match and Keep!","player_choice":"2 cards matched","floor":4.0,"gold_loss":0.0,"damage_taken":0.0,"cards_obtained":["Zap","Swift Strike"]},{"damage_healed":0.0,"max_hp_gain":0.0,"max_hp_loss":0.0,"gold_gain":0.0,"event_name":"Shining Light","player_choice":"Ignored","floor":13.0,"gold_loss":0.0,"damage_taken":0.0},{"damage_healed":0.0,"max_hp_gain":0.0,"max_hp_loss":0.0,"gold_gain":0.0,"event_name":"Vampires","player_choice":"Ignored","floor":20.0,"gold_loss":0.0,"damage_taken":0.0},{"damage_healed":26,"gold_gain":0,"player_choice":"Heal","damage_taken":0,"max_hp_gain":0,"max_hp_loss":0,"event_name":"The Library","floor":21,"gold_loss":0}],"is_beta":false,"boss_relics":[{"not_picked":["Cursed Key","Inserter"],"picked":"Black Star"}],"items_purged_floors":[3,11,19],"is_endless":false,"potions_floor_spawned":[5,7,12,16,18],"killed_by":"Gremlin Leader","ascension_level":0}}