{"host":"uc3yqlcea8xhzyx4","time":1608656383,"event":{"mods":["2.2 Compatiblity","Act Like it!","BaseMod","Better Altar","Better Synergies","Better Third Choice","Better Vampires","CCEM","Clawfect","Colored Map","Colored Powertips","Conspire","Downfall","Energized Spire","GifTheSpireLib","Highlight Path","Infinite Spire","Jedi Mod","Marisa????????","Minty Spire (QoL Compilation)","Permanent Neow","Prisma Mod","Quick Restart","Replay The Spire","Shade Mod","Shop Mod","Spicy Shops","StSLib","The Marked","???????????mod"],"gold_per_floor":[111,125,4,4,15,27,37,37,69,69,83,83,137,153,165,191,46,46,66,66,66,163,163,163],"floor_reached":23,"playtime":651,"items_purged":["Strike_R"],"score":203,"play_id":"4497ba84-3b62-42c9-b94e-a1b2e6a572ac","local_time":"20201222175943","is_ascension_mode":false,"campfire_choices":[{"data":"Cleave","floor":8,"key":"SMITH"},{"data":"Defend_R","floor":10,"key":"SMITH"},{"data":"Bash","floor":12,"key":"SMITH"},{"data":"Shockwave","floor":18,"key":"SMITH"},{"data":"Strike_R","floor":21,"key":"PURGE"}],"circlet_count":0,"master_deck":["Strike_R","Defend_R","Defend_R+1","Bash+1","Cleave+1","Twin Strike+1","Impervious","Shockwave+1","Corruption+1","Ghostly Armor+1","Rampage+1"],"relics":["Burning Blood","CCEMRelics:TechnogenicHelmet","Bronze Scales","CCEMRelics:GrindingGear","Oddly Smooth Stone","Astrolabe"],"acts_visited":["Exordium","TheCity"],"potions_floor_usage":[9,16,16],"damage_taken":[{"damage":0,"enemies":"Small Slimes","floor":1,"turns":4},{"damage":6,"enemies":"Cultist","floor":2,"turns":3},{"damage":1,"enemies":"Jaw Worm","floor":5,"turns":3},{"damage":5,"enemies":"Lots of Slimes","floor":6,"turns":2},{"damage":23,"enemies":"Exordium Thugs","floor":7,"turns":3},{"damage":26,"enemies":"Lagavulin","floor":9,"turns":5},{"damage":20,"enemies":"Gremlin Gang","floor":11,"turns":3},{"damage":0,"enemies":"3 Louse","floor":14,"turns":2},{"damage":0,"enemies":"2 Fungi Beasts","floor":15,"turns":2},{"damage":16,"enemies":"Gremlin Nob","floor":16,"turns":3},{"damage":1,"enemies":"Blue Slaver","floor":19,"turns":3},{"damage":33,"enemies":"The Guardian","floor":22,"turns":10}],"seed_played":"-637087563008320936","potions_obtained":[{"floor":5,"key":"SpeedPotion"},{"floor":6,"key":"Milkshake"},{"floor":7,"key":"Ancient Potion"},{"floor":15,"key":"Toxic Potion"},{"floor":22,"key":"Venom Potion"}],"is_trial":false,"path_per_floor":["M","M","$","?","M","M","M","R","E","R","M","R","T","M","M","E","$","R","M","$","R_BF","B",null],"character_chosen":"IRONCLAD","items_purchased":["Twin Strike+1","Oddly Smooth Stone"],"campfire_rested":0,"item_purchase_floors":[3,17],"current_hp_per_floor":[80,80,80,80,80,80,63,63,43,43,29,29,29,35,41,31,31,31,36,36,36,9,80,80],"gold":163,"neow_bonus":"REMOVE_CARD","is_daily":false,"chose_seed":false,"campfire_upgraded":4,"win_rate":0.0,"timestamp":1608656383,"path_taken":["M","M","$","?","M","?","M","R","E","R","M","R","T","M","M","E","?","R","?","$","R_BF","BOSS"],"items_purchased_type":["Card","Relic"],"build_version":"2020-12-13","purchased_purges":1,"victory":false,"max_hp_per_floor":[80,80,80,80,80,80,80,80,80,80,80,80,80,80,80,80,80,80,80,80,80,80,80,80],"card_choices":[{"not_picked":["Wild Strike","jedi:controlledanger"],"picked":"Cleave","floor":1},{"not_picked":["Warcry","conspire:Charge","Clothesline"],"picked":"SKIP","floor":2},{"not_picked":["Clothesline","Sword Boomerang","Thunderclap"],"picked":"SKIP","floor":6},{"not_picked":["Havoc","Twin Strike","Headbutt"],"picked":"SKIP","floor":7},{"not_picked":["Feel No Pain","Twin Strike","Flex"],"picked":"SKIP","floor":9},{"not_picked":["Headbutt","Burning Pact"],"picked":"Impervious","floor":11},{"not_picked":["True Grit","Evolve","Clothesline"],"picked":"SKIP","floor":14},{"not_picked":["Hemokinesis","Blood for Blood","Uppercut"],"picked":"SKIP","floor":15},{"not_picked":["Clothesline","Iron Wave"],"picked":"Shockwave","floor":16},{"not_picked":["Havoc","jedi:suffering","Shockwave"],"picked":"SKIP","floor":19}],"player_experience":236275,"relics_obtained":[{"floor":9,"key":"CCEMRelics:TechnogenicHelmet"},{"floor":13,"key":"Bronze Scales"},{"floor":16,"key":"CCEMRelics:GrindingGear"}],"event_choices":[{"damage_healed":0,"gold_gain":0,"player_choice":"Ignored","damage_taken":0,"max_hp_gain":0,"max_hp_loss":0,"event_name":"WeMeetAgain","floor":4,"gold_loss":0}],"is_beta":false,"boss_relics":[{"not_picked":["conspire:SpecialSausage","SlaversCollar"],"picked":"Astrolabe"}],"items_purged_floors":[3],"is_endless":false,"potions_floor_spawned":[5,6,7,15,22],"ascension_level":0}}