{"host":"wft71y6k5l1g7d5f","time":1608629349,"event":{"mods":["AchievementEnabler","Aspiration","Bard","BaseMod","Beaked The Cultist","Better Altar","Better Match","Better Note","Better Sensory Stone","Better Skull","BetterRewards","CCEM","Clawfect","Colored Map","Conspire","Downfall","Friendly Minions","GifTheSpireLib","Halation","Hermit","Highlight Path","Hubris","Hunter ??","Infinite Spire","Jedi Mod","Jorbs\u0027s Wanderer Trilogy","Mad Scientist","Marisa????????","Mimic Mod","Minty Spire (QoL Compilation)","Permanent Neow","Replay The Spire","Shade Mod","Shop Mod","Spicy Shops","StSLib","Stuff the Spire","The Administrix","The Blackbeard","The Bug Knight","The Construct","The Cursed","The Disciple","The Gatherer","The Hierophant","The IronCluck","The Jungle","The Mystic","The Necromancer","The Problem Sleuth","The Runesmith","The Servant 0.9.4","The Spell Scribe","The Witch","Unceasing Turn Reminder","[IsaacMod]????","everything is the same but u backflip on backflip","slay the spire mod where everything is the same but ironclad has a cowboy hat"],"gold_per_floor":[99,116,116,147,147,179,215,249,285,298,298,223,240,252,264,261,285,399,411,273,297,309,321,648,687,699,727,739,751,763,775,787,834,862,971,983,995,1021,1082,1110,1122,1134,1146,1158,1184,1196,708,720,750,762,774,786,808,820,820],"floor_reached":54,"playtime":8807,"items_purged":[],"score":749,"play_id":"c08b211a-c461-4116-9b4c-4bba0069f726","local_time":"20201222012909","daily_mods":["Draft","Vintage","Heirloom","Flight"],"is_ascension_mode":false,"campfire_choices":[{"floor":1.0,"key":"RECALL"},{"data":"Summon_Undead","floor":11.0,"key":"SMITH"},{"data":"Shade:SensePrey","floor":15.0,"key":"SMITH"},{"data":"Shade:LichForm","floor":20.0,"key":"SMITH"},{"data":"Death_Knell","floor":28.0,"key":"SMITH"},{"data":"Shade_Step","floor":29.0,"key":"SMITH"},{"data":"Death_March_Dance","floor":31.0,"key":"SMITH"},{"data":"Shade:CloudOfShrapnel","floor":32.0,"key":"SMITH"},{"floor":37.0,"key":"DIG"},{"data":"Shade:Brains","floor":42.0,"key":"SMITH"},{"data":"Bone_Armory","floor":44.0,"key":"SMITH"},{"data":"Shade:FreshBones","floor":46.0,"key":"SMITH"},{"data":"infinitespire:Fortify","floor":50.0,"key":"SMITH"},{"data":"Hellfire","floor":51.0,"key":"SMITH"}],"circlet_count":0,"master_deck":["Vampiric_Strike","Shade:Bonestorm","Shade:Bite_Shade","Shade:CloudOfShrapnel+1","Plague_Bolt","Finger_Of_Death","Summon_Undead+1","Bone_Armor","Life_Drain","Death_March_Dance+1","Shade:Brains+1","Shade:CoffinDance","Shade:FreshBones+1","Bone_Prison","Shade_Step+1","Shade:Trample","Bone_Bullets","Shade:SensePrey+1","Shade:Premonition","Death_Coil+1","Shade:Doomsay+1","Bone_Bullets","Shade:LichForm+1","Death_Knell+1","infinitespire:Oblivion","Hellfire+1","Bone_Armory+1","Pot Of Greed","Pot Of Greed","Pot Of Greed","infinitespire:Fortify+1"],"relics":["Shade:YorickSkull","Coffee Dripper","jedi:battlestandard","HushsDoor","KeepersGift","hubris:GlazedTorus","StuffTheSpire:GrapeVine","Orichalcum","ForgetMeNow","hubris:Icosahedron","infinitespire:EmpoweringShard","CCEMRelics:PorcelainBowl","Replay:Mystery Machine","conspire:TopHat","MawBank","BelialBook","Replay:Bronze Core","downfall:HeartBlessingBlue","downfall:HeartBlessingRed","Strawberry","Omamori","TheBible","ReplayFunnel","theSleuth:SaltedMelon","theSleuth:SaltedMelon","CCEMRelics:Sandal","Question Card","Black Star","Pet Ghost","jedi:arcanewood","CatCart","Grinning Jar","conspire:DecoderRing","jedi:heavyjacket","Akabeko","infinitespire:Joker Card","jedi:purplefairy"],"acts_visited":["Exordium","TheCity","TheBeyond"],"potions_floor_usage":[],"damage_taken":[{"damage":0.0,"enemies":"Small Slimes","floor":2.0,"turns":2.0},{"damage":0.0,"enemies":"conspire:MimicChest","floor":4.0,"turns":4.0},{"damage":8.0,"enemies":"3 Sentries","floor":6.0,"turns":4.0},{"damage":0.0,"enemies":"Cultist","floor":7.0,"turns":4.0},{"damage":2.0,"enemies":"Cultist","floor":8.0,"turns":4.0},{"damage":0.0,"enemies":"Cultist","floor":9.0,"turns":5.0},{"damage":0.0,"enemies":"Cultist","floor":10.0,"turns":2.0},{"damage":0.0,"enemies":"2 Louse","floor":13.0,"turns":1.0},{"damage":0.0,"enemies":"downfall:FleeingMerchant","floor":16.0,"turns":4.0},{"damage":0.0,"enemies":"Exordium Wildlife","floor":17.0,"turns":2.0},{"damage":0.0,"enemies":"downfall:Ironclad","floor":18.0,"turns":3.0},{"damage":0.0,"enemies":"Chosen","floor":21.0,"turns":2.0},{"damage":0.0,"enemies":"downfall:FleeingMerchant","floor":24.0,"turns":4.0},{"damage":0.0,"enemies":"Nightmare","floor":25.0,"turns":4.0},{"damage":0.0,"enemies":"Snecko","floor":27.0,"turns":3.0},{"damage":0.0,"enemies":"Chosen and Byrds","floor":33.0,"turns":4.0},{"damage":0.0,"enemies":"Chosen and Byrds","floor":34.0,"turns":3.0},{"damage":0.0,"enemies":"downfall:Defect","floor":35.0,"turns":4.0},{"damage":0.0,"enemies":"3 Darklings","floor":38.0,"turns":2.0},{"damage":1.0,"enemies":"Orin","floor":39.0,"turns":5.0},{"damage":0.0,"enemies":"3 Shapes","floor":40.0,"turns":2.0},{"damage":4.0,"enemies":"Maw","floor":45.0,"turns":5.0},{"damage":0.0,"enemies":"Spire Growth","floor":49.0,"turns":3.0},{"damage":0.0,"enemies":"Writhing Mass","floor":53.0,"turns":3.0},{"damage":79,"enemies":"Delirium","floor":54,"turns":3}],"seed_played":"8484857449313894906","potions_obtained":[{"floor":4.0,"key":"Fire Potion"},{"floor":10.0,"key":"SteroidPotion"},{"floor":17.0,"key":"Toxic Potion"}],"is_trial":true,"path_per_floor":["R_BF","M","?","?","?","E","MIM","MIM","MIM","M","R","?","M","?","R","$","M","B",null,"R","M","?","?","$","NM","T","M","R","R","?","R","R","MIM","M","B",null,"R_BF","M","?","M","?","R","T","R","M","R","?","$","M","R","R","?","M","B"],"character_chosen":"SHADE","items_purchased":[],"campfire_rested":0,"item_purchase_floors":[],"current_hp_per_floor":[65,65,50,59,59,57,61,63,65,65,65,65,65,65,65,65,65,65,65,75,82,82,82,82,82,82,82,82,82,82,84,86,86,86,86,86,88,88,88,88,88,90,90,92,90,92,92,92,94,96,98,98,98,19,19],"gold":820,"neow_bonus":"","is_daily":false,"chose_seed":false,"campfire_upgraded":12,"win_rate":0.0,"timestamp":1608629349,"path_taken":["R_BF","M","?","?","?","E","MIM","MIM","MIM","M","R","?","?","?","R","$","M","BOSS","R","M","?","?","?","NM","T","?","R","R","?","R","R","?","M","BOSS","R_BF","M","?","M","?","R","T","R","?","R","?","$","M","R","R","?","M","BOSS"],"items_purchased_type":[],"build_version":"2020-12-13","purchased_purges":0,"victory":false,"max_hp_per_floor":[65,65,65,65,65,65,65,65,65,65,65,65,65,65,65,65,65,65,65,75,82,82,82,82,82,82,82,82,82,82,84,86,86,86,86,86,88,88,88,88,88,90,90,92,92,94,94,94,94,96,98,98,98,98,98],"card_choices":[{"not_picked":["Negative_Energy_Mist","Shade:CallWraith"],"picked":"Vampiric_Strike","floor":0.0},{"not_picked":["Shade:SkeletonHug","Siphon_Strength"],"picked":"Shade:Bonestorm","floor":0.0},{"not_picked":["Shade:AblativeArmor","Negative_Energy_Mist"],"picked":"Shade:Bite_Shade","floor":0.0},{"not_picked":["Shade:PressTheAttack","Blood_Curse"],"picked":"Shade:CloudOfShrapnel","floor":0.0},{"not_picked":["Violent_Necrosis","Shade:GoDigging"],"picked":"Plague_Bolt","floor":0.0},{"not_picked":["Blood_Curse","Vampiric_Strike"],"picked":"Finger_Of_Death","floor":0.0},{"not_picked":["Scare","Negative_Energy_Javelin"],"picked":"Summon_Undead","floor":0.0},{"not_picked":["Bone_Spikes","Shade:SensePrey"],"picked":"Bone_Armor","floor":0.0},{"not_picked":["Shade:StitchTogether","Shade:FuneraryArmor"],"picked":"Life_Drain","floor":0.0},{"not_picked":["Slay_Living","Bones_to_Steel"],"picked":"Death_March_Dance","floor":0.0},{"not_picked":["Shade:CallOfTheGrave","Slay_Living"],"picked":"Shade:Brains","floor":0.0},{"not_picked":["Slay_Living","Bone_Armor"],"picked":"Shade:CoffinDance","floor":0.0},{"not_picked":["Shade:FingerOfDeath","Shade:AncientSpear"],"picked":"Shade:FreshBones","floor":0.0},{"not_picked":["Life_Tap","Shackles_Of_Pain"],"picked":"Bone_Prison","floor":0.0},{"not_picked":["Shade:FleshToFlesh","Negative_Energy_Mist"],"picked":"Shade_Step","floor":0.0},{"not_picked":["Shade:PotionOfRestlessness","Shackles_Of_Pain"],"picked":"Shade:Trample","floor":4.0},{"not_picked":["Thousand_Bone_Knives","Shade:Brains"],"picked":"Bone_Bullets","floor":6.0},{"not_picked":["Shade:Premonition","Bones_to_Steel"],"picked":"Shade:SensePrey","floor":7.0},{"not_picked":["Shade:GreyBargain","Finger_Of_Death"],"picked":"Shade:Premonition","floor":8.0},{"not_picked":["Uncharnel","Shade:Awaken"],"picked":"Death_Coil","floor":9.0},{"not_picked":["Necromantic_Selection","Shade:Bite_Shade"],"picked":"Shade:Doomsay","floor":12.0},{"not_picked":["Blood_Curse","Bone_Shift"],"picked":"Bone_Bullets","floor":12.0},{"not_picked":["Finger_Of_Death","Shade:BoneShards","Shade:StitchTogether"],"picked":"SKIP","floor":16.0},{"not_picked":["Shade:LoseControl","Shade:Coordination"],"picked":"Shade:LichForm","floor":18.0},{"not_picked":["Bones_to_Steel+1","Shade:Premonition+1"],"picked":"Death_Knell","floor":24.0},{"not_picked":["infinitespire:SealOfDarkness+","infinitespire:FinalStrike"],"picked":"infinitespire:Oblivion","floor":25.0},{"not_picked":["Shade:LyeBath","Shade:SpontaneousRitual","Blood_for_Blood"],"picked":"SKIP","floor":25.0},{"not_picked":["Shade:Consume","Shade:UnbarTheGrave","Shade:LastGasp"],"picked":"Hellfire","floor":35.0},{"not_picked":["Shade:BoneShards+1","Blood_Whip","Flesh_Made_Foul"],"picked":"Bone_Armory","floor":39.0},{"not_picked":["hubris:Rewind","infinitespire:Collect"],"picked":"infinitespire:Fortify","floor":47.0}],"player_experience":151418,"relics_obtained":[{"floor":2.0,"key":"StuffTheSpire:GrapeVine"},{"floor":4.0,"key":"ForgetMeNow"},{"floor":6.0,"key":"infinitespire:EmpoweringShard"},{"floor":7.0,"key":"CCEMRelics:PorcelainBowl"},{"floor":9.0,"key":"Replay:Mystery Machine"},{"floor":10.0,"key":"conspire:TopHat"},{"floor":13.0,"key":"MawBank"},{"floor":17.0,"key":"BelialBook"},{"floor":21.0,"key":"Strawberry"},{"floor":25.0,"key":"Omamori"},{"floor":26.0,"key":"TheBible"},{"floor":27.0,"key":"ReplayFunnel"},{"floor":33.0,"key":"CCEMRelics:Sandal"},{"floor":34.0,"key":"Question Card"},{"floor":37.0,"key":"Pet Ghost"},{"floor":38.0,"key":"jedi:arcanewood"},{"floor":39.0,"key":"CatCart"},{"floor":40.0,"key":"Grinning Jar"},{"floor":43.0,"key":"conspire:DecoderRing"},{"floor":45.0,"key":"jedi:heavyjacket"},{"floor":49.0,"key":"Akabeko"},{"floor":52.0,"key":"infinitespire:Joker Card"},{"floor":53.0,"key":"jedi:purplefairy"}],"event_choices":[{"damage_healed":0.0,"max_hp_gain":0.0,"max_hp_loss":0.0,"gold_gain":0.0,"event_name":"betterMatch:BetterMatch","player_choice":"1","floor":12.0,"gold_loss":0.0,"damage_taken":0.0,"cards_obtained":["betterMatch:UncommonCard","betterMatch:CommonCard"]},{"damage_healed":0.0,"max_hp_gain":0.0,"max_hp_loss":0.0,"gold_gain":0.0,"event_name":"Upgrade Shrine","player_choice":"Upgraded","floor":22.0,"gold_loss":0.0,"damage_taken":0.0,"cards_upgraded":["Death_Coil"]},{"damage_healed":0.0,"max_hp_gain":0.0,"max_hp_loss":0.0,"gold_gain":0.0,"event_name":"betterNote:BetterNote","player_choice":"Ignored","floor":23.0,"gold_loss":0.0,"damage_taken":0.0,"cards_obtained":["Bash"]},{"damage_healed":0.0,"max_hp_gain":0.0,"max_hp_loss":0.0,"gold_gain":0.0,"event_name":"OrinTheCat","player_choice":"Fight","floor":39.0,"gold_loss":0.0,"damage_taken":0.0}],"is_beta":false,"boss_relics":[{"not_picked":["Calling Bell","Snecko Eye"],"picked":"Replay:Bronze Core"},{"not_picked":[]},{"not_picked":["halation:SmartPhone","Replay:Fungal Core"],"picked":"Black Star"},{"not_picked":[]}],"items_purged_floors":[],"is_endless":true,"potions_floor_spawned":[4,10,17,18,27,35,38,45],"killed_by":"Delirium","ascension_level":0}}