{"host":"684z1xpuwaoqmmh1","time":1608641083,"event":{"mods":["BaseMod","Downfall","Hermit","Jorbs\u0027s Wanderer Trilogy","Marisa????????","Minty Spire (QoL Compilation)","StSLib","The Hierophant","The Mystic"],"gold_per_floor":[349,349,367,105,134,134,159,159,184,208,249,358,283,312,336,336,336,336],"floor_reached":16,"playtime":642,"items_purged":["Regret"],"score":189,"play_id":"59dcec58-ddb0-416d-928d-806d471cabfa","local_time":"20201222144443","is_ascension_mode":true,"campfire_choices":[{"data":"hexamod:Float","floor":1,"key":"SMITH"},{"floor":8,"key":"RECALL"},{"data":"hexamod:WildfireWeapon","floor":13,"key":"SMITH"}],"circlet_count":0,"master_deck":["AscendersBane","hexamod:Strike","hexamod:Strike","hexamod:Strike","hexamod:Strike+1","hexamod:Defend+1","hexamod:Defend","hexamod:Defend","hexamod:Defend","hexamod:Sear+1","hexamod:Float+1","hexamod:PhantomCloak","hexamod:WildfireWeapon+1","hexamod:FlamesFromBeyond","hexamod:FourthSeal","hexamod:Hexaguard","hexamod:GhostflameBarrier","Slimebound:Icky","hexamod:SwordOfDarkness","hexamod:SecondSeal"],"relics":["hexamod:SpiritBrand","CeramicFish","Pen Nib","Lantern","downfall:HeartBlessingRed"],"acts_visited":["Exordium"],"potions_floor_usage":[10,11,14,16,16,16],"damage_taken":[{"damage":2,"enemies":"2 Louse","floor":3,"turns":2},{"damage":2,"enemies":"downfall:FleeingMerchant","floor":4,"turns":4},{"damage":5,"enemies":"Jaw Worm","floor":5,"turns":5},{"damage":0,"enemies":"Small Slimes","floor":9,"turns":3},{"damage":6,"enemies":"Large Slime","floor":10,"turns":5},{"damage":16,"enemies":"Gremlin Nob","floor":11,"turns":4},{"damage":2,"enemies":"Blue Slaver","floor":14,"turns":3},{"damage":0,"enemies":"2 Fungi Beasts","floor":15,"turns":4},{"damage":51,"enemies":"downfall:Ironclad","floor":16,"turns":9}],"seed_played":"2049225192122460838","potions_obtained":[{"floor":9,"key":"LiquidMemories"},{"floor":10,"key":"Fruit Juice"},{"floor":10,"key":"Regen Potion"},{"floor":11,"key":"ColorlessPotion"},{"floor":14,"key":"FairyPotion"},{"floor":14,"key":"Energy Potion"},{"floor":15,"key":"EntropicBrew"},{"floor":15,"key":"AttackPotion"}],"is_trial":false,"path_per_floor":["R","?","M","$","M","?","T","R","M","M","E","?","R","M","M","B"],"character_chosen":"THE_SPIRIT","items_purchased":["CeramicFish"],"campfire_rested":0,"item_purchase_floors":[4],"current_hp_per_floor":[57,57,55,53,48,48,48,48,48,42,31,31,31,38,38,0,0,0],"gold":336,"neow_bonus":"TWO_FIFTY_GOLD","is_daily":false,"chose_seed":false,"campfire_upgraded":2,"win_rate":0.0,"timestamp":1608641083,"path_taken":["R","?","M","$","M","?","T","R","M","M","E","?","R","M","M","BOSS"],"items_purchased_type":["Relic"],"build_version":"2020-12-13","purchased_purges":1,"victory":false,"max_hp_per_floor":[63,63,63,63,63,63,63,63,63,63,68,68,68,68,68,68,68,68],"card_choices":[{"not_picked":["hexamod:RecurringNightmare","hexamod:SuperheatedStrike"],"picked":"hexamod:PhantomCloak","floor":3},{"not_picked":["hexamod:NightmareStrike","hexamod:ChargedBarrage"],"picked":"hexamod:WildfireWeapon","floor":4},{"not_picked":["hexamod:CatchUp","hexamod:Haunt"],"picked":"hexamod:FlamesFromBeyond","floor":5},{"not_picked":["hexamod:SpectralAdrenaline","hexamod:GhostShield"],"picked":"hexamod:FourthSeal","floor":9},{"not_picked":["hexamod:BurningTouch","hexamod:BacktrackSmack"],"picked":"hexamod:Hexaguard","floor":10},{"not_picked":["hexamod:Hexaguard","hexamod:HeatMetal"],"picked":"hexamod:GhostflameBarrier","floor":11},{"not_picked":["hexamod:GhostShield","hexamod:NightmareStrike"],"picked":"hexamod:SwordOfDarkness","floor":14},{"not_picked":["hexamod:NightmareStrike","hexamod:Hexaguard"],"picked":"hexamod:SecondSeal","floor":15}],"player_experience":2367273,"relics_obtained":[{"floor":7,"key":"Pen Nib"},{"floor":11,"key":"Lantern"}],"event_choices":[{"cards_removed":["Shame"],"damage_healed":0,"gold_gain":0,"player_choice":"Card Removal","damage_taken":0,"max_hp_gain":0,"max_hp_loss":0,"event_name":"The Cleric","floor":6,"gold_loss":0}],"is_beta":false,"boss_relics":[],"items_purged_floors":[4],"is_endless":false,"potions_floor_spawned":[9,10,14,15],"killed_by":"downfall:Ironclad","ascension_level":17}}