{"host":"i0avyit1s6jb1siw","time":1608638224,"event":{"mods":["BaseMod","DeckTracker","Dota2Spire","Highlight Path","Minty Spire (QoL Compilation)","Quick Restart","Replay The Spire","StSLib","SuperFastMode"],"gold_per_floor":[111,111,127,127,143,143,179,202,202,235,235,200,200,0,0,90,90,110,110,31,44,44,44,72,72,120,132,143,177,177,24,24,101,101,119,133,58,71,89,89,124,124,124,140,168,233,258,158,158,158,158,158,158,1,31,73],"floor_reached":57,"playtime":1878,"items_purged":["Well Laid Plans","Poison Darts"],"score":3912,"play_id":"05ef3b0f-ae47-4047-ae44-c035d27ffc33","local_time":"20201222125704","is_ascension_mode":true,"campfire_choices":[{"data":"Accuracy","floor":6,"key":"SMITH"},{"floor":11,"key":"REST"},{"data":"Apotheosis","floor":15,"key":"SMITH"},{"data":"Flechettes","floor":23,"key":"SMITH"},{"floor":25,"key":"REST"},{"floor":32,"key":"DIG"},{"floor":40,"key":"RECALL"},{"data":"Riddle With Holes","floor":53,"key":"PURGE"}],"circlet_count":0,"master_deck":["AscendersBane","Defend_G","Survivor","Neutralize","Blade Dance","Escape Plan","Dagger Throw","Apotheosis+1","Malaise","Masterful Stab+1","Envenom+1","Leg Sweep","Flechettes+1","Backflip","Acrobatics","Tactician","Wraith Form v2","Concentrate+1","Calculated Gamble+1"],"relics":["Dota2Spire:RefresherOrb","Bloody Idol","Dota2Spire:OctarineCore","Pondfish Scales","Replay:Multitool","Dota2Spire:BattleFury","Astrolabe","ReplayTheSpireMod:Ninjato","Toy Ornithopter","Shuriken","Darkstone Periapt","Replay:Grab Bag","Fusion Hammer","Runic Dome","Replay:Drink Me","Runic Pyramid","Replay:Accelerometer","ReplayTheSpireMod:TigerMarble","Torii","Akabeko","Replay:Bandana"],"acts_visited":["Exordium","TheCity","TheBeyond","TheEnding"],"potions_floor_usage":[16,21,24,56],"damage_taken":[{"damage":0,"enemies":"2 Louse","floor":1,"turns":3},{"damage":2,"enemies":"Jaw Worm","floor":3,"turns":4},{"damage":7,"enemies":"Small Slimes","floor":5,"turns":3},{"damage":12,"enemies":"Lagavulin","floor":7,"turns":7},{"damage":0,"enemies":"Looter","floor":8,"turns":3},{"damage":27,"enemies":"3 Sentries","floor":10,"turns":8},{"damage":21,"enemies":"Slime Boss","floor":16,"turns":8},{"damage":6,"enemies":"Chosen","floor":18,"turns":5},{"damage":3,"enemies":"Spheric Guardian","floor":21,"turns":4},{"damage":25,"enemies":"Slavers","floor":24,"turns":6},{"damage":5,"enemies":"Snake Plant","floor":27,"turns":5},{"damage":0,"enemies":"Centurion and Healer","floor":28,"turns":5},{"damage":7,"enemies":"Book of Stabbing","floor":29,"turns":6},{"damage":1,"enemies":"Pondfish","floor":33,"turns":5},{"damage":0,"enemies":"3 Darklings","floor":35,"turns":2},{"damage":0,"enemies":"Orb Walker","floor":36,"turns":2},{"damage":0,"enemies":"Jaw Worm Horde","floor":38,"turns":2},{"damage":0,"enemies":"3 Darklings","floor":39,"turns":1},{"damage":0,"enemies":"Giant Head","floor":41,"turns":2},{"damage":0,"enemies":"Sphere and 2 Shapes","floor":44,"turns":1},{"damage":0,"enemies":"R_Hoarder","floor":45,"turns":4},{"damage":0,"enemies":"Mind Bloom Boss Battle","floor":47,"turns":3},{"damage":0,"enemies":"Awakened One","floor":50,"turns":3},{"damage":0,"enemies":"Donu and Deca","floor":51,"turns":3},{"damage":1,"enemies":"Shield and Spear","floor":55,"turns":2},{"damage":21,"enemies":"The Heart","floor":56,"turns":6}],"seed_played":"2355735752939279051","potions_obtained":[{"floor":5,"key":"Block Potion"},{"floor":16,"key":"LifebloodPotion"},{"floor":18,"key":"FairyPotion"},{"floor":21,"key":"Poison Potion"},{"floor":27,"key":"Adrenaline Potion"}],"is_trial":false,"path_per_floor":["M","?","M","?","M","R","E","M","T","E","R","?","T","$","R","B",null,"M","?","$","M","?","R","E","R","T","M","M","E","?","$","R","B",null,"M","M","$","M","M","R","E","?","T","M","E","R","?","$","R","B","B",null,"R","$","E","B",null],"character_chosen":"THE_SILENT","items_purchased":["Apotheosis","Flechettes","Wraith Form v2","Akabeko"],"campfire_rested":2,"item_purchase_floors":[14,20,31,54],"current_hp_per_floor":[59,59,57,50,43,43,31,31,31,4,22,37,37,37,37,16,49,43,43,43,40,40,40,20,38,43,43,48,46,46,46,46,50,45,45,45,45,45,45,45,45,45,45,45,45,45,45,45,45,45,45,45,45,45,45,24],"gold":73,"neow_bonus":"BOSS_RELIC","is_daily":false,"chose_seed":false,"campfire_upgraded":3,"win_rate":0.0,"timestamp":1608638224,"path_taken":["M","?","M","?","M","R","E","M","T","E","R","?","?","$","R","BOSS","M","?","$","M","?","R","E","R","T","M","M","E","?","$","R","BOSS","M","M","$","M","M","R","E","?","T","M","E","R","?","$","R","BOSS","BOSS","R","$","E","BOSS"],"items_purchased_type":["Card","Card","Card","Relic"],"build_version":"2020-12-13","purchased_purges":2,"victory":true,"max_hp_per_floor":[66,60,60,60,60,60,60,60,60,60,60,60,60,60,60,60,60,60,60,60,60,60,60,60,60,60,60,60,60,60,60,60,60,45,45,45,45,45,45,45,45,45,45,45,45,45,45,45,45,45,45,45,45,45,45,45],"card_choices":[{"not_picked":["Slice","PiercingWail"],"picked":"Blade Dance","floor":1},{"not_picked":["Flying Knee","Backflip"],"picked":"Escape Plan","floor":3},{"not_picked":["PiercingWail","Deflect"],"picked":"Accuracy","floor":5},{"not_picked":["ReplayTheSpireMod:Necrosis","Catalyst"],"picked":"Dagger Throw","floor":7},{"not_picked":["Dagger Spray","Expertise"],"picked":"Well Laid Plans","floor":8},{"not_picked":["Prepared","Flying Knee","Slice"],"picked":"SKIP","floor":10},{"not_picked":["Venomology","Burst"],"picked":"Malaise","floor":16},{"not_picked":["Acrobatics","Dagger Spray"],"picked":"Leg Sweep","floor":18},{"not_picked":["Dagger Throw","Flechettes+1","Deadly Poison"],"picked":"SKIP","floor":21},{"not_picked":["Venomology","Deadly Poison"],"picked":"Backflip","floor":24},{"not_picked":["Masterful Stab","Concentrate"],"picked":"Acrobatics","floor":27},{"not_picked":["Eviscerate","Backflip","Deadly Poison"],"picked":"SKIP","floor":28},{"not_picked":["Quick Slash","Flying Knee","Dodge and Roll"],"picked":"SKIP","floor":29},{"not_picked":["Acrobatics","Sucker Punch","Hidden Blade+1"],"picked":"SKIP","floor":35},{"not_picked":["Dodge and Roll","Backflip","Deadly Poison"],"picked":"SKIP","floor":36},{"not_picked":["Blade Dance","Slice+1","Backstab+1"],"picked":"SKIP","floor":38},{"not_picked":["Eviscerate+1","Acrobatics","Draining Mist"],"picked":"SKIP","floor":39},{"not_picked":["Deflect","Dagger Throw"],"picked":"Concentrate+1","floor":41},{"not_picked":["Die Die Die","Escape Plan","ReplayTheSpireMod:Speed Training"],"picked":"SKIP","floor":44},{"not_picked":["Noxious Fumes","Sucker Punch+1","Dagger Throw"],"picked":"SKIP","floor":45},{"not_picked":["Crippling Poison","Deflect"],"picked":"Calculated Gamble+1","floor":47},{"not_picked":["Crippling Poison","Dagger Spray","Bane"],"picked":"SKIP","floor":55}],"player_experience":2097508,"relics_obtained":[{"floor":7,"key":"Dota2Spire:OctarineCore"},{"floor":9,"key":"Pondfish Scales"},{"floor":10,"key":"Replay:Multitool"},{"floor":13,"key":"Dota2Spire:BattleFury"},{"floor":24,"key":"ReplayTheSpireMod:Ninjato"},{"floor":26,"key":"Toy Ornithopter"},{"floor":29,"key":"Shuriken"},{"floor":32,"key":"Darkstone Periapt"},{"floor":41,"key":"Replay:Accelerometer"},{"floor":45,"key":"ReplayTheSpireMod:TigerMarble"},{"floor":47,"key":"Torii"},{"floor":55,"key":"Replay:Bandana"}],"event_choices":[{"damage_healed":0,"gold_gain":0,"player_choice":"Lose Max HP","damage_taken":0,"relics_obtained":["Golden Idol"],"max_hp_gain":0,"max_hp_loss":6,"event_name":"Golden Idol","floor":2,"gold_loss":0},{"cards_removed":["Strike_G"],"damage_healed":0,"gold_gain":0,"player_choice":"Card Removal","damage_taken":7,"max_hp_gain":0,"max_hp_loss":0,"event_name":"Golden Wing","floor":4,"gold_loss":0},{"damage_healed":15,"gold_gain":0,"player_choice":"Healed","damage_taken":0,"max_hp_gain":0,"max_hp_loss":0,"event_name":"The Cleric","floor":12,"gold_loss":35},{"cards_removed":["Strike_G"],"damage_healed":0,"gold_gain":0,"player_choice":"Elegance","damage_taken":0,"max_hp_gain":0,"max_hp_loss":0,"event_name":"Back to Basics","floor":19,"gold_loss":0},{"damage_healed":0,"gold_gain":0,"player_choice":"Gave Idol","damage_taken":0,"relics_obtained":["Bloody Idol"],"max_hp_gain":0,"max_hp_loss":0,"event_name":"Forgotten Altar","floor":22,"relics_lost":["Golden Idol"],"gold_loss":0},{"damage_healed":0,"gold_gain":0,"cards_transformed":["Strike_G","Defend_G"],"player_choice":"Became Test Subject","damage_taken":0,"max_hp_gain":0,"max_hp_loss":0,"event_name":"Drug Dealer","floor":30,"gold_loss":0,"cards_obtained":["Tactician","Poison Darts"]},{"damage_healed":0,"gold_gain":0,"player_choice":"Fight","damage_taken":0,"max_hp_gain":0,"max_hp_loss":0,"event_name":"MindBloom","floor":47,"gold_loss":0}],"is_beta":false,"boss_relics":[{"not_picked":["Coffee Dripper","Tiny House"],"picked":"Astrolabe"},{"not_picked":["Velvet Choker","Busted Crown"],"picked":"Replay:Grab Bag"},{"not_picked":["Cursed Key","Replay:Bronze Core"],"picked":"Fusion Hammer"},{"not_picked":["Painkiller Herb","Sozu"],"picked":"Runic Dome"},{"not_picked":["Snecko Scales","Pandora\u0027s Box"],"picked":"Replay:Drink Me"},{"not_picked":["Empty Cage","Snecko Heart"],"picked":"Runic Pyramid"}],"items_purged_floors":[37,48],"is_endless":false,"potions_floor_spawned":[5,16,18,21,27,35,44,45],"ascension_level":20}}