{"host":"iml8x8es9od4zowg","time":1608638165,"event":{"mods":["BaseMod","Minty Spire (QoL Compilation)","StSLib","The Jungle","¡¼?Úª?ø«¡½REMEMod"],"gold_per_floor":[113,188,208,208,223,223,223,148,175,187,216,216,241,257,257,360,360,371,371,371,371,391,425,450,496,508,554,583,611,623,646,658,670,670],"floor_reached":33,"playtime":1952,"items_purged":["Normality"],"score":457,"play_id":"cdf4cb8b-fe94-4133-93a5-03b15293f714","local_time":"20201222205605","is_ascension_mode":true,"campfire_choices":[{"floor":6,"key":"REST"},{"data":"Apotheosis","floor":12,"key":"SMITH"},{"floor":15,"key":"REST"},{"floor":32,"key":"RECALL"}],"circlet_count":0,"master_deck":["Strike_G","Strike_G","Strike_G","Strike_G","Defend_G","Defend_G","Defend_G","Defend_G","Defend_G","Survivor","Neutralize","Apotheosis+1","Catalyst","Backstab+1","Deadly Poison","Flechettes","Deadly Poison","Poisoned Stab","Die Die Die","Bouncing Flask+1","REME_PuzzleBox","Master of Strategy","Bouncing Flask","Blur","Escape Plan+1","Good Instincts","Enlightenment"],"relics":["Ring of the Snake","REME_ComplimentaryCards","Omamori","Bottled Lightning","PreservedInsect","Bronze Scales","Lantern","REME_LowDesire","Bag of Marbles","Boot","theJungle:SneckoAutograph","WingedGreaves","MawBank","Potion Belt","Meat on the Bone","REME_PuzzleBoxRelic"],"acts_visited":["Exordium","Exordium"],"potions_floor_usage":[11,28,33],"damage_taken":[{"damage":0,"enemies":"Jaw Worm","floor":1,"turns":4},{"damage":0,"enemies":"Small Slimes","floor":3,"turns":7},{"damage":1,"enemies":"Cultist","floor":5,"turns":5},{"damage":0,"enemies":"3 Louse","floor":10,"turns":4},{"damage":5,"enemies":"Lagavulin","floor":11,"turns":5},{"damage":4,"enemies":"Gremlin Nob","floor":13,"turns":3},{"damage":4,"enemies":"Gremlin Gang","floor":14,"turns":3},{"damage":21,"enemies":"Slime Boss","floor":16,"turns":10},{"damage":4,"enemies":"Shell Parasite","floor":18,"turns":2},{"damage":4,"enemies":"theJungle:5_Spyders","floor":22,"turns":5},{"damage":0,"enemies":"theJungle:Cassacara","floor":23,"turns":1},{"damage":0,"enemies":"theJungle:MamaSnecko","floor":24,"turns":3},{"damage":3,"enemies":"theJungle:2_Phrogs","floor":25,"turns":4},{"damage":0,"enemies":"theJungle:Cassacara","floor":27,"turns":2},{"damage":15,"enemies":"Snake Plant","floor":28,"turns":4},{"damage":10,"enemies":"theJungle:JungleHuntersEncounter","floor":29,"turns":5},{"damage":4,"enemies":"theJungle:2_Flameangoes","floor":31,"turns":5},{"damage":51,"enemies":"theJungle:TotemBoss","floor":33,"turns":2}],"seed_played":"6437244215469926942","potions_obtained":[{"floor":1,"key":"SteroidPotion"},{"floor":11,"key":"Dexterity Potion"},{"floor":13,"key":"Ancient Potion"},{"floor":16,"key":"Poison Potion"},{"floor":22,"key":"ColorlessPotion"},{"floor":25,"key":"EntropicBrew"},{"floor":31,"key":"PowerPotion"}],"is_trial":false,"path_per_floor":["M","?","M","?","M","R","T","$","T","M","E","R","E","M","R","B",null,"M","?","?","?","M","E","E","E","T","E","M","M","?","M","R","B"],"character_chosen":"THE_SILENT","items_purchased":[],"campfire_rested":2,"item_purchase_floors":[],"current_hp_per_floor":[70,59,59,34,33,54,54,54,54,54,49,49,45,41,62,41,70,66,66,56,56,52,52,52,49,49,49,46,36,36,44,44,0,0],"gold":670,"neow_bonus":"RANDOM_COLORLESS_2","is_daily":false,"chose_seed":false,"campfire_upgraded":1,"win_rate":0.0,"timestamp":1608638165,"path_taken":["M","?","M","?","M","R","?","$","T","M","E","R","E","M","R","BOSS","M","?","?","?","M","E","E","E","T","E","?","M","?","?","R","BOSS"],"items_purchased_type":[],"build_version":"2020-12-13","purchased_purges":1,"victory":false,"max_hp_per_floor":[70,70,70,70,70,70,70,70,70,70,70,70,70,70,70,70,70,70,70,70,70,70,70,70,70,70,70,70,70,70,70,70,70,70],"card_choices":[{"not_picked":["Panache","Transmutation"],"picked":"Apotheosis","floor":0},{"not_picked":["Dagger Throw","Sucker Punch","Dodge and Roll"],"picked":"SKIP","floor":1},{"not_picked":["Eviscerate","Dagger Spray"],"picked":"Catalyst","floor":3},{"not_picked":["Masterful Stab","Dodge and Roll"],"picked":"Backstab","floor":5},{"not_picked":["Underhanded Strike","Slice"],"picked":"Deadly Poison","floor":10},{"not_picked":["Finisher","Cloak And Dagger"],"picked":"Flechettes","floor":11},{"not_picked":["Tactician","Blade Dance"],"picked":"Deadly Poison","floor":13},{"not_picked":["PiercingWail","Dodge and Roll"],"picked":"Poisoned Stab","floor":14},{"not_picked":["Phantasmal Killer","Bullet Time"],"picked":"Die Die Die","floor":16},{"not_picked":["Underhanded Strike+1","Predator+1","Jack Of All Trades+1"],"picked":"Bouncing Flask+1","floor":18},{"not_picked":["Dagger Spray+1","Acrobatics","Bouncing Flask"],"picked":"REME_PuzzleBox","floor":22},{"not_picked":["Blade Dance+1","Slice","Infinite Blades"],"picked":"Master of Strategy","floor":23},{"not_picked":["REME_GreenPollution+1","Dodge and Roll","REME_PuzzleBox"],"picked":"Bouncing Flask","floor":24},{"not_picked":["Prepared+1","Well Laid Plans+1","Bouncing Flask","Magnetism"],"picked":"SKIP","floor":25},{"not_picked":["Quick Slash","Setup+1","Deep Breath"],"picked":"Blur","floor":27},{"not_picked":["Flying Knee","Prepared+1","HandOfGreed"],"picked":"Escape Plan+1","floor":28},{"not_picked":["Well Laid Plans","Prepared","Deflect"],"picked":"Good Instincts","floor":29},{"not_picked":["Bane","Prepared","Sucker Punch"],"picked":"Enlightenment","floor":31}],"player_experience":463861,"relics_obtained":[{"floor":7,"key":"Bottled Lightning"},{"floor":9,"key":"PreservedInsect"},{"floor":11,"key":"Bronze Scales"},{"floor":13,"key":"Lantern"},{"floor":17,"key":"Bag of Marbles"},{"floor":17,"key":"Boot"},{"floor":23,"key":"WingedGreaves"},{"floor":24,"key":"MawBank"},{"floor":25,"key":"Potion Belt"},{"floor":26,"key":"Meat on the Bone"},{"floor":27,"key":"REME_PuzzleBoxRelic"}],"event_choices":[{"damage_healed":0,"gold_gain":75,"player_choice":"Gather Gold","damage_taken":11,"max_hp_gain":0,"max_hp_loss":0,"event_name":"World of Goop","floor":2,"gold_loss":0},{"damage_healed":0,"gold_gain":0,"player_choice":"Success","damage_taken":25,"relics_obtained":["Omamori"],"max_hp_gain":0,"max_hp_loss":0,"event_name":"Scrap Ooze","floor":4,"gold_loss":0},{"damage_healed":0,"gold_gain":0,"player_choice":"Forge","damage_taken":0,"max_hp_gain":0,"max_hp_loss":0,"event_name":"Accursed Blacksmith","floor":21,"gold_loss":0,"cards_upgraded":["Backstab"]},{"cards_removed":["Strike_G"],"damage_healed":0,"gold_gain":0,"player_choice":"Purged","damage_taken":0,"max_hp_gain":0,"max_hp_loss":0,"event_name":"Purifier","floor":30,"gold_loss":0}],"is_beta":false,"boss_relics":[{"not_picked":["Tiny House","REME_DuelDisc"],"picked":"REME_LowDesire"}],"items_purged_floors":[8],"is_endless":false,"potions_floor_spawned":[1,11,13,16,22,24,25,31],"killed_by":"theJungle:TotemBoss","ascension_level":1}}