{"host":"cccop0r9ue4xv1s4","time":1608646787,"event":{"mods":["AchievementEnabler","BaseMod","Downfall","HololiveMod","Marisa¡]Ãú«B¡@Å]²z¨F¡^","Minty Spire (QoL Compilation)","Quick Restart","Shop Mod","StSLib","SuperFastMode","The Bug Knight","The Cursed","The Servant 0.9.4"],"gold_per_floor":[10,10,10,10,28,28,39,70,96,96,96,96,110,146,146,267,330,354,453,478,478,501,501,519,519,519,519,150,150,81,97,97,226,226,246,612,635,635,635,668,689,689,689,28,51,70,89,102,102,102,102],"floor_reached":50,"playtime":1824,"items_purged":["Hololive_Strike"],"score":741,"play_id":"a89ee45b-1106-46da-ae38-4f042cf413ef","local_time":"20201222221947","is_ascension_mode":true,"campfire_choices":[{"data":"Hololive_LuckPotion","floor":6.0,"key":"SMITH"},{"data":"Hololive_Breathe","floor":10.0,"key":"SMITH"},{"data":"Hololive_MaximGun","floor":12.0,"key":"SMITH"},{"data":"Hololive_Trident","floor":15,"key":"SMITH"},{"data":"Hololive_Breathe","floor":23,"key":"SMITH"},{"data":"Hololive_LuckPotion","floor":25,"key":"SMITH"},{"data":"Hololive_FlyingPonyTail","floor":27,"key":"SMITH"},{"data":"Hololive_Defend","floor":29,"key":"SMITH"},{"data":"Hololive_ILoveYou","floor":32,"key":"SMITH"},{"data":"Hololive_Breathe","floor":42,"key":"SMITH"},{"data":"Hololive_StarCraft","floor":49,"key":"SMITH"}],"circlet_count":0,"master_deck":["Hololive_Defend","Hololive_Defend","Hololive_Defend+1","Hololive_Defend+1","Hololive_LuckPotion+1","Hololive_Trident+1","Hololive_Breathe+1","Hololive_Breathe+1","Hololive_FlyingPonyTail+1","Hololive_Breathe+1","Hololive_LuckPotion+1","Hololive_ILoveYou+1","Hololive_StarCraft+1","Hololive_FlyingPonyTail+1","Secret Technique","Hololive_StrengthChampion","Hololive_Breathe+1","Hololive_StrengthChampion"],"relics":["Hololive_TheStar","Hololive_Peko","Orichalcum","Potion Belt","Golden Idol","Anchor","Tiny House","Kunai","Happy Flower","Toolbox","Runic Pyramid","Old Coin","The Courier","Darkstone Periapt","Strange Spoon","Thread and Needle","Vajra","Nunchaku","PreservedInsect"],"acts_visited":["Exordium","TheCity","TheBeyond"],"potions_floor_usage":[14,33,36,48,50,50],"damage_taken":[{"damage":0.0,"enemies":"2 Louse","floor":1.0,"turns":2.0},{"damage":0.0,"enemies":"Small Slimes","floor":5.0,"turns":2.0},{"damage":0.0,"enemies":"Jaw Worm","floor":7.0,"turns":2.0},{"damage":0.0,"enemies":"3 Sentries","floor":8.0,"turns":6.0},{"damage":0.0,"enemies":"Large Slime","floor":13.0,"turns":4.0},{"damage":2,"enemies":"Gremlin Nob","floor":14,"turns":3},{"damage":0,"enemies":"Slime Boss","floor":16,"turns":5},{"damage":0,"enemies":"Chosen","floor":18,"turns":2},{"damage":0,"enemies":"Spheric Guardian","floor":20,"turns":1},{"damage":0,"enemies":"Centurion and Healer","floor":22,"turns":5},{"damage":0,"enemies":"Snake Plant","floor":24,"turns":2},{"damage":0,"enemies":"Cultist and Chosen","floor":31,"turns":3},{"damage":11,"enemies":"Collector","floor":33,"turns":5},{"damage":0,"enemies":"Orb Walker","floor":35,"turns":3},{"damage":0,"enemies":"2 Orb Walkers","floor":36,"turns":5},{"damage":0,"enemies":"3 Shapes","floor":37,"turns":2},{"damage":0,"enemies":"Nemesis","floor":40,"turns":5},{"damage":0,"enemies":"Writhing Mass","floor":41,"turns":3},{"damage":0,"enemies":"Sphere and 2 Shapes","floor":46,"turns":2},{"damage":0,"enemies":"Transient","floor":47,"turns":5},{"damage":0,"enemies":"Spire Growth","floor":48,"turns":3},{"damage":89,"enemies":"Time Eater","floor":50,"turns":9}],"seed_played":"3614478644180228654","potions_obtained":[{"floor":1.0,"key":"Dexterity Potion"},{"floor":7.0,"key":"FairyPotion"},{"floor":13.0,"key":"SpeedPotion"},{"floor":17,"key":"Ancient Potion"},{"floor":20,"key":"Fire Potion"},{"floor":22,"key":"hexamod:EctoCoolerPotion"},{"floor":36,"key":"champ:CounterPotion"},{"floor":46,"key":"champ:CounterPotion"},{"floor":48,"key":"FearPotion"}],"is_trial":false,"path_per_floor":["M","?","$","?","M","R","M","E","T","R","?","R","M","E","R","B",null,"M","?","M","?","M","R","M","R","T","R","$","R","$","M","R","B",null,"M","?","M","?","?","E","M","R","T","$","T","M","M","M","R","B"],"character_chosen":"Hololive_HololiveCharacter","items_purchased":["Happy Flower","Toolbox","Hololive_ILoveYou","Strange Spoon","Thread and Needle","Vajra","Nunchaku","FairyPotion"],"campfire_rested":0,"item_purchase_floors":[28,28,30,44,44,44,44,44],"current_hp_per_floor":[35,35,35,28,28,28,28,28,28,28,28,28,28,26,26,26,38,38,38,38,38,38,38,38,38,38,38,38,38,38,38,38,27,38,38,38,38,38,38,38,38,38,38,38,38,38,38,38,38,0,0],"gold":102,"neow_bonus":"REMOVE_TWO","is_daily":false,"chose_seed":false,"campfire_upgraded":11,"win_rate":0.0,"timestamp":1608646787,"path_taken":["M","?","$","?","M","R","M","E","T","R","?","R","M","E","R","BOSS","M","?","M","?","M","R","M","R","T","R","?","R","$","M","R","BOSS","M","?","M","?","?","E","?","R","T","$","?","M","M","M","R","BOSS"],"items_purchased_type":["Relic","Relic","Card","Relic","Relic","Relic","Relic","Potion"],"build_version":"2020-12-13","purchased_purges":1,"victory":false,"max_hp_per_floor":[35,35,35,35,35,35,35,35,35,35,33,33,33,33,33,33,38,38,38,38,38,38,38,38,38,38,38,38,38,38,38,38,38,38,38,38,38,38,38,38,38,38,38,38,38,38,38,38,38,38,38],"card_choices":[{"not_picked":["Hololive_CallShiranuiFlare","Hololive_CallMurasakiShion","Hololive_OvertimeWork"],"picked":"Hololive_Breathe","floor":1.0},{"not_picked":["Hololive_CallMurasakiShion","Hololive_CallNekomataOkayu","Hololive_CallNatsuiroMatsuri","Hololive_RevenueBasedLive"],"picked":"SKIP","floor":5.0},{"not_picked":["Hololive_CallDoris","Hololive_HuntDinosaur","Hololive_Spy"],"picked":"Hololive_Breathe","floor":7.0},{"not_picked":["Hololive_RevenueBasedLive","Hololive_CallMinatoAqua","Hololive_Sequa"],"picked":"Hololive_MaximGun","floor":8.0},{"not_picked":["Hololive_Drill","Hololive_RevenueBasedLive","Hololive_CocoNews","Hololive_Psychosis"],"picked":"SKIP","floor":13.0},{"not_picked":["Hololive_AWSL","Hololive_CocoNews","Hololive_DevilCharm","Hololive_LuckPotion"],"picked":"SKIP","floor":14},{"not_picked":["Hololive_SummonFox+1","Hololive_Drill","Hololive_Rebound"],"picked":"Hololive_FlyingPonyTail","floor":18},{"not_picked":["Hololive_CallRosalyn+1","Hololive_CallMurasakiShion","Hololive_CocoNews"],"picked":"Hololive_Breathe","floor":20},{"not_picked":["Hololive_Psychosis","Hololive_CallHoushouMarine+1","Hololive_Sequa"],"picked":"Hololive_LuckPotion","floor":22},{"not_picked":["Hololive_HuntDinosaur+1","Hololive_Drill","Hololive_CocoNews","Hololive_LuckPotion"],"picked":"SKIP","floor":24},{"not_picked":["Hololive_Drill","Hololive_CallOkamiMio","Hololive_Psychosis","Hololive_Sequa"],"picked":"SKIP","floor":31},{"not_picked":["Hololive_OpenUp","Hololive_DurableLive","Hololive_HighAtkLowDef"],"picked":"Hololive_StarCraft","floor":33},{"not_picked":["Hololive_LuckPotion","Hololive_CallDoris","Hololive_CocoNews","Hololive_Drill"],"picked":"SKIP","floor":35},{"not_picked":["Hololive_Sequa+1","Hololive_CallManoAloe","Hololive_CallOkamiMio+1"],"picked":"Hololive_FlyingPonyTail+1","floor":36},{"not_picked":["Hololive_Sequa+1","Hololive_CallShishiroBotan+1","Hololive_RevenueBasedLive+1","Hololive_Rebound+1"],"picked":"SKIP","floor":37},{"not_picked":["expansioncontent:Chronoboost","expansioncontent:SuperHexaguard","Chrysalis"],"picked":"Secret Technique","floor":38},{"not_picked":["Hololive_ILoveYou","Hololive_HuntDinosaur+1","Hololive_CallShirakamiFubuki+1"],"picked":"Hololive_StrengthChampion","floor":40},{"not_picked":["Hololive_HuntDinosaur+1","Hololive_CallYukihanaLamy+1","Hololive_Trident"],"picked":"Hololive_Breathe","floor":41},{"not_picked":["Hololive_Yoholoon+1","Hololive_CallTokinoSora","Hololive_CandyCastle+1"],"picked":"Hololive_StrengthChampion","floor":46},{"not_picked":["Hololive_CallNatsuiroMatsuri+1","Hololive_Rebound+1","Hololive_HuntDinosaur+1","Hololive_Sequa+1"],"picked":"SKIP","floor":47},{"not_picked":["Hololive_OvertimeWork+1","Hololive_SoulCatcher","Hololive_Drill+1","Hololive_CallYukihanaLamy+1"],"picked":"SKIP","floor":48}],"player_experience":310467,"relics_obtained":[{"floor":8.0,"key":"Orichalcum"},{"floor":9.0,"key":"Potion Belt"},{"floor":14,"key":"Anchor"},{"floor":26,"key":"Kunai"},{"floor":36,"key":"Old Coin"},{"floor":40,"key":"The Courier"},{"floor":43,"key":"Darkstone Periapt"},{"floor":45,"key":"PreservedInsect"}],"event_choices":[{"damage_healed":0.0,"max_hp_gain":0.0,"max_hp_loss":0.0,"gold_gain":0.0,"event_name":"Living Wall","player_choice":"Grow","floor":2.0,"gold_loss":0.0,"damage_taken":0.0,"cards_upgraded":["Hololive_Breathe"]},{"cards_removed":["Hololive_Strike"],"damage_healed":0.0,"max_hp_gain":0.0,"max_hp_loss":0.0,"gold_gain":0.0,"event_name":"Golden Wing","player_choice":"Card Removal","floor":4.0,"gold_loss":0.0,"damage_taken":7.0},{"damage_healed":0.0,"max_hp_gain":0.0,"max_hp_loss":2.0,"gold_gain":0.0,"event_name":"Golden Idol","player_choice":"Lose Max HP","floor":11.0,"gold_loss":0.0,"damage_taken":0.0,"relics_obtained":["Golden Idol"]},{"damage_healed":0,"gold_gain":99,"player_choice":"Stole From Cult","damage_taken":0,"max_hp_gain":0,"max_hp_loss":0,"event_name":"Nest","floor":19,"gold_loss":0},{"damage_healed":0,"gold_gain":0,"player_choice":"Ignored","damage_taken":0,"max_hp_gain":0,"max_hp_loss":0,"event_name":"Ghosts","floor":21,"gold_loss":0},{"damage_healed":0,"gold_gain":0,"player_choice":"Fight","damage_taken":0,"max_hp_gain":0,"max_hp_loss":0,"event_name":"Mysterious Sphere","floor":36,"gold_loss":0},{"damage_healed":0,"gold_gain":0,"player_choice":"Memory 1","damage_taken":0,"max_hp_gain":0,"max_hp_loss":0,"event_name":"SensoryStone","floor":38,"gold_loss":0},{"cards_removed":["Hololive_MaximGun"],"damage_healed":0,"gold_gain":0,"player_choice":"Purged","damage_taken":0,"max_hp_gain":0,"max_hp_loss":0,"event_name":"Purifier","floor":39,"gold_loss":0}],"is_beta":false,"boss_relics":[{"not_picked":["Hololive_Finger","SacredBark"],"picked":"Tiny House"},{"not_picked":["Astrolabe","Cursed Key"],"picked":"Runic Pyramid"}],"items_purged_floors":[28],"is_endless":false,"potions_floor_spawned":[1,7,13,20,22,36,46,47,48],"killed_by":"Time Eater","ascension_level":2}}