{"host":"n23juj4d9qam5hh1","time":1608598698,"event":{"mods":["BaseMod","Better Note","BetterRewards","Infinite Spire","Minty Spire (QoL Compilation)","Relic Stats","StSLib"],"gold_per_floor":[114,189,202,120,120,120,120,120,120,135,135,135,36,52,52,149,149,164,182,195,195,195,195,51,51,51,82,82,97,97,108,108,108,108],"floor_reached":33,"playtime":1255,"items_purged":[],"score":278,"play_id":"1f851751-a842-4f9b-9e60-ed1414aa6c10","local_time":"20201221195818","is_ascension_mode":true,"campfire_choices":[{"floor":6.0,"key":"REST"},{"data":"Power Through","floor":8.0,"key":"SMITH"},{"data":"Whirlwind","floor":12.0,"key":"SMITH"},{"data":"Fire Breathing","floor":15.0,"key":"SMITH"},{"data":"infinitespire:Oblivion","floor":23.0,"key":"SMITH"},{"data":"Limit Break","floor":25.0,"key":"SMITH"},{"floor":30.0,"key":"REST"},{"data":"Uppercut","floor":32.0,"key":"SMITH"}],"circlet_count":0,"master_deck":["Bash+1","Shrug It Off","Power Through+1","Whirlwind+1","Fire Breathing+1","Twin Strike","Shrug It Off","Limit Break+1","Uppercut+1","Body Slam","Battle Trance","Perfected Strike","Pummel","Exhume","Armaments","Iron Wave","Second Wind","Feel No Pain+1","Shockwave","infinitespire:Oblivion+1","Feed","Limit Break+1","True Grit+1","infinitespire:OneForAll+1"],"relics":["Burning Blood","infinitespire:PuzzleCube","Mercury Hourglass","Question Card","Pandora\u0027s Box","Sling","Anchor","Singing Bowl"],"acts_visited":["Exordium","TheCity"],"potions_floor_usage":[33,33],"damage_taken":[{"damage":1.0,"enemies":"Cultist","floor":1.0,"turns":3.0},{"damage":8.0,"enemies":"Jaw Worm","floor":3.0,"turns":4.0},{"damage":1.0,"enemies":"2 Louse","floor":10.0,"turns":2.0},{"damage":13.0,"enemies":"Blue Slaver","floor":14.0,"turns":3.0},{"damage":30.0,"enemies":"The Guardian","floor":16.0,"turns":15.0},{"damage":3.0,"enemies":"2 Thieves","floor":18.0,"turns":4.0},{"damage":9.0,"enemies":"Chosen","floor":19.0,"turns":5.0},{"damage":44.0,"enemies":"Shelled Parasite and Fungi","floor":20.0,"turns":8.0},{"damage":21.0,"enemies":"Gremlin Leader","floor":27.0,"turns":4.0},{"damage":11.0,"enemies":"Cultist and Chosen","floor":29.0,"turns":5.0},{"damage":12.0,"enemies":"3 Cultists","floor":31.0,"turns":4.0},{"damage":65,"enemies":"Collector","floor":33,"turns":6}],"seed_played":"-7885305085180403854","potions_obtained":[{"floor":10.0,"key":"Ancient Potion"},{"floor":14.0,"key":"LiquidBronze"},{"floor":20.0,"key":"SkillPotion"},{"floor":31.0,"key":"FearPotion"}],"is_trial":false,"path_per_floor":["M","?","M","$","?","R","?","R","T","M","$","R","$","M","R","B",null,"M","M","M","?","AVR","R","$","R","T","E","?","M","R","M","R","B"],"character_chosen":"IRONCLAD","items_purchased":["Power Through","Fire Breathing","Twin Strike","Sling"],"campfire_rested":2,"item_purchase_floors":[4,13,13,24],"current_hp_per_floor":[80,69,67,67,51,75,63,63,63,68,68,68,68,61,61,37,80,80,77,39,65,65,65,65,65,65,50,50,45,69,63,63,0,0],"gold":108,"neow_bonus":"RANDOM_COMMON_RELIC","is_daily":false,"chose_seed":false,"campfire_upgraded":6,"win_rate":0.0,"timestamp":1608598698,"path_taken":["M","?","M","$","?","R","?","R","T","M","?","R","$","M","R","BOSS","M","M","M","?","AVR","R","$","R","T","E","?","M","R","M","R","BOSS"],"items_purchased_type":["Card","Card","Card","Relic"],"build_version":"2020-12-13","purchased_purges":0,"victory":false,"max_hp_per_floor":[80,80,80,80,80,80,80,80,80,80,80,80,80,80,80,80,80,80,80,80,80,80,80,80,80,80,80,80,80,80,80,80,80,80],"relic_stats":{"Singing Bowl":0,"counters":[12,62],"Pandora\u0027s Box":["Uppercut","Body Slam","Battle Trance","Perfected Strike","Pummel","Exhume","Armaments","Iron Wave","Second Wind"],"Question Card":10,"obtain_stats":[{"Anchor":26,"Singing Bowl":27,"Pandora\u0027s Box":17,"Question Card":9,"Sling":24,"Burning Blood":0,"infinitespire:PuzzleCube":0,"Mercury Hourglass":7},{"Anchor":8,"Singing Bowl":9,"Pandora\u0027s Box":5,"Question Card":2,"Sling":8,"Burning Blood":0,"infinitespire:PuzzleCube":0,"Mercury Hourglass":2},{"Anchor":43,"Singing Bowl":47,"Pandora\u0027s Box":26,"Question Card":7,"Sling":43,"Burning Blood":0,"infinitespire:PuzzleCube":0,"Mercury Hourglass":7}],"Burning Blood":58,"Mercury Hourglass":[198]},"card_choices":[{"not_picked":["Clash","Thunderclap","Armaments"],"picked":"SKIP","floor":1.0},{"not_picked":["Pommel Strike","True Grit"],"picked":"Shrug It Off","floor":3.0},{"not_picked":["Sword Boomerang","Shrug It Off","Pommel Strike"],"picked":"Whirlwind","floor":10.0},{"not_picked":["Wild Strike","Sword Boomerang","Cleave"],"picked":"Shrug It Off","floor":14.0},{"not_picked":["Immolate","Impervious","Reaper"],"picked":"Limit Break","floor":16.0},{"not_picked":["Intimidate+1","Wild Strike","True Grit"],"picked":"Feel No Pain+1","floor":18.0},{"not_picked":["Flex","Blood for Blood","Thunderclap+1"],"picked":"Shockwave","floor":19.0},{"not_picked":["Havoc+1","True Grit","Battle Trance","Warcry"],"picked":"SKIP","floor":20.0},{"not_picked":["Second Wind+1","Perfected Strike","Anger"],"picked":"Feed","floor":27.0},{"not_picked":["Shrug It Off","Burning Pact","Disarm"],"picked":"True Grit+1","floor":29.0},{"not_picked":["Havoc+1","True Grit","Evolve"],"picked":"infinitespire:OneForAll+1","floor":31.0}],"player_experience":184851,"relics_obtained":[{"floor":9.0,"key":"Question Card"},{"floor":26.0,"key":"Anchor"},{"floor":27.0,"key":"Singing Bowl"}],"event_choices":[{"damage_healed":0.0,"max_hp_gain":0.0,"max_hp_loss":0.0,"gold_gain":75.0,"event_name":"World of Goop","player_choice":"Gather Gold","floor":2.0,"gold_loss":0.0,"damage_taken":11.0},{"damage_healed":0.0,"max_hp_gain":0.0,"max_hp_loss":0.0,"gold_gain":0.0,"event_name":"Shining Light","player_choice":"Entered Light","floor":5.0,"gold_loss":0.0,"damage_taken":16.0,"cards_upgraded":["Strike_R","Bash"]},{"damage_healed":0.0,"max_hp_gain":0.0,"max_hp_loss":0.0,"gold_gain":0.0,"event_name":"Scrap Ooze","player_choice":"Success","floor":7.0,"gold_loss":0.0,"damage_taken":12.0,"relics_obtained":["Mercury Hourglass"]},{"damage_healed":26.0,"max_hp_gain":0.0,"max_hp_loss":0.0,"gold_gain":0.0,"event_name":"The Library","player_choice":"Heal","floor":21.0,"gold_loss":0.0,"damage_taken":0.0},{"damage_healed":0.0,"max_hp_gain":0.0,"max_hp_loss":0.0,"gold_gain":0.0,"event_name":"Duplicator","player_choice":"Copied","floor":28.0,"gold_loss":0.0,"damage_taken":0.0,"cards_obtained":["Limit Break"]}],"is_beta":false,"boss_relics":[{"not_picked":["Black Blood","Coffee Dripper"],"picked":"Pandora\u0027s Box"}],"items_purged_floors":[],"is_endless":false,"potions_floor_spawned":[10,14,20,31],"killed_by":"Collector","ascension_level":2}}