{"host":"7pe9xwx78c6nlay8","time":1608627486,"event":{"mods":["BaseMod","Minty Spire (QoL Compilation)"],"gold_per_floor":[113,123,141,141,151,186,203,203,203,213,232,232,259,273,273,273,273],"floor_reached":16,"playtime":709,"items_purged":[],"score":211,"play_id":"38982798-7ee3-463b-8ace-d7637880664e","local_time":"20201222165806","is_ascension_mode":true,"campfire_choices":[{"floor":8,"key":"REST"},{"floor":15,"key":"REST"}],"circlet_count":0,"master_deck":["AscendersBane","Strike_P","Strike_P+1","Strike_P","Defend_P","Defend_P","Defend_P","Defend_P","Eruption","Vigilance+1","Weave","Nirvana","CutThroughFate","LessonLearned+1","CutThroughFate","MentalFortress","JustLucky","Nirvana"],"relics":["PureWater","Bronze Scales","Mummified Hand","MealTicket"],"acts_visited":["Exordium"],"potions_floor_usage":[7,11,13,16,16],"damage_taken":[{"damage":0.0,"enemies":"2 Louse","floor":1.0,"turns":3.0},{"damage":1.0,"enemies":"Small Slimes","floor":2.0,"turns":4.0},{"damage":1.0,"enemies":"Cultist","floor":3.0,"turns":3.0},{"damage":9.0,"enemies":"Blue Slaver","floor":5.0,"turns":5.0},{"damage":39.0,"enemies":"3 Sentries","floor":6.0,"turns":11.0},{"damage":0,"enemies":"Large Slime","floor":7,"turns":2},{"damage":7,"enemies":"Gremlin Gang","floor":10,"turns":5},{"damage":8,"enemies":"Exordium Thugs","floor":11,"turns":6},{"damage":13,"enemies":"Gremlin Nob","floor":13,"turns":4},{"damage":0,"enemies":"2 Fungi Beasts","floor":14,"turns":3},{"damage":42,"enemies":"Hexaghost","floor":16,"turns":9}],"seed_played":"-6636462377719571277","potions_obtained":[{"floor":1.0,"key":"GamblersBrew"},{"floor":3.0,"key":"FearPotion"},{"floor":6.0,"key":"Dexterity Potion"},{"floor":10,"key":"SkillPotion"},{"floor":11,"key":"Weak Potion"},{"floor":14,"key":"Weak Potion"}],"is_trial":false,"path_per_floor":["M","M","M","?","M","E","M","R","T","M","M","?","E","M","R","B"],"character_chosen":"WATCHER","items_purchased":[],"campfire_rested":2,"item_purchase_floors":[],"current_hp_per_floor":[61,60,59,64,55,16,16,43,43,36,28,28,15,15,42,0,0],"gold":273,"neow_bonus":"TWENTY_PERCENT_HP_BONUS","is_daily":false,"chose_seed":false,"campfire_upgraded":0,"win_rate":0.0,"timestamp":1608627486,"path_taken":["M","M","M","?","M","E","M","R","T","M","M","?","E","M","R","BOSS"],"items_purchased_type":[],"build_version":"2020-12-13","purchased_purges":0,"victory":false,"max_hp_per_floor":[86,86,86,91,91,91,91,91,91,91,91,91,91,91,91,91,91],"card_choices":[{"not_picked":["Study","SashWhip","CrushJoints"],"picked":"SKIP","floor":1.0},{"not_picked":["Worship","WreathOfFlame"],"picked":"Weave","floor":2.0},{"not_picked":["ThirdEye","MentalFortress"],"picked":"Nirvana","floor":3.0},{"not_picked":["ReachHeaven","BowlingBash"],"picked":"CutThroughFate","floor":5.0},{"not_picked":["Halt","Conclude"],"picked":"LessonLearned","floor":6.0},{"not_picked":["Consecrate","FlyingSleeves"],"picked":"CutThroughFate","floor":7},{"not_picked":["BowlingBash","FlyingSleeves"],"picked":"MentalFortress","floor":10},{"not_picked":["WreathOfFlame","Sanctity"],"picked":"JustLucky","floor":11},{"not_picked":["Consecrate","Vengeance","Ragnarok"],"picked":"SKIP","floor":13},{"not_picked":["CutThroughFate","JustLucky"],"picked":"Nirvana","floor":14}],"player_experience":1558043,"relics_obtained":[{"floor":6.0,"key":"Bronze Scales"},{"floor":9,"key":"Mummified Hand"},{"floor":13,"key":"MealTicket"}],"event_choices":[{"damage_healed":0.0,"max_hp_gain":5.0,"max_hp_loss":0.0,"gold_gain":0.0,"event_name":"Big Fish","player_choice":"Donut","floor":4.0,"gold_loss":0.0,"damage_taken":0.0},{"cards_removed":["Strike_P"],"damage_healed":0,"gold_gain":0,"player_choice":"Offered Basic","damage_taken":0,"max_hp_gain":0,"max_hp_loss":0,"event_name":"Bonfire Elementals","floor":12,"gold_loss":0}],"is_beta":false,"boss_relics":[],"items_purged_floors":[],"is_endless":false,"potions_floor_spawned":[1,3,6,10,11,14],"killed_by":"Hexaghost","ascension_level":12}}