{"host":"q0qnzbgdx8oqogg9","time":1608610413,"event":{"mods":["BaseMod","Minty Spire (QoL Compilation)","Slay-I","StSLib"],"gold_per_floor":[118,128,143,161,171,199,274,286,286,286,297,297,331,347,347,442,442,458,468,480,490,112,112,125,142,142,241,241,269,280,299,299,403,403,422,46,65,78,93,118,118,143,143,161,196,218,50,104,104,104],"floor_reached":51,"playtime":2489,"items_purged":["Strike_G","Strike_G"],"score":1205,"play_id":"5ae7ce34-d607-4fe2-9403-785fe09f3810","local_time":"20201221231333","is_ascension_mode":true,"campfire_choices":[{"data":"All Out Attack","floor":10.0,"key":"SMITH"},{"data":"Footwork","floor":12.0,"key":"SMITH"},{"floor":15.0,"key":"REST"},{"floor":23.0,"key":"REST"},{"data":"Adrenaline","floor":28.0,"key":"SMITH"},{"floor":32.0,"key":"REST"},{"data":"Footwork","floor":49,"key":"SMITH"}],"circlet_count":0,"master_deck":["Strike_G+1","Strike_G","Strike_G+1","Defend_G","Defend_G","Defend_G","Defend_G","Defend_G","Survivor","Neutralize","Blade Dance","All Out Attack+1","Deadly Poison","Slice","Adrenaline+1","Cloak And Dagger","Footwork+1","Deadly Poison","Bullet Time","Backflip+1","Noxious Fumes","Riddle With Holes","Blur","Envenom","Footwork+1","Riddle With Holes+1","Leg Sweep+1","Wraith Form v2","CurseOfTheBell","Blur","Leg Sweep+1","Dash","Catalyst+1","Writhe","Catalyst+1","Noxious Fumes","Blur+1"],"relics":["Ring of the Snake","Boot","HornCleat","Whetstone","Snecko Eye","Snake Skull","Orrery","Torii","Ornamental Fan","Calling Bell","Blood Vial","Sundial","Du-Vu Doll","TwistedFunnel","Art of War","Gremlin Horn","Eternal Feather","Paper Crane","MawBank","Incense Burner"],"acts_visited":["Exordium","TheCity","TheBeyond"],"potions_floor_usage":[46,48,50,50],"damage_taken":[{"damage":1.0,"enemies":"Small Slimes","floor":1.0,"turns":4.0},{"damage":0.0,"enemies":"2 Louse","floor":2.0,"turns":4.0},{"damage":0.0,"enemies":"Cultist","floor":3.0,"turns":4.0},{"damage":4.0,"enemies":"Lots of Slimes","floor":4.0,"turns":3.0},{"damage":15.0,"enemies":"Exordium Wildlife","floor":5.0,"turns":4.0},{"damage":18.0,"enemies":"Gremlin Nob","floor":6.0,"turns":3.0},{"damage":0.0,"enemies":"2 Fungi Beasts","floor":8.0,"turns":2.0},{"damage":0.0,"enemies":"Blue Slaver","floor":11.0,"turns":2.0},{"damage":7.0,"enemies":"3 Sentries","floor":13.0,"turns":6.0},{"damage":0.0,"enemies":"Large Slime","floor":14.0,"turns":4.0},{"damage":22.0,"enemies":"Slime Boss","floor":16.0,"turns":11.0},{"damage":8.0,"enemies":"2 Thieves","floor":18.0,"turns":4.0},{"damage":6.0,"enemies":"Shell Parasite","floor":19.0,"turns":5.0},{"damage":3.0,"enemies":"Chosen and Byrds","floor":20.0,"turns":5.0},{"damage":35.0,"enemies":"Shelled Parasite and Fungi","floor":21.0,"turns":7.0},{"damage":5.0,"enemies":"Centurion and Healer","floor":24.0,"turns":5.0},{"damage":0.0,"enemies":"Snake Plant","floor":25.0,"turns":3.0},{"damage":19.0,"enemies":"Book of Stabbing","floor":29.0,"turns":4.0},{"damage":0.0,"enemies":"Sentry and Sphere","floor":30.0,"turns":5.0},{"damage":0.0,"enemies":"Chosen and Byrds","floor":31.0,"turns":3.0},{"damage":20.0,"enemies":"Champ","floor":33.0,"turns":8.0},{"damage":4.0,"enemies":"3 Darklings","floor":35.0,"turns":4.0},{"damage":0,"enemies":"Orb Walker","floor":37,"turns":3},{"damage":0,"enemies":"Spire Growth","floor":38,"turns":4},{"damage":7,"enemies":"3 Darklings","floor":39,"turns":4},{"damage":4,"enemies":"Reptomancer","floor":40,"turns":6},{"damage":0,"enemies":"Giant Head","floor":42,"turns":6},{"damage":0,"enemies":"Maw","floor":44,"turns":6},{"damage":7,"enemies":"Reptomancer","floor":45,"turns":6},{"damage":0,"enemies":"Spire Growth","floor":46,"turns":6},{"damage":17,"enemies":"2 Orb Walkers","floor":48,"turns":5},{"damage":16,"enemies":"Donu and Deca","floor":50,"turns":10}],"seed_played":"-425812128001639356","potions_obtained":[{"floor":2.0,"key":"FearPotion"},{"floor":3.0,"key":"AttackPotion"},{"floor":6.0,"key":"SneckoOil"},{"floor":13.0,"key":"Swift Potion"},{"floor":14.0,"key":"FearPotion"},{"floor":16.0,"key":"LiquidBronze"},{"floor":25.0,"key":"Explosive Potion"},{"floor":29.0,"key":"Dexterity Potion"},{"floor":30.0,"key":"SkillPotion"},{"floor":31.0,"key":"Dexterity Potion"},{"floor":33.0,"key":"LiquidBronze"},{"floor":40,"key":"DuplicationPotion"},{"floor":46,"key":"ColorlessPotion"},{"floor":48,"key":"Fire Potion"}],"is_trial":false,"path_per_floor":["M","M","M","M","M","E","?","M","T","R","M","R","E","M","R","B",null,"M","M","M","M","$","R","M","M","T","?","R","E","M","M","R","B",null,"M","$","M","M","M","E","?","E","T","M","E","M","$","?","R","B",null],"character_chosen":"THE_SILENT","items_purchased":["Snake Skull","Orrery","Footwork","TwistedFunnel","Art of War","Noxious Fumes"],"campfire_rested":3,"item_purchase_floors":[22,22,22,36,36,47],"current_hp_per_floor":[69,69,69,65,50,32,21,21,21,21,21,21,14,14,37,15,62,54,48,45,10,10,33,28,28,28,28,28,9,9,9,32,12,61,59,59,61,63,58,56,75,77,77,77,70,72,72,57,77,61],"gold":104,"neow_bonus":"TEN_PERCENT_HP_BONUS","is_daily":false,"chose_seed":false,"campfire_upgraded":4,"win_rate":0.0,"timestamp":1608610413,"path_taken":["M","M","M","M","M","E","?","M","T","R","M","R","E","M","R","BOSS","M","M","M","M","$","R","M","M","T","?","R","E","M","M","R","BOSS","M","$","M","M","M","E","?","E","T","M","E","M","$","?","R","BOSS"],"items_purchased_type":["Relic","Relic","Card","Relic","Relic","Card"],"build_version":"2020-12-13","purchased_purges":2,"victory":true,"max_hp_per_floor":[77,77,77,77,77,77,77,77,77,77,77,77,77,77,77,77,77,77,77,77,77,77,77,77,77,77,77,77,77,77,77,77,77,77,77,77,77,77,77,77,77,77,77,77,77,77,77,77,77,77],"card_choices":[{"not_picked":["Dodge and Roll","Distraction","Concentrate"],"picked":"SKIP","floor":1.0},{"not_picked":["PiercingWail","Escape Plan"],"picked":"Blade Dance","floor":2.0},{"not_picked":["Prepared","Backstab"],"picked":"All Out Attack","floor":3.0},{"not_picked":["Skewer","Acrobatics"],"picked":"Deadly Poison","floor":4.0},{"not_picked":["Bane","Dodge and Roll"],"picked":"Slice","floor":5.0},{"not_picked":["Slice","Eviscerate"],"picked":"Adrenaline","floor":6.0},{"not_picked":["Deflect","Underhanded Strike"],"picked":"Cloak And Dagger","floor":8.0},{"not_picked":["Cloak And Dagger","Flying Knee"],"picked":"Footwork","floor":11.0},{"not_picked":["Blade Dance","Phantasmal Killer"],"picked":"Deadly Poison","floor":13.0},{"not_picked":["Masterful Stab","Endless Agony","All Out Attack"],"picked":"SKIP","floor":14.0},{"not_picked":["Venomology","Envenom"],"picked":"Bullet Time","floor":16.0},{"not_picked":["Flying Knee","Quick Slash","Deadly Poison"],"picked":"SKIP","floor":18.0},{"not_picked":["Flechettes","Dagger Throw+1"],"picked":"Backflip+1","floor":19.0},{"not_picked":["Slice","Expertise"],"picked":"Noxious Fumes","floor":20.0},{"not_picked":["Well Laid Plans","Accuracy+1","Quick Slash"],"picked":"SKIP","floor":21.0},{"not_picked":["Dagger Throw","Outmaneuver"],"picked":"Riddle With Holes","floor":22.0},{"not_picked":["Bane","Tools of the Trade"],"picked":"Blur","floor":22.0},{"not_picked":["Escape Plan","Deflect"],"picked":"Envenom","floor":22.0},{"not_picked":["Reflex","Deflect"],"picked":"Riddle With Holes+1","floor":24.0},{"not_picked":["Dodge and Roll+1","Eviscerate","PiercingWail"],"picked":"SKIP","floor":25.0},{"not_picked":["Cloak And Dagger+1","All Out Attack","Dodge and Roll"],"picked":"SKIP","floor":29.0},{"not_picked":["Outmaneuver","Dodge and Roll","Deadly Poison"],"picked":"SKIP","floor":30.0},{"not_picked":["Escape Plan+1","Underhanded Strike"],"picked":"Leg Sweep+1","floor":31.0},{"not_picked":["A Thousand Cuts","After Image"],"picked":"Wraith Form v2","floor":33.0},{"not_picked":["Masterful Stab+1","Dagger Throw+1","Sucker Punch"],"picked":"SKIP","floor":35.0},{"not_picked":["Cloak And Dagger","Deadly Poison"],"picked":"Blur","floor":37},{"not_picked":["Calculated Gamble","PiercingWail+1"],"picked":"Leg Sweep+1","floor":38},{"not_picked":["Quick Slash","Eviscerate"],"picked":"Dash","floor":39},{"not_picked":["Dodge and Roll+1","Terror"],"picked":"Catalyst+1","floor":40},{"not_picked":["Deflect+1","Tactician","Glass Knife"],"picked":"SKIP","floor":42},{"not_picked":["Distraction+1","Deflect"],"picked":"Catalyst+1","floor":44},{"not_picked":["Poisoned Stab+1","Tactician+1","Dagger Spray"],"picked":"SKIP","floor":45},{"not_picked":["Sucker Punch","Flying Knee","Deadly Poison"],"picked":"SKIP","floor":46},{"not_picked":["Finisher","Noxious Fumes+1"],"picked":"Blur+1","floor":48}],"player_experience":189911,"relics_obtained":[{"floor":6.0,"key":"Boot"},{"floor":9.0,"key":"HornCleat"},{"floor":13.0,"key":"Whetstone"},{"floor":26.0,"key":"Torii"},{"floor":29.0,"key":"Ornamental Fan"},{"floor":34.0,"key":"Blood Vial"},{"floor":34.0,"key":"Sundial"},{"floor":34.0,"key":"Du-Vu Doll"},{"floor":40,"key":"Gremlin Horn"},{"floor":42,"key":"Eternal Feather"},{"floor":43,"key":"Paper Crane"},{"floor":45,"key":"MawBank"},{"floor":48,"key":"Incense Burner"}],"event_choices":[{"damage_healed":0.0,"max_hp_gain":0.0,"max_hp_loss":0.0,"gold_gain":75.0,"event_name":"World of Goop","player_choice":"Gather Gold","floor":7.0,"gold_loss":0.0,"damage_taken":11.0},{"damage_healed":0.0,"max_hp_gain":0.0,"max_hp_loss":0.0,"gold_gain":99.0,"event_name":"Nest","player_choice":"Stole From Cult","floor":27.0,"gold_loss":0.0,"damage_taken":0.0},{"damage_healed":19,"gold_gain":0,"player_choice":"Writhe","damage_taken":0,"max_hp_gain":0,"max_hp_loss":0,"event_name":"Winding Halls","floor":41,"gold_loss":0,"cards_obtained":["Writhe"]},{"damage_healed":0,"gold_gain":0,"player_choice":"Fight","damage_taken":0,"max_hp_gain":0,"max_hp_loss":0,"event_name":"Mysterious Sphere","floor":48,"gold_loss":0}],"is_beta":false,"boss_relics":[{"not_picked":["Pandora\u0027s Box","Philosopher\u0027s Stone"],"picked":"Snecko Eye"},{"not_picked":["Fusion Hammer","HoveringKite"],"picked":"Calling Bell"}],"items_purged_floors":[36,47],"is_endless":false,"potions_floor_spawned":[2,3,6,13,14,16,25,29,30,31,33,37,38,40,44,46,48],"ascension_level":9}}