{"host":"cbnfbo28eyz4xcn1","time":1608599472,"event":{"mods":["BaseMod","Colored Map","Colored Powertips","Infinite Spire","Minty Spire (QoL Compilation)","Replay The Spire","StSLib"],"gold_per_floor":[113,113,191,209,219,219,244,244,244,257,257,257,19,36,36,112,112,124,124,139,139,154,186,276,47,47,47,73,73,92,108,108,185,185,198,215,215,235,288,288,162,162,162,162,90,102,118,0,0,0],"floor_reached":51,"playtime":2198,"items_purged":["Writhe"],"score":1086,"play_id":"9cee302e-9b32-4ef1-8887-d18adb8612ba","local_time":"20201222021112","is_ascension_mode":true,"campfire_choices":[{"floor":8.0,"key":"REST"},{"floor":12.0,"key":"REST"},{"data":"Barricade","floor":15.0,"key":"SMITH"},{"floor":27.0,"key":"REST"},{"floor":29.0,"key":"REST"},{"floor":32.0,"key":"REST"},{"floor":40.0,"key":"REST"},{"data":"infinitespire:Punishment","floor":42.0,"key":"SMITH"},{"data":"infinitespire:Punishment","floor":44.0,"key":"SMITH"},{"data":"Flex","floor":49.0,"key":"SMITH"}],"circlet_count":0,"master_deck":["AscendersBane","Strike_R","Strike_R","Strike_R","Strike_R","Strike_R","Defend_R","Defend_R","Defend_R","Defend_R","Bash","Defend_B","Defend_R","Whirlwind","Flex+1","Cleave","Flex","Anger","Barricade+1","Bandage Up+1","Havoc+1","Berserk","m_Survivalism+1","Replay:Many Hands+1","PanicButton+1","infinitespire:TheBestDefense+1","Wild Strike","Fire Breathing+1","infinitespire:Punishment+1","ReplayTheSpireMod:Corrosion Curse+1","Flex+1","Flex+1","Metallicize","Ghostly Armor+1","Cleave","Infernal Blade+1","Reaper","Infernal Blade+1","Shrug It Off+1","Delirium","Replay:Hysterical Blindness","infinitespire:Punishment+1","Body Slam","Pommel Strike","True Grit+1","Wild Strike","Infernal Blade+1","Metallicize"],"relics":["Burning Blood","ReplayTheSpireMod:Ring of Exchange","ReplayTheSpireMod:Ring of Challenge","Durian","Toxic Egg 2","FaceOfCleric","HandDrill","ReplayTheSpireMod:SealedPack","ClockworkSouvenir","Ginger","King of Hearts","Replay:Bottled Snecko","Replay:Rubber Ducky","Cursed Key","Magic Flower","Centennial Puzzle","Torii","Red Mask"],"acts_visited":["Exordium","TheCity","TheBeyond"],"potions_floor_usage":[50,50],"damage_taken":[{"damage":14.0,"enemies":"Small Slimes","floor":1.0,"turns":7.0},{"damage":1.0,"enemies":"Cultist","floor":4.0,"turns":3.0},{"damage":2.0,"enemies":"Jaw Worm","floor":5.0,"turns":3.0},{"damage":0.0,"enemies":"Gremlin Gang","floor":6.0,"turns":1.0},{"damage":50.0,"enemies":"Gremlin Nob","floor":7.0,"turns":5.0},{"damage":12.0,"enemies":"Red Slaver","floor":10.0,"turns":3.0},{"damage":13.0,"enemies":"Exordium Wildlife","floor":14.0,"turns":5.0},{"damage":113.0,"enemies":"The Guardian","floor":16.0,"turns":15.0},{"damage":34.0,"enemies":"Spheric Guardian","floor":18.0,"turns":8.0},{"damage":15.0,"enemies":"Shell Parasite","floor":20.0,"turns":5.0},{"damage":22.0,"enemies":"Snake Plant","floor":22.0,"turns":3.0},{"damage":18.0,"enemies":"Gremlin Leader","floor":23.0,"turns":4.0},{"damage":49.0,"enemies":"Slavers","floor":28.0,"turns":4.0},{"damage":18.0,"enemies":"Cultist and Chosen","floor":30.0,"turns":4.0},{"damage":13.0,"enemies":"Snecko","floor":31.0,"turns":4.0},{"damage":52.0,"enemies":"Champ","floor":33.0,"turns":10.0},{"damage":48.0,"enemies":"3 Shapes","floor":35.0,"turns":5.0},{"damage":13.0,"enemies":"Orb Walker","floor":36.0,"turns":5.0},{"damage":32.0,"enemies":"3 Darklings","floor":38.0,"turns":6.0},{"damage":10.0,"enemies":"2 Orb Walkers","floor":39.0,"turns":5.0},{"damage":0.0,"enemies":"Giant Head","floor":45.0,"turns":7.0},{"damage":16.0,"enemies":"Spire Growth","floor":46.0,"turns":6.0},{"damage":11.0,"enemies":"Sphere and 2 Shapes","floor":47.0,"turns":3.0},{"damage":47,"enemies":"Replay:Hell Engine","floor":50,"turns":11}],"seed_played":"-6999437337895976272","potions_obtained":[{"floor":1.0,"key":"BlessingOfTheForge"},{"floor":3.0,"key":"AttackPotion"},{"floor":3.0,"key":"FairyPotion"},{"floor":5.0,"key":"SmokeBomb"},{"floor":16.0,"key":"Milkshake"},{"floor":20.0,"key":"Adrenaline Potion"},{"floor":22.0,"key":"Ancient Potion"},{"floor":38.0,"key":"Adrenaline Potion"},{"floor":45.0,"key":"Fire Potion"},{"floor":46.0,"key":"Fire Potion"}],"is_trial":false,"path_per_floor":["M","?","?","M","M","M","E","R","T","M","?","R","$","M","R","B",null,"M","?","M","AVR","M","E","?","$","T","R","E","R","M","M","R","B",null,"M","M","?","M","?","R","$","R","T","R","E","M","M","?","R","B",null],"character_chosen":"IRONCLAD","items_purchased":["Bandage Up+1","HandDrill","King of Hearts","Flex+1","Metallicize","True Grit+1"],"campfire_rested":6,"item_purchase_floors":[13,13,25,25,25,41],"current_hp_per_floor":[80,80,42,47,51,57,18,48,48,42,42,72,72,72,72,27,84,63,63,61,61,52,47,35,35,35,67,31,63,58,52,85,46,95,76,76,76,65,68,102,102,102,102,102,116,111,111,111,111,75],"gold":0,"neow_bonus":"TWENTY_PERCENT_HP_BONUS","is_daily":false,"chose_seed":false,"campfire_upgraded":4,"win_rate":0.0,"timestamp":1608599472,"path_taken":["M","?","?","M","M","?","E","R","T","M","?","R","$","M","R","BOSS","M","?","M","AVR","?","E","?","$","T","R","E","R","?","M","R","BOSS","M","M","?","M","?","R","$","R","T","R","E","M","M","?","R","BOSS"],"items_purchased_type":["Card","Relic","Relic","Card","Card","Card"],"build_version":"2020-12-13","purchased_purges":1,"victory":true,"max_hp_per_floor":[96,96,96,96,96,96,101,101,101,101,101,101,101,102,102,103,103,104,104,105,105,106,107,107,107,107,107,108,108,109,110,110,111,111,112,113,113,114,115,115,115,115,115,115,116,117,118,118,118,119],"card_choices":[{"not_picked":["Iron Wave","Clothesline"],"picked":"Whirlwind","floor":1.0},{"not_picked":["Cleave","Armaments"],"picked":"Flex","floor":3.0},{"not_picked":["Clash","Perfected Strike"],"picked":"Cleave","floor":4.0},{"not_picked":["Dark Embrace","Evolve"],"picked":"Flex","floor":5.0},{"not_picked":["Dual Wield","Feel No Pain"],"picked":"Anger","floor":7.0},{"not_picked":["Entrench+1","Body Slam"],"picked":"Barricade","floor":10.0},{"not_picked":["Heavy Blade","Evolve"],"picked":"Havoc+1","floor":14.0},{"not_picked":["Bludgeon","Eclipse+1"],"picked":"Berserk","floor":16.0},{"not_picked":["Dualcast","Survivor"],"picked":"m_Survivalism","floor":17.0},{"not_picked":["Juggernaut","Fiend Fire"],"picked":"Replay:Many Hands","floor":17.0},{"not_picked":["ReplayTheSpireMod:Uncanny Aura","Jack Of All Trades"],"picked":"PanicButton","floor":17.0},{"not_picked":["infinitespire:Execution","infinitespire:Menacing"],"picked":"infinitespire:TheBestDefense","floor":17.0},{"not_picked":["Pommel Strike","Sentinel+1"],"picked":"Wild Strike","floor":18.0},{"not_picked":["Body Slam","Pummel"],"picked":"Fire Breathing+1","floor":20.0},{"not_picked":["Massacre","Hemokinesis"],"picked":"ReplayTheSpireMod:Corrosion Curse+1","floor":22.0},{"not_picked":["Fiend Fire","Twin Strike"],"picked":"Flex+1","floor":23.0},{"not_picked":["True Grit+1","Pommel Strike"],"picked":"Ghostly Armor+1","floor":28.0},{"not_picked":["ReplayTheSpireMod:Strike From Hell","Iron Wave"],"picked":"Cleave","floor":30.0},{"not_picked":["Reckless Charge","Feel No Pain+1"],"picked":"Infernal Blade+1","floor":31.0},{"not_picked":["Eclipse+1","Juggernaut"],"picked":"Reaper","floor":33.0},{"not_picked":["Havoc+1","Run Through"],"picked":"Infernal Blade+1","floor":35.0},{"not_picked":["Bloodletting+1","Infernal Blade+1"],"picked":"Shrug It Off+1","floor":36.0},{"not_picked":["infinitespire:NeuralNetwork","infinitespire:SevenWalls"],"picked":"infinitespire:Punishment","floor":37.0},{"not_picked":["Run Through","Sword Boomerang"],"picked":"Body Slam","floor":38.0},{"not_picked":["ReplayReversal+1","Feed"],"picked":"Pommel Strike","floor":39.0},{"not_picked":["Defy Death+1","Warcry+1"],"picked":"Wild Strike","floor":45.0},{"not_picked":["ReplayTheSpireMod:LeadingStrike+1","Life Link+1"],"picked":"Infernal Blade+1","floor":46.0},{"not_picked":["Twin Strike","Carnage"],"picked":"Metallicize","floor":47.0}],"player_experience":454011,"relics_obtained":[{"floor":2.0,"key":"ReplayTheSpireMod:Ring of Exchange"},{"floor":2.0,"key":"ReplayTheSpireMod:Ring of Challenge"},{"floor":7.0,"key":"Durian"},{"floor":9.0,"key":"Toxic Egg 2"},{"floor":23.0,"key":"Ginger"},{"floor":26.0,"key":"Replay:Bottled Snecko"},{"floor":28.0,"key":"Replay:Rubber Ducky"},{"floor":39.0,"key":"Magic Flower"},{"floor":43.0,"key":"Centennial Puzzle"},{"floor":45.0,"key":"Torii"}],"event_choices":[{"damage_healed":0.0,"max_hp_gain":0.0,"max_hp_loss":0.0,"gold_gain":0.0,"event_name":"FaceTrader","player_choice":"Trade","floor":11.0,"gold_loss":0.0,"damage_taken":0.0,"relics_obtained":["FaceOfCleric"]},{"cards_removed":["Delirium"],"damage_healed":0.0,"max_hp_gain":0.0,"max_hp_loss":0.0,"gold_gain":0.0,"event_name":"Purifier","player_choice":"Purged","floor":19.0,"gold_loss":0.0,"damage_taken":0.0},{"damage_healed":0.0,"max_hp_gain":0.0,"max_hp_loss":0.0,"gold_gain":90.0,"event_name":"Knowing Skull","player_choice":"GOLD ","floor":24.0,"potions_obtained":[],"gold_loss":0.0,"damage_taken":12.0,"cards_obtained":[]},{"damage_healed":0.0,"max_hp_gain":0.0,"max_hp_loss":0.0,"gold_gain":0.0,"event_name":"Mysterious Sphere","player_choice":"Fight","floor":39.0,"gold_loss":0.0,"damage_taken":0.0},{"damage_healed":0.0,"max_hp_gain":0.0,"max_hp_loss":0.0,"gold_gain":0.0,"event_name":"Tomb of Lord Red Mask","player_choice":"Paid","floor":48.0,"gold_loss":118.0,"damage_taken":0.0,"relics_obtained":["Red Mask"]}],"is_beta":false,"boss_relics":[{"not_picked":["ReplayTheSpireMod:DimensionalGlitch","TheAbacus"],"picked":"ReplayTheSpireMod:SealedPack"},{"not_picked":["Replay:Drink Me","Medical Kit"],"picked":"Cursed Key"}],"items_purged_floors":[41],"is_endless":false,"potions_floor_spawned":[1,5,16,20,22,38,45,46,47],"ascension_level":13}}