{"host":"dvpvhz1t6etneyb3","time":1608671352,"event":{"mods":["AchievementEnabler","BaseMod","Colored Map","Highlight Path","Minty Spire (QoL Compilation)","Permanent Neow","Quick Restart"],"gold_per_floor":[116,134,148,148,162,162,162,162,162,200,223,223,259,280,280,371,371,385,300,300,325,10,10,29,29,29,52,77,77,120,135,135,135,135],"floor_reached":33,"playtime":1885,"items_purged":["Shame"],"score":708,"play_id":"02419f6f-54fb-4e56-8062-84c8e4d9500e","local_time":"20201222160912","is_ascension_mode":true,"campfire_choices":[{"data":"Eruption","floor":6.0,"key":"SMITH"},{"floor":8.0,"key":"REST"},{"floor":15.0,"key":"REST"},{"data":"TalkToTheHand","floor":23.0,"key":"SMITH"},{"data":"Meditate","floor":25.0,"key":"SMITH"},{"floor":32,"key":"REST"}],"circlet_count":0,"master_deck":["AscendersBane","Strike_P","Strike_P","Strike_P","Defend_P","Defend_P","Defend_P","Defend_P","Eruption+1","Vigilance","Conclude","EmptyFist","FlurryOfBlows","FlyingSleeves","CutThroughFate","TalkToTheHand+1","Protect","Scrawl","BattleHymn+1","InnerPeace","Wallop","Meditate+1","Injury","Crescendo","EmptyMind","DeusExMachina"],"relics":["Cursed Key","Golden Idol","Kunai","Matryoshka","Akabeko","Philosopher\u0027s Stone","Regal Pillow","OrangePellets","MealTicket","InkBottle","Bottled Lightning"],"acts_visited":["TheCity"],"potions_floor_usage":[31,33],"damage_taken":[{"damage":2.0,"enemies":"Jaw Worm","floor":1.0,"turns":6.0},{"damage":1.0,"enemies":"2 Louse","floor":2.0,"turns":3.0},{"damage":0.0,"enemies":"Cultist","floor":3.0,"turns":2.0},{"damage":1.0,"enemies":"Exordium Thugs","floor":5.0,"turns":4.0},{"damage":0.0,"enemies":"Gremlin Nob","floor":10.0,"turns":2.0},{"damage":2.0,"enemies":"Blue Slaver","floor":11.0,"turns":3.0},{"damage":31.0,"enemies":"Lagavulin","floor":13.0,"turns":6.0},{"damage":0.0,"enemies":"Lots of Slimes","floor":14.0,"turns":2.0},{"damage":0.0,"enemies":"Slime Boss","floor":16.0,"turns":5.0},{"damage":0.0,"enemies":"2 Thieves","floor":18.0,"turns":1.0},{"damage":5.0,"enemies":"Shell Parasite","floor":21.0,"turns":4.0},{"damage":14.0,"enemies":"Shelled Parasite and Fungi","floor":24.0,"turns":4.0},{"damage":5.0,"enemies":"Centurion and Healer","floor":27.0,"turns":3.0},{"damage":0.0,"enemies":"3 Cultists","floor":28.0,"turns":2.0},{"damage":18.0,"enemies":"Gremlin Leader","floor":30.0,"turns":4.0},{"damage":4,"enemies":"Snake Plant","floor":31,"turns":3},{"damage":65,"enemies":"Champ","floor":33,"turns":13}],"seed_played":"3729952113010063592","potions_obtained":[{"floor":1.0,"key":"AttackPotion"},{"floor":5.0,"key":"SteroidPotion"},{"floor":14.0,"key":"BlessingOfTheForge"},{"floor":18.0,"key":"SkillPotion"},{"floor":24.0,"key":"Fire Potion"},{"floor":31,"key":"LiquidMemories"}],"is_trial":false,"path_per_floor":["M","M","M","?","M","R","?","R","T","E","M","T","E","M","R","B",null,"M","?","?","M","$","R","M","R","T","M","M","T","E","M","R","B"],"character_chosen":"WATCHER","items_purchased":["Wallop","OrangePellets"],"campfire_rested":3,"item_purchase_floors":[22,22],"current_hp_per_floor":[59,58,58,35,34,34,27,47,47,47,45,45,14,14,34,34,60,60,60,60,55,55,55,41,41,41,36,36,36,18,14,49,0,0],"gold":135,"neow_bonus":"BOSS_RELIC","is_daily":false,"chose_seed":false,"campfire_upgraded":3,"win_rate":0.0,"timestamp":1608671352,"path_taken":["M","M","M","?","M","R","?","R","T","E","M","?","E","M","R","BOSS","M","?","?","?","$","R","M","R","T","?","M","?","E","M","R","BOSS"],"items_purchased_type":["Card","Relic"],"build_version":"2020-12-13","purchased_purges":1,"victory":false,"max_hp_per_floor":[68,68,68,68,68,68,68,68,68,68,68,68,68,68,68,68,68,68,68,68,68,68,68,68,68,68,68,68,68,68,68,68,68,68],"card_choices":[{"not_picked":["CutThroughFate","ThirdEye"],"picked":"Conclude","floor":1.0},{"not_picked":["Evaluate","FearNoEvil"],"picked":"EmptyFist","floor":2.0},{"not_picked":["Perseverance","Collect"],"picked":"FlurryOfBlows","floor":3.0},{"not_picked":["Swivel","EmptyFist"],"picked":"FlyingSleeves","floor":5.0},{"not_picked":["Devotion","Prostrate"],"picked":"CutThroughFate","floor":10.0},{"not_picked":["EmptyBody","CrushJoints","ThirdEye"],"picked":"SKIP","floor":11.0},{"not_picked":["Sanctity","ThirdEye"],"picked":"TalkToTheHand","floor":13.0},{"not_picked":["EmptyFist","FlyingSleeves"],"picked":"Protect","floor":14.0},{"not_picked":["Judgement","SpiritShield"],"picked":"Scrawl","floor":16.0},{"not_picked":["ClearTheMind","Wallop"],"picked":"BattleHymn+1","floor":18.0},{"not_picked":["Nirvana","WindmillStrike"],"picked":"InnerPeace","floor":21.0},{"not_picked":["ThirdEye","Wireheading"],"picked":"Meditate","floor":24.0},{"not_picked":["Protect","Conclude"],"picked":"Crescendo","floor":27.0},{"not_picked":["ForeignInfluence","FlyingSleeves","WreathOfFlame+1"],"picked":"SKIP","floor":28.0},{"not_picked":["Indignation","Perseverance"],"picked":"EmptyMind","floor":30.0},{"not_picked":["Vengeance","FollowUp"],"picked":"DeusExMachina","floor":31}],"player_experience":1937624,"relics_obtained":[{"floor":10.0,"key":"Kunai"},{"floor":12.0,"key":"Matryoshka"},{"floor":13.0,"key":"Akabeko"},{"floor":26.0,"key":"MealTicket"},{"floor":26.0,"key":"InkBottle"},{"floor":30.0,"key":"Bottled Lightning"}],"event_choices":[{"damage_healed":0.0,"max_hp_gain":0.0,"max_hp_loss":0.0,"gold_gain":0.0,"event_name":"Golden Idol","player_choice":"Take Damage","floor":4.0,"gold_loss":0.0,"damage_taken":23.0,"relics_obtained":["Golden Idol"]},{"cards_removed":["Strike_P"],"damage_healed":0.0,"max_hp_gain":0.0,"max_hp_loss":0.0,"gold_gain":0.0,"event_name":"Golden Wing","player_choice":"Card Removal","floor":7.0,"gold_loss":0.0,"damage_taken":7.0},{"damage_healed":0.0,"max_hp_gain":0.0,"max_hp_loss":0.0,"gold_gain":0.0,"event_name":"Addict","player_choice":"Obtained Relic","floor":19.0,"gold_loss":85.0,"damage_taken":0.0,"relics_obtained":["Regal Pillow"]},{"damage_healed":0.0,"max_hp_gain":0.0,"max_hp_loss":0.0,"gold_gain":0.0,"event_name":"Ghosts","player_choice":"Ignored","floor":20.0,"gold_loss":0.0,"damage_taken":0.0}],"is_beta":false,"boss_relics":[{"not_picked":["Tiny House","Runic Dome"],"picked":"Philosopher\u0027s Stone"}],"items_purged_floors":[22],"is_endless":false,"potions_floor_spawned":[1,5,14,16,18,24,27,31],"killed_by":"Champ","ascension_level":20}}