{"host":"Fun","time":1608664860,"event":{"mods":["BaseMod","Colored Map","Filter the Spire","Minty Spire (QoL Compilation)","Relic Stats","StSLib"],"gold_per_floor":[13,13,36,55,69,69,99,99,99,131,199,224,300,333,333,430,430,442,458,471,22,171,171,186,221,221,231,231,262,274,324,324,422,422,439,489,101,151,19,19,45,95,95,95,123,136,136,211,211,211,211],"floor_reached":50,"playtime":2526,"items_purged":["Strike_B","Beam Cell"],"score":1015,"play_id":"761fc2e1-3ce1-4f31-82a3-dd9d5ee33bb3","local_time":"20201222142100","is_ascension_mode":true,"campfire_choices":[{"data":"Rainbow","floor":6.0,"key":"SMITH"},{"floor":15.0,"key":"REST"},{"floor":23,"key":"REST"},{"floor":28,"key":"REST"},{"floor":32,"key":"REST"},{"data":"Self Repair","floor":40,"key":"SMITH"},{"floor":44,"key":"REST"},{"data":"Sadistic Nature","floor":47,"key":"SMITH"},{"data":"Cold Snap","floor":49,"key":"SMITH"}],"circlet_count":0,"master_deck":["AscendersBane","Defend_B","Defend_B","Defend_B+1","Defend_B+1","Zap+1","Dualcast","Sadistic Nature+1","Cold Snap+1","Rainbow+1","Beam Cell","Conserve Battery+1","Coolheaded+1","Multi-Cast+1","Electrodynamics+1","Ball Lightning+1","Hologram+1","Chill+1","Recycle+1","Coolheaded+1","Core Surge","Conserve Battery+1","Reinforced Body+1","Hologram+1","Necronomicurse","Reboot+1","Go for the Eyes+1","Leap+1","Self Repair+1","White Noise+1","Glacier+1"],"relics":["Cracked Core","WarpedTongs","War Paint","Blue Candle","SsserpentHead","Gambling Chip","Peace Pipe","Toxic Egg 2","Odd Mushroom","Torii","Astrolabe","OrangePellets","Incense Burner","Shuriken","Vajra","Necronomicon","Velvet Choker","Singing Bowl","Sundial","Ornamental Fan","Happy Flower","Regal Pillow"],"acts_visited":["Exordium","TheCity","TheBeyond"],"potions_floor_usage":[25,29,50,50],"damage_taken":[{"damage":12.0,"enemies":"Jaw Worm","floor":1.0,"turns":3.0},{"damage":7.0,"enemies":"Small Slimes","floor":4.0,"turns":4.0},{"damage":0.0,"enemies":"Cultist","floor":5.0,"turns":3.0},{"damage":0.0,"enemies":"Lagavulin","floor":7.0,"turns":5.0},{"damage":2.0,"enemies":"3 Sentries","floor":10.0,"turns":6.0},{"damage":13.0,"enemies":"3 Louse","floor":11.0,"turns":2.0},{"damage":10.0,"enemies":"Lagavulin","floor":12.0,"turns":6.0},{"damage":16.0,"enemies":"The Mushroom Lair","floor":13.0,"turns":4.0},{"damage":0.0,"enemies":"Gremlin Nob","floor":14.0,"turns":3.0},{"damage":35.0,"enemies":"Slime Boss","floor":16.0,"turns":9.0},{"damage":20.0,"enemies":"Spheric Guardian","floor":18.0,"turns":4.0},{"damage":2,"enemies":"2 Thieves","floor":19,"turns":4},{"damage":13,"enemies":"Sentry and Sphere","floor":20,"turns":4},{"damage":0,"enemies":"Centurion and Healer","floor":24,"turns":4},{"damage":21,"enemies":"Gremlin Leader","floor":25,"turns":6},{"damage":0,"enemies":"Cultist and Chosen","floor":27,"turns":3},{"damage":16,"enemies":"Book of Stabbing","floor":29,"turns":6},{"damage":0,"enemies":"3 Cultists","floor":30,"turns":3},{"damage":36,"enemies":"Champ","floor":33,"turns":17},{"damage":30,"enemies":"3 Darklings","floor":35,"turns":5},{"damage":19,"enemies":"Nemesis","floor":41,"turns":9},{"damage":16,"enemies":"Reptomancer","floor":45,"turns":8},{"damage":0,"enemies":"Orb Walker","floor":46,"turns":5},{"damage":76,"enemies":"Time Eater","floor":50,"turns":21}],"seed_played":"1014477570026470929","potions_obtained":[{"floor":4.0,"key":"ColorlessPotion"},{"floor":5.0,"key":"Regen Potion"},{"floor":7.0,"key":"EntropicBrew"},{"floor":13.0,"key":"PowerPotion"},{"floor":16.0,"key":"EssenceOfDarkness"},{"floor":20,"key":"Block Potion"},{"floor":30,"key":"Dexterity Potion"},{"floor":45,"key":"FocusPotion"}],"is_trial":false,"path_per_floor":["M","?","T","M","M","R","E","?","T","E","M","E","?","E","R","B",null,"M","M","M","$","?","R","M","E","T","M","R","E","M","?","R","B",null,"M","?","$","?","$","R","E","?","T","R","E","M","R","T","R","B"],"character_chosen":"DEFECT","items_purchased":["OrangePellets","Incense Burner","Singing Bowl","Leap+1","Self Repair"],"campfire_rested":5,"item_purchase_floors":[21,21,37,37,39],"current_hp_per_floor":[56,56,56,49,49,49,49,49,49,62,49,39,23,23,45,10,59,39,37,24,24,24,46,46,25,25,25,47,31,31,15,37,1,57,27,66,66,66,66,66,59,55,55,74,68,74,74,74,74,0,0],"gold":211,"neow_bonus":"RANDOM_COLORLESS_2","is_daily":false,"chose_seed":false,"campfire_upgraded":4,"win_rate":0.0,"timestamp":1608664860,"path_taken":["M","?","?","M","M","R","E","?","T","E","?","E","?","E","R","BOSS","M","M","M","$","?","R","M","E","T","M","R","E","M","?","R","BOSS","M","?","$","?","?","R","E","?","T","R","E","M","R","?","R","BOSS"],"items_purchased_type":["Relic","Relic","Relic","Card","Card"],"build_version":"2020-12-18","purchased_purges":2,"victory":false,"max_hp_per_floor":[75,75,75,75,75,75,75,75,75,75,75,75,75,75,75,75,75,75,75,75,75,75,75,75,75,75,75,75,75,75,75,75,75,75,75,66,66,66,66,66,68,74,74,74,74,74,74,74,74,74,74],"relic_stats":{"Regal Pillow":0,"Torii":19,"Singing Bowl":8,"Happy Flower":[8],"counters":[24,144],"Blue Candle":[0],"Astrolabe":["Electrodynamics","Ball Lightning","Hologram"],"War Paint":["Defend_B","Defend_B"],"WarpedTongs":[107],"Peace Pipe":0,"SsserpentHead":450,"OrangePellets":[0],"Shuriken":[1],"Sundial":[4],"Ornamental Fan":[0],"Gambling Chip":[27],"Necronomicon":[0],"obtain_stats":[{"Regal Pillow":48,"Torii":14,"Singing Bowl":37,"Happy Flower":45,"Blue Candle":7,"Astrolabe":17,"Vajra":29,"Velvet Choker":34,"Incense Burner":21,"War Paint":3,"Odd Mushroom":13,"WarpedTongs":0,"Peace Pipe":10,"SsserpentHead":8,"OrangePellets":21,"Shuriken":25,"Sundial":41,"Ornamental Fan":43,"Gambling Chip":9,"Necronomicon":31,"Toxic Egg 2":12,"Cracked Core":0},{"Regal Pillow":23,"Torii":9,"Singing Bowl":20,"Happy Flower":22,"Blue Candle":4,"Astrolabe":10,"Vajra":17,"Velvet Choker":19,"Incense Burner":13,"War Paint":1,"Odd Mushroom":8,"WarpedTongs":0,"Peace Pipe":5,"SsserpentHead":4,"OrangePellets":13,"Shuriken":15,"Sundial":21,"Ornamental Fan":21,"Gambling Chip":4,"Necronomicon":18,"Toxic Egg 2":7,"Cracked Core":0},{"Regal Pillow":123,"Torii":36,"Singing Bowl":101,"Happy Flower":118,"Blue Candle":15,"Astrolabe":45,"Vajra":76,"Velvet Choker":96,"Incense Burner":57,"War Paint":3,"Odd Mushroom":33,"WarpedTongs":0,"Peace Pipe":21,"SsserpentHead":15,"OrangePellets":57,"Shuriken":67,"Sundial":110,"Ornamental Fan":110,"Gambling Chip":15,"Necronomicon":79,"Toxic Egg 2":29,"Cracked Core":0}]},"card_choices":[{"not_picked":["Thinking Ahead","Secret Technique"],"picked":"Sadistic Nature","floor":0.0},{"not_picked":["Gash","Sweeping Beam"],"picked":"Cold Snap","floor":1.0},{"not_picked":["Rip and Tear","Leap"],"picked":"Beam Cell","floor":4.0},{"not_picked":["Capacitor","Redo"],"picked":"Rainbow","floor":5.0},{"not_picked":["Aggregate","Scrape","Streamline"],"picked":"SKIP","floor":7.0},{"not_picked":["Darkness","Rip and Tear"],"picked":"Beam Cell","floor":10.0},{"not_picked":["Barrage","Aggregate","Blizzard"],"picked":"SKIP","floor":11.0},{"not_picked":["Compile Driver","Barrage","Sweeping Beam"],"picked":"SKIP","floor":12.0},{"not_picked":["FTL","Turbo+1"],"picked":"Conserve Battery+1","floor":13.0},{"not_picked":["Scrape","Compile Driver"],"picked":"Coolheaded+1","floor":14.0},{"not_picked":["Amplify+1","Seek+1"],"picked":"Multi-Cast+1","floor":16.0},{"not_picked":["Compile Driver","Turbo+1"],"picked":"Chill+1","floor":18.0},{"not_picked":["Darkness+1","Turbo+1"],"picked":"Recycle+1","floor":19},{"not_picked":["Sweeping Beam","Leap+1"],"picked":"Coolheaded+1","floor":20},{"not_picked":["Sweeping Beam","Sunder"],"picked":"Core Surge","floor":24},{"not_picked":["Darkness+1","Compile Driver+1"],"picked":"Conserve Battery+1","floor":25},{"not_picked":["Sweeping Beam","Darkness+1","Redo+1"],"picked":"SKIP","floor":27},{"not_picked":["Go for the Eyes","Compile Driver"],"picked":"Reinforced Body+1","floor":29},{"not_picked":["Redo+1","Gash"],"picked":"Hologram+1","floor":30},{"not_picked":["All For One","Thunder Strike"],"picked":"Reboot+1","floor":33},{"not_picked":["Rebound+1","Coolheaded+1"],"picked":"Go for the Eyes+1","floor":35},{"not_picked":["Rainbow+1","Chaos+1","Rebound+1"],"picked":"Singing Bowl","floor":41},{"not_picked":["Metamorphosis+1","Discovery+1","Jack Of All Trades+1"],"picked":"Singing Bowl","floor":42},{"not_picked":["Finesse+1","Bandage Up+1","Secret Technique+1"],"picked":"Singing Bowl","floor":42},{"not_picked":["Discovery+1","HandOfGreed","Forethought+1"],"picked":"Singing Bowl","floor":42},{"not_picked":["Turbo+1","Go for the Eyes+1"],"picked":"White Noise+1","floor":45},{"not_picked":["Go for the Eyes+1","Defragment"],"picked":"Glacier+1","floor":46}],"player_experience":87413,"relics_obtained":[{"floor":3.0,"key":"War Paint"},{"floor":7.0,"key":"Blue Candle"},{"floor":9.0,"key":"Gambling Chip"},{"floor":10.0,"key":"Peace Pipe"},{"floor":12.0,"key":"Toxic Egg 2"},{"floor":13.0,"key":"Odd Mushroom"},{"floor":14.0,"key":"Torii"},{"floor":25,"key":"Shuriken"},{"floor":29,"key":"Vajra"},{"floor":31,"key":"Necronomicon"},{"floor":41,"key":"Sundial"},{"floor":43,"key":"Ornamental Fan"},{"floor":45,"key":"Happy Flower"},{"floor":48,"key":"Regal Pillow"}],"event_choices":[{"damage_healed":0.0,"max_hp_gain":0.0,"max_hp_loss":0.0,"gold_gain":0.0,"event_name":"Living Wall","player_choice":"Grow","floor":2.0,"gold_loss":0.0,"damage_taken":0.0,"cards_upgraded":["Zap"]},{"damage_healed":0.0,"max_hp_gain":0.0,"max_hp_loss":0.0,"gold_gain":0.0,"event_name":"FaceTrader","player_choice":"Trade","floor":8.0,"gold_loss":0.0,"damage_taken":0.0,"relics_obtained":["SsserpentHead"]},{"damage_healed":0.0,"max_hp_gain":0.0,"max_hp_loss":0.0,"gold_gain":0.0,"event_name":"Mushrooms","player_choice":"Fought Mushrooms","floor":13.0,"gold_loss":0.0,"damage_taken":0.0},{"damage_healed":0,"gold_gain":99,"player_choice":"Stole From Cult","damage_taken":0,"max_hp_gain":0,"max_hp_loss":0,"event_name":"Nest","floor":22,"gold_loss":0},{"damage_healed":0,"gold_gain":0,"player_choice":"Obtained Book","damage_taken":16,"max_hp_gain":0,"max_hp_loss":0,"event_name":"Cursed Tome","floor":31,"gold_loss":0},{"damage_healed":66,"gold_gain":0,"player_choice":"Heal","damage_taken":0,"max_hp_gain":0,"max_hp_loss":9,"event_name":"The Moai Head","floor":36,"gold_loss":0},{"damage_healed":0,"gold_gain":0,"player_choice":"Ignored","damage_taken":0,"max_hp_gain":0,"max_hp_loss":0,"event_name":"Mysterious Sphere","floor":38,"gold_loss":0},{"damage_healed":0,"gold_gain":0,"player_choice":"Memory 3","damage_taken":10,"max_hp_gain":0,"max_hp_loss":0,"event_name":"SensoryStone","floor":42,"gold_loss":0}],"is_beta":true,"boss_relics":[{"not_picked":["Empty Cage","SacredBark"],"picked":"Astrolabe"},{"not_picked":["Inserter","Tiny House"],"picked":"Velvet Choker"}],"items_purged_floors":[37,39],"is_endless":false,"potions_floor_spawned":[4,5,7,13,16,20,30,45,46],"killed_by":"Time Eater","ascension_level":11}}