{"host":"x4x6fw95e6eqd4n0","time":1608677560,"event":{"mods":["AchievementEnabler","BaseMod","Colored Map","Colored Powertips","DeckTracker","Minty Spire (QoL Compilation)"],"gold_per_floor":[117,117,131,142,142,175,175,175,175,175,191,215,35,60,60,191,191,207,230,82,96,96,96,96],"floor_reached":23,"playtime":1091,"items_purged":["Strike_G"],"score":193,"play_id":"54e741c2-286f-42fd-a965-567f179e6adf","local_time":"20201223005240","is_ascension_mode":false,"campfire_choices":[{"data":"Bullet Time","floor":8,"key":"SMITH"},{"data":"Crippling Poison","floor":10,"key":"SMITH"},{"data":"Backflip","floor":15,"key":"SMITH"}],"circlet_count":0,"master_deck":["Strike_G","Strike_G","Strike_G","Defend_G","Defend_G","Defend_G","Defend_G","Defend_G","Survivor","Neutralize","Poisoned Stab","Crippling Poison+1","Prepared","Bullet Time+1","Tactician","Infinite Blades","Backflip+1","Blur","After Image","Deadly Poison+1","Poisoned Stab","Noxious Fumes","Terror"],"relics":["Ring of the Snake","NeowsBlessing","Golden Idol","Eternal Feather","Mummified Hand","PreservedInsect","Snecko Eye","Nilry\u0027s Codex"],"acts_visited":["Exordium","TheCity"],"potions_floor_usage":[6,6,16,16,23,23],"damage_taken":[{"damage":0,"enemies":"2 Louse","floor":1,"turns":1},{"damage":0,"enemies":"Cultist","floor":3,"turns":1},{"damage":0,"enemies":"Jaw Worm","floor":4,"turns":1},{"damage":16,"enemies":"Lagavulin","floor":6,"turns":7},{"damage":2,"enemies":"Looter","floor":11,"turns":3},{"damage":1,"enemies":"Exordium Wildlife","floor":12,"turns":3},{"damage":4,"enemies":"Exordium Thugs","floor":14,"turns":4},{"damage":24,"enemies":"Hexaghost","floor":16,"turns":11},{"damage":44,"enemies":"Chosen","floor":18,"turns":12},{"damage":0,"enemies":"Shell Parasite","floor":19,"turns":6},{"damage":7,"enemies":"Chosen and Byrds","floor":21,"turns":6},{"damage":5,"enemies":"Gremlin Leader","floor":23,"turns":2}],"seed_played":"1553769541446278646","potions_obtained":[{"floor":1,"key":"AttackPotion"},{"floor":2,"key":"SneckoOil"},{"floor":6,"key":"CunningPotion"},{"floor":12,"key":"LiquidBronze"},{"floor":16,"key":"SpeedPotion"},{"floor":19,"key":"Poison Potion"}],"is_trial":false,"path_per_floor":["M","?","M","M","?","E","?","R","T","R","M","M","$","M","R","B",null,"M","M","$","M","?","E"],"character_chosen":"THE_SILENT","items_purchased":["PreservedInsect","Backflip","Noxious Fumes"],"campfire_rested":0,"item_purchase_floors":[13,13,20],"current_hp_per_floor":[70,70,70,70,53,37,30,39,39,48,46,45,45,41,50,26,70,26,26,26,19,3,0,0],"gold":96,"neow_bonus":"THREE_ENEMY_KILL","is_daily":false,"chose_seed":false,"campfire_upgraded":3,"win_rate":0.0,"timestamp":1608677560,"path_taken":["M","?","M","?","?","E","?","R","T","R","M","M","?","?","R","BOSS","M","M","?","?","?","E"],"items_purchased_type":["Relic","Card","Card"],"build_version":"2020-12-13","purchased_purges":1,"victory":false,"max_hp_per_floor":[70,70,70,70,70,70,70,70,70,70,70,70,70,70,70,70,70,70,70,70,70,70,70,70],"card_choices":[{"not_picked":["PiercingWail","Sucker Punch"],"picked":"Poisoned Stab","floor":1},{"not_picked":["Deflect","Eviscerate"],"picked":"Crippling Poison","floor":3},{"not_picked":["Dagger Spray","Underhanded Strike"],"picked":"Prepared","floor":4},{"not_picked":["Dagger Throw","Masterful Stab"],"picked":"Bullet Time","floor":6},{"not_picked":["Caltrops","Poisoned Stab"],"picked":"Tactician","floor":11},{"not_picked":["Masterful Stab","Blade Dance"],"picked":"Infinite Blades","floor":12},{"not_picked":["Sucker Punch","Deadly Poison"],"picked":"Blur","floor":14},{"not_picked":["Phantasmal Killer","Unload"],"picked":"After Image","floor":16},{"not_picked":["Predator","Skewer"],"picked":"Deadly Poison+1","floor":18},{"not_picked":["PiercingWail","Underhanded Strike"],"picked":"Poisoned Stab","floor":19},{"not_picked":["Backflip","Riddle With Holes"],"picked":"Terror","floor":21}],"player_experience":20491,"relics_obtained":[{"floor":6,"key":"Eternal Feather"},{"floor":9,"key":"Mummified Hand"},{"floor":22,"key":"Nilry\u0027s Codex"}],"event_choices":[{"damage_healed":0,"gold_gain":0,"player_choice":"Got Potions","damage_taken":0,"max_hp_gain":0,"max_hp_loss":0,"event_name":"Lab","floor":2,"gold_loss":0},{"damage_healed":0,"gold_gain":0,"player_choice":"Take Damage","damage_taken":17,"relics_obtained":["Golden Idol"],"max_hp_gain":0,"max_hp_loss":0,"event_name":"Golden Idol","floor":5,"gold_loss":0},{"cards_removed":["Strike_G"],"damage_healed":0,"gold_gain":0,"player_choice":"Card Removal","damage_taken":7,"max_hp_gain":0,"max_hp_loss":0,"event_name":"Golden Wing","floor":7,"gold_loss":0},{"damage_healed":0,"gold_gain":0,"player_choice":"Obtained Book","damage_taken":16,"max_hp_gain":0,"max_hp_loss":0,"event_name":"Cursed Tome","floor":22,"gold_loss":0}],"is_beta":false,"boss_relics":[{"not_picked":["HoveringKite","Sozu"],"picked":"Snecko Eye"}],"items_purged_floors":[20],"is_endless":false,"potions_floor_spawned":[1,6,12,16,19],"killed_by":"Gremlin Leader","ascension_level":0}}