{"host":"cjhtzh7tp54jdfyv","time":1608624147,"event":{"mods":["AchievementEnabler","BaseMod","Colored Map","Colored Powertips","Filter the Spire","Minty Spire (QoL Compilation)","RNG Fix","StSLib","ojb\u0027s Better Paths Mod","ojb\u0027s Info Mod"],"gold_per_floor":[111,123,138,138,158,158,183,203,203,238,12,23,54,129,129,204,204,214,214,232,245,245,245,279,279,279,279,310,310,329,360,372,463,475,507,535,560,586,598,642,670,730,742,766,261,287,306,316,316,316,316,316,316,1,35,35],"floor_reached":57,"playtime":7682,"items_purged":["Strike_G"],"score":2992,"play_id":"6f7db05f-5980-4f48-a722-6f0e8cf23428","local_time":"20201222030227","is_ascension_mode":true,"campfire_choices":[{"data":"Dagger Throw","floor":6.0,"key":"SMITH"},{"data":"Catalyst","floor":15.0,"key":"SMITH"},{"floor":23.0,"key":"REST"},{"data":"Footwork","floor":29.0,"key":"SMITH"},{"data":"Leg Sweep","floor":32.0,"key":"SMITH"},{"floor":49,"key":"RECALL"},{"data":"Burst","floor":53,"key":"SMITH"}],"circlet_count":0,"master_deck":["AscendersBane","Strike_G","Strike_G","Strike_G","Defend_G","Defend_G","Defend_G","Defend_G","Defend_G","Survivor","Neutralize","Dagger Throw+1","Crippling Poison+1","Backflip","Catalyst+1","Terror","Poisoned Stab","Die Die Die","Glass Knife","Dodge and Roll+1","Backflip","Flechettes","Night Terror","Footwork+1","Cloak And Dagger","Leg Sweep+1","Blur","Burst+1","Dodge and Roll+1","Decay","Leg Sweep+1","Envenom"],"relics":["Velvet Choker","Matryoshka","Bag of Marbles","Pantograph","Anchor","Orichalcum","PreservedInsect","Runic Pyramid","Enchiridion","Singing Bowl","Toy Ornithopter","Paper Crane","MawBank","Cursed Key","Dream Catcher","Bird Faced Urn","ClockworkSouvenir","Pear","Mummified Hand","TheAbacus","Gremlin Horn"],"acts_visited":["Exordium","TheCity","TheBeyond","TheEnding"],"potions_floor_usage":[37,40,42,51,56,56],"damage_taken":[{"damage":0.0,"enemies":"2 Louse","floor":1.0,"turns":4.0},{"damage":1.0,"enemies":"Cultist","floor":2.0,"turns":4.0},{"damage":0.0,"enemies":"Jaw Worm","floor":3.0,"turns":4.0},{"damage":12.0,"enemies":"Exordium Thugs","floor":5.0,"turns":5.0},{"damage":27.0,"enemies":"Gremlin Nob","floor":7.0,"turns":4.0},{"damage":7.0,"enemies":"Lots of Slimes","floor":8.0,"turns":3.0},{"damage":13.0,"enemies":"Lagavulin","floor":10.0,"turns":7.0},{"damage":0.0,"enemies":"Red Slaver","floor":12.0,"turns":3.0},{"damage":2.0,"enemies":"Gremlin Nob","floor":13.0,"turns":3.0},{"damage":9.0,"enemies":"Hexaghost","floor":16.0,"turns":9.0},{"damage":0.0,"enemies":"Chosen","floor":18.0,"turns":3.0},{"damage":1.0,"enemies":"2 Thieves","floor":20.0,"turns":3.0},{"damage":14.0,"enemies":"Snake Plant","floor":21.0,"turns":2.0},{"damage":11.0,"enemies":"Gremlin Leader","floor":24.0,"turns":4.0},{"damage":0.0,"enemies":"Slavers","floor":28.0,"turns":3.0},{"damage":0.0,"enemies":"Shelled Parasite and Fungi","floor":30.0,"turns":5.0},{"damage":3.0,"enemies":"Gremlin Leader","floor":31.0,"turns":6.0},{"damage":0.0,"enemies":"Champ","floor":33.0,"turns":9.0},{"damage":9.0,"enemies":"3 Darklings","floor":35.0,"turns":4.0},{"damage":0.0,"enemies":"3 Shapes","floor":36.0,"turns":4.0},{"damage":10,"enemies":"Spire Growth","floor":37,"turns":4},{"damage":0,"enemies":"Maw","floor":38,"turns":3},{"damage":3,"enemies":"Reptomancer","floor":40,"turns":5},{"damage":8,"enemies":"Jaw Worm Horde","floor":41,"turns":4},{"damage":0,"enemies":"2 Orb Walkers","floor":42,"turns":7},{"damage":19,"enemies":"Spire Growth","floor":44,"turns":9},{"damage":0,"enemies":"Giant Head","floor":46,"turns":8},{"damage":5,"enemies":"3 Darklings","floor":47,"turns":6},{"damage":0,"enemies":"Writhing Mass","floor":48,"turns":6},{"damage":13,"enemies":"Donu and Deca","floor":50,"turns":16},{"damage":32,"enemies":"Awakened One","floor":51,"turns":77},{"damage":62,"enemies":"Shield and Spear","floor":55,"turns":8},{"damage":51,"enemies":"The Heart","floor":56,"turns":9}],"seed_played":"1644823829244865974","potions_obtained":[{"floor":3.0,"key":"Explosive Potion"},{"floor":7.0,"key":"FearPotion"},{"floor":8.0,"key":"Regen Potion"},{"floor":10.0,"key":"Explosive Potion"},{"floor":18.0,"key":"Energy Potion"},{"floor":30.0,"key":"SkillPotion"},{"floor":31.0,"key":"SteroidPotion"},{"floor":33.0,"key":"BlessingOfTheForge"},{"floor":37,"key":"AttackPotion"},{"floor":42,"key":"Strength Potion"},{"floor":44,"key":"BlessingOfTheForge"}],"is_trial":false,"path_per_floor":["M","M","M","?","M","R","E","M","T","E","$","M","E","?","R","B",null,"M","?","M","M","T","R","E","?","T","?","E","R","M","E","R","B",null,"M","M","M","M","?","E","M","?","T","M","$","E","M","M","R","B","B",null,"R","$","E","B",null],"character_chosen":"THE_SILENT","items_purchased":["Orichalcum","Explosive Potion","ClockworkSouvenir","Pear","DuplicationPotion","Envenom","TheAbacus"],"campfire_rested":1,"item_purchase_floors":[11,11,45,45,54,54,54],"current_hp_per_floor":[59,58,58,58,46,46,19,12,12,14,14,14,12,1,1,17,54,54,33,32,18,18,37,26,26,26,26,33,33,33,35,35,60,66,59,59,56,58,58,62,56,63,63,62,72,78,85,95,95,85,73,90,90,90,46,42],"gold":35,"neow_bonus":"BOSS_RELIC","is_daily":false,"chose_seed":false,"campfire_upgraded":5,"win_rate":0.0,"timestamp":1608624147,"path_taken":["M","M","M","?","M","R","E","M","T","E","$","M","E","?","R","BOSS","M","?","M","M","?","R","E","?","T","?","E","R","?","E","R","BOSS","M","M","M","M","?","E","M","?","T","M","$","E","M","?","R","BOSS","BOSS","R","$","E","BOSS"],"items_purchased_type":["Relic","Potion","Relic","Relic","Potion","Card","Relic"],"build_version":"2020-12-13","purchased_purges":1,"victory":true,"max_hp_per_floor":[66,66,66,66,66,66,66,66,66,66,66,66,66,66,66,66,66,66,66,66,66,66,66,66,66,66,66,68,68,68,68,68,68,68,70,70,72,74,74,76,78,80,80,82,92,94,96,96,96,96,96,96,96,96,98,98],"card_choices":[{"not_picked":["Acrobatics","Expertise"],"picked":"Dagger Throw","floor":1.0},{"not_picked":["Sucker Punch","Outmaneuver","Blur"],"picked":"SKIP","floor":2.0},{"not_picked":["Cloak And Dagger","Outmaneuver"],"picked":"Crippling Poison","floor":3.0},{"not_picked":["Distraction","Sucker Punch","Outmaneuver"],"picked":"SKIP","floor":5.0},{"not_picked":["Escape Plan","Blur"],"picked":"Backflip","floor":7.0},{"not_picked":["Die Die Die","Setup"],"picked":"Catalyst","floor":8.0},{"not_picked":["PiercingWail","Sucker Punch"],"picked":"Terror","floor":10.0},{"not_picked":["Prepared","Concentrate"],"picked":"Poisoned Stab","floor":12.0},{"not_picked":["Dodge and Roll","Blur"],"picked":"Die Die Die","floor":13.0},{"not_picked":["Bullet Time","Phantasmal Killer"],"picked":"Glass Knife","floor":16.0},{"not_picked":["Deflect","Infinite Blades"],"picked":"Dodge and Roll+1","floor":18.0},{"not_picked":["Sucker Punch","Poisoned Stab"],"picked":"Backflip","floor":20.0},{"not_picked":["Reflex","Underhanded Strike"],"picked":"Flechettes","floor":21.0},{"not_picked":["Riddle With Holes","Acrobatics"],"picked":"Night Terror","floor":24.0},{"not_picked":["Dodge and Roll","Deadly Poison","Poisoned Stab"],"picked":"Singing Bowl","floor":28.0},{"not_picked":["Acrobatics","Bouncing Flask"],"picked":"Leg Sweep","floor":30.0},{"not_picked":["Dodge and Roll","Well Laid Plans"],"picked":"Blur","floor":31.0},{"not_picked":["Grand Finale","A Thousand Cuts"],"picked":"Burst","floor":33.0},{"not_picked":["Dagger Throw","Outmaneuver","Underhanded Strike"],"picked":"Singing Bowl","floor":35.0},{"not_picked":["Backflip+1","Escape Plan"],"picked":"Dodge and Roll+1","floor":36.0},{"not_picked":["Backflip","Expertise","Endless Agony"],"picked":"Singing Bowl","floor":37},{"not_picked":["Quick Slash+1","Bane","Flying Knee"],"picked":"Singing Bowl","floor":38},{"not_picked":["Dagger Spray","Blade Dance","Eviscerate+1"],"picked":"Singing Bowl","floor":40},{"not_picked":["Prepared","Bane","Riddle With Holes"],"picked":"Singing Bowl","floor":41},{"not_picked":["All Out Attack+1","Underhanded Strike","Cloak And Dagger+1"],"picked":"Singing Bowl","floor":42},{"not_picked":["Blade Dance","Caltrops","Backstab"],"picked":"Singing Bowl","floor":44},{"not_picked":["Dagger Spray+1","Unload","Infinite Blades"],"picked":"Singing Bowl","floor":46},{"not_picked":["All Out Attack+1","Sucker Punch","Poisoned Stab"],"picked":"Singing Bowl","floor":47},{"not_picked":["Slice","Underhanded Strike"],"picked":"Leg Sweep+1","floor":48},{"not_picked":["Concentrate","Prepared","Bane"],"picked":"Singing Bowl","floor":55}],"player_experience":4345238,"relics_obtained":[{"floor":7.0,"key":"Matryoshka"},{"floor":9.0,"key":"Bag of Marbles"},{"floor":9.0,"key":"Pantograph"},{"floor":10.0,"key":"Anchor"},{"floor":13.0,"key":"PreservedInsect"},{"floor":19.0,"key":"Enchiridion"},{"floor":22.0,"key":"Singing Bowl"},{"floor":24.0,"key":"Toy Ornithopter"},{"floor":26.0,"key":"Paper Crane"},{"floor":31.0,"key":"MawBank"},{"floor":40,"key":"Dream Catcher"},{"floor":42,"key":"Bird Faced Urn"},{"floor":46,"key":"Mummified Hand"},{"floor":55,"key":"Gremlin Horn"}],"event_choices":[{"damage_healed":0.0,"max_hp_gain":0.0,"max_hp_loss":0.0,"gold_gain":0.0,"event_name":"Living Wall","player_choice":"Grow","floor":4.0,"gold_loss":0.0,"damage_taken":0.0,"cards_upgraded":["Crippling Poison"]},{"damage_healed":0.0,"max_hp_gain":0.0,"max_hp_loss":0.0,"gold_gain":75.0,"event_name":"World of Goop","player_choice":"Gather Gold","floor":14.0,"gold_loss":0.0,"damage_taken":11.0},{"damage_healed":0.0,"max_hp_gain":0.0,"max_hp_loss":0.0,"gold_gain":0.0,"event_name":"Cursed Tome","player_choice":"Obtained Book","floor":19.0,"gold_loss":0.0,"damage_taken":21.0},{"damage_healed":0.0,"max_hp_gain":0.0,"max_hp_loss":0.0,"gold_gain":0.0,"event_name":"The Library","player_choice":"Read","floor":25.0,"gold_loss":0.0,"damage_taken":0.0,"cards_obtained":["Footwork"]},{"damage_healed":0.0,"max_hp_gain":0.0,"max_hp_loss":0.0,"gold_gain":0.0,"cards_transformed":["Strike_G"],"event_name":"Transmorgrifier","player_choice":"Transformed","floor":27.0,"gold_loss":0.0,"damage_taken":0.0,"cards_obtained":["Cloak And Dagger"]},{"damage_healed":0,"gold_gain":0,"player_choice":"Ignored","damage_taken":0,"max_hp_gain":0,"max_hp_loss":0,"event_name":"Tomb of Lord Red Mask","floor":39,"gold_loss":0},{"damage_healed":0,"gold_gain":0,"player_choice":"Fight","damage_taken":0,"max_hp_gain":0,"max_hp_loss":0,"event_name":"Mysterious Sphere","floor":42,"gold_loss":0}],"is_beta":false,"boss_relics":[{"not_picked":["SacredBark","Fusion Hammer"],"picked":"Runic Pyramid"},{"not_picked":["Snecko Eye","SlaversCollar"],"picked":"Cursed Key"}],"items_purged_floors":[45],"is_endless":false,"potions_floor_spawned":[3,7,8,10,16,18,30,31,33,37,42,44,47,55],"ascension_level":20}}