{"host":"ln6xh2dj126ndm3e","time":1608671762,"event":{"mods":["AchievementEnabler","Aspiration","Astrologer","BaseMod","Better Altar","Better Match","Better Note","Better Sensory Stone","Better Skull","Better Third Choice","BetterRewards","CCEM","Colored Map","Conspire","Downfall","GifTheSpireLib","Halation","Highlight Path","Hubris","Infinite Spire","Minty Spire (QoL Compilation)","Permanent Neow","Replay The Spire","Shop Mod","Spicy Shops","StSLib","Unceasing Turn Reminder"],"gold_per_floor":[117,0,0,13,24,59,59,70,70,89,89,99,115,125,125,125,125],"floor_reached":16,"playtime":1189,"items_purged":[],"score":106,"play_id":"2717f090-c4a8-4f3a-b24b-4c34642f8aea","local_time":"20201222151602","is_ascension_mode":false,"campfire_choices":[{"floor":7,"key":"REST"},{"floor":11,"key":"REST"},{"floor":15,"key":"REST"}],"circlet_count":0,"master_deck":["Strike_G","Strike_G","Strike_G","Strike_G","Strike_G","Defend_G","Defend_G","Defend_G+1","Defend_G","Defend_G","Survivor","Neutralize","PiercingWail+1","Enlightenment","Underhanded Strike","Slice","Toxin Wave","Catalyst","Malaise","Poisoned Stab+1","Corpse Explosion"],"relics":["Ring of the Snake","infinitespire:Beetle Shell","Gremlin Food","halation:PrussianBluePaint"],"acts_visited":["Exordium"],"potions_floor_usage":[6],"damage_taken":[{"damage":0,"enemies":"Cultist","floor":1,"turns":3},{"damage":2,"enemies":"Small Slimes","floor":4,"turns":4},{"damage":1,"enemies":"2 Louse","floor":5,"turns":5},{"damage":43,"enemies":"Gremlin Nob","floor":6,"turns":6},{"damage":0,"enemies":"2 Fungi Beasts","floor":8,"turns":5},{"damage":12,"enemies":"Gremlin Gang","floor":10,"turns":5},{"damage":9,"enemies":"3 Louse","floor":12,"turns":3},{"damage":20,"enemies":"Large Slime","floor":13,"turns":9},{"damage":7,"enemies":"Exordium Thugs","floor":14,"turns":5},{"damage":66,"enemies":"Fading Forest","floor":16,"turns":8}],"seed_played":"-4830074984818994116","potions_obtained":[{"floor":1,"key":"SteroidPotion"},{"floor":5,"key":"Dexterity Potion"},{"floor":8,"key":"champ:CounterPotion"},{"floor":10,"key":"Explosive Potion"}],"is_trial":false,"path_per_floor":["M","?","?","M","M","E","R","M","T","M","R","M","M","M","R","B"],"character_chosen":"THE_SILENT","items_purchased":[],"campfire_rested":3,"item_purchase_floors":[],"current_hp_per_floor":[70,76,76,74,73,30,52,52,52,40,62,53,33,26,48,0,0],"gold":125,"neow_bonus":"ONE_RANDOM_RARE_CARD","is_daily":false,"chose_seed":false,"campfire_upgraded":0,"win_rate":0.0,"timestamp":1608671762,"path_taken":["M","?","?","M","M","E","R","M","T","?","R","M","M","M","R","BOSS"],"items_purchased_type":[],"build_version":"2020-12-13","purchased_purges":0,"victory":false,"max_hp_per_floor":[70,76,76,76,76,76,76,76,76,76,76,76,76,76,76,76,76],"card_choices":[{"not_picked":["Prepared","Deflect"],"picked":"PiercingWail","floor":1},{"not_picked":["Accuracy","Catalyst"],"picked":"Underhanded Strike","floor":4},{"not_picked":["Blur","Prepared"],"picked":"Slice","floor":5},{"not_picked":["Infinite Blades","Terror"],"picked":"Toxin Wave","floor":6},{"not_picked":["Dagger Throw","Outmaneuver","Flying Knee"],"picked":"SKIP","floor":8},{"not_picked":["Quick Slash","Hidden Blade"],"picked":"Catalyst","floor":10},{"not_picked":["Cloak And Dagger","Quick Slash"],"picked":"Malaise","floor":12},{"not_picked":["Dagger Throw","ReplayTheSpireMod:Scrap Shanks"],"picked":"Poisoned Stab","floor":13},{"not_picked":["Bane","Dagger Throw"],"picked":"Corpse Explosion","floor":14}],"player_experience":444387,"relics_obtained":[{"floor":6,"key":"Gremlin Food"},{"floor":9,"key":"halation:PrussianBluePaint"}],"event_choices":[{"damage_healed":0,"gold_gain":0,"player_choice":"RENOUNCE","damage_taken":117,"max_hp_gain":0,"max_hp_loss":0,"event_name":"betterThird:BetterSerpent","floor":2,"gold_loss":117,"cards_obtained":["Enlightenment"]},{"cards_removed":["Die Die Die"],"damage_healed":0,"gold_gain":0,"player_choice":"Gave Card","damage_taken":0,"relics_obtained":["infinitespire:Beetle Shell"],"max_hp_gain":0,"max_hp_loss":0,"event_name":"WeMeetAgain","floor":3,"gold_loss":0}],"is_beta":false,"boss_relics":[],"items_purged_floors":[],"is_endless":false,"potions_floor_spawned":[1,5,8,10,12],"killed_by":"Fading Forest","ascension_level":0}}