{"host":"etaq29tqikxfqxk8","time":1608681321,"event":{"mods":["AchievementEnabler","BaseMod","Better Third Choice","BetterRewards","Colored Map","Colored Powertips","Minty Spire (QoL Compilation)","Rare Cards Sparkle","Shop Mod","StSLib","yUi"],"gold_per_floor":[114,114,189,259,259,292,292,292,292,292,55,55,55,71,71,171,171,160,179,179,22,22,22,22,22,70,102,114,114,114,126,126,227,227,243,39,54,54,68,68,81,81,81,95,95,95,114,114,114,114],"floor_reached":51,"playtime":2217,"items_purged":[],"score":819,"play_id":"e0ec53da-65a4-433d-8a0a-73ac581d72c6","local_time":"20201223005521","is_ascension_mode":true,"campfire_choices":[{"data":"Flying Knee","floor":8,"key":"SMITH"},{"data":"Survivor","floor":10,"key":"SMITH"},{"data":"Bouncing Flask","floor":12,"key":"SMITH"},{"data":"Blade Dance","floor":15,"key":"SMITH"},{"floor":23,"key":"REST"},{"data":"Catalyst","floor":25,"key":"SMITH"},{"data":"Bouncing Flask","floor":29,"key":"SMITH"},{"floor":32,"key":"REST"},{"data":"Blade Dance","floor":40,"key":"SMITH"},{"floor":42,"key":"REST"},{"floor":45,"key":"REST"},{"floor":49,"key":"REST"}],"circlet_count":0,"master_deck":["Strike_G","Strike_G","Strike_G","Strike_G","Strike_G","Defend_G","Defend_G","Defend_G","Defend_G","Defend_G","Survivor+1","Neutralize","Flying Knee+1","Flying Knee+1","Blade Dance+1","Bouncing Flask+1","Noxious Fumes","Venomology","Catalyst+1","Bane+1","Writhe","Bouncing Flask+1","Bouncing Flask+1","Slice+1","Corpse Explosion","Slice+1","Blade Dance+1","Poisoned Stab","Cloak And Dagger+1","Bane+1","Quick Slash+1","Doubt","Parasite","Catalyst","The Bomb","Trip","Apotheosis"],"relics":["Ring of the Snake","NeowsBlessing","InkBottle","CaptainsWheel","Question Card","Medical Kit","WristBlade","MutagenicStrength","Snake Skull","Ninja Scroll","Potion Belt","Darkstone Periapt","Philosopher\u0027s Stone","Lee\u0027s Waffle","Blood Vial","Paper Crane"],"acts_visited":["Exordium","TheCity","TheBeyond"],"potions_floor_usage":[19,33,33,33,44,47,50,50,50,50],"damage_taken":[{"damage":0,"enemies":"2 Louse","floor":1,"turns":1},{"damage":0,"enemies":"Jaw Worm","floor":5,"turns":1},{"damage":0,"enemies":"Lagavulin","floor":6,"turns":1},{"damage":0,"enemies":"Cultist","floor":14,"turns":2},{"damage":22,"enemies":"The Guardian","floor":16,"turns":8},{"damage":24,"enemies":"2 Thieves","floor":18,"turns":4},{"damage":9,"enemies":"Chosen","floor":19,"turns":6},{"damage":14,"enemies":"Book of Stabbing","floor":27,"turns":3},{"damage":0,"enemies":"Snake Plant","floor":28,"turns":2},{"damage":6,"enemies":"Snecko","floor":31,"turns":3},{"damage":4,"enemies":"Champ","floor":33,"turns":6},{"damage":18,"enemies":"3 Darklings","floor":35,"turns":2},{"damage":11,"enemies":"Orb Walker","floor":37,"turns":2},{"damage":10,"enemies":"4 Shapes","floor":39,"turns":2},{"damage":21,"enemies":"3 Darklings","floor":41,"turns":3},{"damage":15,"enemies":"Maw","floor":44,"turns":5},{"damage":16,"enemies":"Writhing Mass","floor":47,"turns":5},{"damage":57,"enemies":"Time Eater","floor":50,"turns":7}],"seed_played":"7646950743489195093","potions_obtained":[{"floor":6,"key":"Regen Potion"},{"floor":27,"key":"Ancient Potion"},{"floor":31,"key":"CunningPotion"},{"floor":37,"key":"Weak Potion"},{"floor":39,"key":"Ancient Potion"}],"is_trial":false,"path_per_floor":["M","?","?","T","M","E","?","R","T","R","$","R","?","M","R","B",null,"M","M","?","$","?","R","?","R","T","E","M","R","?","M","R","B",null,"M","$","M","?","M","R","M","R","T","M","R","?","M","?","R","B",null],"character_chosen":"THE_SILENT","items_purchased":["Blade Dance","Bouncing Flask","Medical Kit","Snake Skull","Lee\u0027s Waffle","Blade Dance"],"campfire_rested":5,"item_purchase_floors":[11,11,11,21,36,36],"current_hp_per_floor":[70,70,59,59,59,59,59,59,59,59,59,59,59,59,59,37,70,46,49,49,49,49,70,70,70,70,56,56,56,56,50,70,66,70,52,77,66,66,58,58,39,62,62,49,72,83,73,63,89,32],"gold":114,"neow_bonus":"THREE_ENEMY_KILL","is_daily":false,"chose_seed":false,"campfire_upgraded":7,"win_rate":0.0,"timestamp":1608681321,"path_taken":["M","?","?","?","?","E","?","R","T","R","$","R","?","M","R","BOSS","M","M","?","$","?","R","?","R","T","E","M","R","?","?","R","BOSS","M","$","M","?","?","R","M","R","T","M","R","?","M","?","R","BOSS"],"items_purchased_type":["Card","Card","Relic","Relic","Relic","Card"],"build_version":"2020-12-13","purchased_purges":0,"victory":true,"max_hp_per_floor":[70,70,70,70,70,70,70,70,70,70,70,70,70,70,70,70,70,70,70,70,70,70,70,70,70,70,70,70,70,70,70,70,70,70,70,77,77,77,77,77,77,77,77,77,77,83,89,89,89,89],"card_choices":[{"not_picked":["Dodge and Roll","Dagger Spray"],"picked":"Flying Knee","floor":1},{"not_picked":["Slice","Acrobatics","Prepared"],"picked":"SKIP","floor":5},{"not_picked":["Outmaneuver","Blur"],"picked":"Flying Knee","floor":6},{"not_picked":["Deflect","Backflip","Slice"],"picked":"Noxious Fumes","floor":14},{"not_picked":["Tools of the Trade","Malaise","A Thousand Cuts"],"picked":"Venomology","floor":16},{"not_picked":["Sucker Punch","Distraction","Backflip"],"picked":"Catalyst","floor":18},{"not_picked":["Slice","PiercingWail","Expertise+1"],"picked":"Bane+1","floor":19},{"not_picked":["Well Laid Plans","Die Die Die","Noxious Fumes"],"picked":"Bouncing Flask+1","floor":27},{"not_picked":["Dagger Throw","Leg Sweep","Slice"],"picked":"Bouncing Flask","floor":28},{"not_picked":["Dagger Spray","Riddle With Holes+1","Skewer"],"picked":"Slice+1","floor":31},{"not_picked":["Glass Knife","Tools of the Trade","Storm of Steel"],"picked":"Corpse Explosion","floor":33},{"not_picked":["Footwork+1","Underhanded Strike+1","Dagger Spray+1"],"picked":"Slice+1","floor":35},{"not_picked":["Prepared","Caltrops","Reflex+1"],"picked":"Poisoned Stab","floor":37},{"not_picked":["Slice","Noxious Fumes","Caltrops"],"picked":"Cloak And Dagger+1","floor":39},{"not_picked":["Distraction","Dodge and Roll","Prepared+1"],"picked":"Bane+1","floor":41},{"not_picked":["Dodge and Roll","Dagger Spray+1","Finisher"],"picked":"Quick Slash+1","floor":44},{"not_picked":["Deadly Poison+1","Backflip","Skewer"],"picked":"Catalyst","floor":47},{"not_picked":["Panache","Good Instincts","Blind"],"picked":"The Bomb","floor":48},{"not_picked":["Thinking Ahead","Secret Weapon","Enlightenment"],"picked":"Trip","floor":48},{"not_picked":["Mind Blast","Swift Strike","Enlightenment"],"picked":"Apotheosis","floor":48}],"player_experience":28032,"relics_obtained":[{"floor":4,"key":"InkBottle"},{"floor":6,"key":"CaptainsWheel"},{"floor":9,"key":"Question Card"},{"floor":26,"key":"Potion Belt"},{"floor":27,"key":"Darkstone Periapt"},{"floor":43,"key":"Paper Crane"}],"event_choices":[{"damage_healed":0,"gold_gain":0,"player_choice":"Ignored","damage_taken":0,"max_hp_gain":0,"max_hp_loss":0,"event_name":"Golden Wing","floor":2,"gold_loss":0},{"damage_healed":0,"gold_gain":75,"player_choice":"Gold","damage_taken":11,"max_hp_gain":0,"max_hp_loss":0,"event_name":"betterThird:BetterGoop","floor":3,"gold_loss":0},{"damage_healed":0,"gold_gain":0,"player_choice":"Grow","damage_taken":0,"max_hp_gain":0,"max_hp_loss":0,"event_name":"Living Wall","floor":7,"gold_loss":0,"cards_upgraded":["Flying Knee"]},{"damage_healed":0,"gold_gain":0,"player_choice":"Leave","damage_taken":0,"max_hp_gain":0,"max_hp_loss":0,"event_name":"The Cleric","floor":13,"gold_loss":0},{"damage_healed":0,"gold_gain":0,"player_choice":"Inject Mutagens","damage_taken":0,"relics_obtained":["MutagenicStrength"],"max_hp_gain":0,"max_hp_loss":0,"event_name":"Drug Dealer","floor":20,"gold_loss":0},{"damage_healed":0,"gold_gain":0,"player_choice":"Opened","damage_taken":0,"relics_obtained":["Ninja Scroll"],"max_hp_gain":0,"max_hp_loss":0,"event_name":"The Mausoleum","floor":22,"gold_loss":0,"cards_obtained":["Writhe"]},{"damage_healed":0,"gold_gain":0,"player_choice":"Ignored","damage_taken":0,"max_hp_gain":0,"max_hp_loss":0,"event_name":"Ghosts","floor":24,"gold_loss":0},{"damage_healed":0,"gold_gain":0,"player_choice":"Ignored","damage_taken":0,"max_hp_gain":0,"max_hp_loss":0,"event_name":"Vampires","floor":30,"gold_loss":0},{"damage_healed":0,"gold_gain":0,"player_choice":"Gave Potion","damage_taken":0,"relics_obtained":["Blood Vial"],"max_hp_gain":0,"max_hp_loss":0,"event_name":"WeMeetAgain","floor":38,"gold_loss":0},{"damage_healed":5,"gold_gain":0,"player_choice":"Heal","damage_taken":0,"max_hp_gain":0,"max_hp_loss":0,"event_name":"MindBloom","floor":46,"gold_loss":0,"cards_obtained":["Doubt"]},{"damage_healed":0,"gold_gain":0,"player_choice":"Memory 3","damage_taken":10,"max_hp_gain":0,"max_hp_loss":0,"event_name":"SensoryStone","floor":48,"gold_loss":0}],"is_beta":false,"boss_relics":[{"not_picked":["SlaversCollar","Fusion Hammer"],"picked":"WristBlade"},{"not_picked":["Busted Crown","Sozu"],"picked":"Philosopher\u0027s Stone"}],"items_purged_floors":[],"is_endless":false,"potions_floor_spawned":[6,27,31,37,39],"ascension_level":1}}