{"host":"2o3sockympbxxanu","time":1608638551,"event":{"mods":["AchievementEnabler","BaseMod","Colored Map","Colored Powertips","Downfall","Marisa£®ÏF”Í°°ƒß¿Ì…≥£©","Minty Spire (QoL Compilation)","StSLib"],"gold_per_floor":[109,129,129,141,141,174,174,189,189,205,217,235,235,252,252,252,252],"floor_reached":16,"playtime":2617,"items_purged":[],"score":117,"play_id":"80441557-09e4-4529-9310-6adb8e86404d","local_time":"20201222200231","is_ascension_mode":true,"campfire_choices":[{"data":"Bouncing Flask","floor":7.0,"key":"SMITH"},{"floor":13,"key":"REST"},{"floor":15,"key":"REST"}],"circlet_count":0,"master_deck":["Strike_G","Strike_G","Strike_G","Strike_G","Strike_G","Defend_G","Defend_G","Defend_G","Defend_G","Defend_G","Survivor","Neutralize","Bouncing Flask+1","Regret","Dagger Spray+1","Deflect","Terror"],"relics":["Ring of the Snake","Centennial Puzzle","White Beast Statue","StrikeDummy","Molten Egg 2"],"acts_visited":["Exordium"],"potions_floor_usage":[8,11,14,14],"damage_taken":[{"damage":2.0,"enemies":"Cultist","floor":1.0,"turns":4.0},{"damage":1.0,"enemies":"2 Louse","floor":2.0,"turns":3.0},{"damage":3.0,"enemies":"Jaw Worm","floor":4.0,"turns":7.0},{"damage":31.0,"enemies":"Gremlin Nob","floor":6.0,"turns":5.0},{"damage":9,"enemies":"Gremlin Gang","floor":8,"turns":6},{"damage":8,"enemies":"Blue Slaver","floor":10,"turns":3},{"damage":10,"enemies":"Exordium Thugs","floor":11,"turns":2},{"damage":2,"enemies":"Looter","floor":12,"turns":4},{"damage":3,"enemies":"Large Slime","floor":14,"turns":3},{"damage":44,"enemies":"The Guardian","floor":16,"turns":8}],"seed_played":"9037636655527837437","potions_obtained":[{"floor":1.0,"key":"Block Potion"},{"floor":6.0,"key":"GamblersBrew"},{"floor":8,"key":"Explosive Potion"},{"floor":10,"key":"CunningPotion"},{"floor":11,"key":"DuplicationPotion"},{"floor":12,"key":"Fire Potion"},{"floor":14,"key":"Ancient Potion"}],"is_trial":false,"path_per_floor":["M","M","$","M","?","E","R","M","T","M","M","M","R","M","R","B"],"character_chosen":"THE_SILENT","items_purchased":[],"campfire_rested":2,"item_purchase_floors":[],"current_hp_per_floor":[68,67,67,64,64,33,33,24,24,16,6,4,25,22,43,0,0],"gold":252,"neow_bonus":"RANDOM_COMMON_RELIC","is_daily":false,"chose_seed":false,"campfire_upgraded":1,"win_rate":0.0,"timestamp":1608638551,"path_taken":["M","?","?","M","?","E","R","M","T","M","M","?","R","M","R","BOSS"],"items_purchased_type":[],"build_version":"2020-12-13","purchased_purges":0,"victory":false,"max_hp_per_floor":[70,70,70,70,70,70,70,70,70,70,70,70,70,70,70,70,70],"card_choices":[{"not_picked":["Backflip","Flying Knee","Quick Slash"],"picked":"SKIP","floor":1.0},{"not_picked":["Quick Slash","Dagger Throw","Flying Knee"],"picked":"SKIP","floor":2.0},{"not_picked":["Deflect","Expertise"],"picked":"Bouncing Flask","floor":4.0},{"not_picked":["Poisoned Stab","Tactician","Distraction"],"picked":"SKIP","floor":6.0},{"not_picked":["Reflex","Masterful Stab","Die Die Die"],"picked":"SKIP","floor":8},{"not_picked":["Acrobatics","Underhanded Strike+1"],"picked":"Dagger Spray+1","floor":10},{"not_picked":["Leg Sweep","Dagger Throw+1"],"picked":"Deflect","floor":11},{"not_picked":["Dagger Throw+1","Dagger Spray+1"],"picked":"Terror","floor":12},{"not_picked":["Sucker Punch+1","Underhanded Strike+1","Prepared"],"picked":"SKIP","floor":14}],"player_experience":268802,"relics_obtained":[{"floor":6.0,"key":"StrikeDummy"},{"floor":9,"key":"Molten Egg 2"}],"event_choices":[{"damage_healed":0.0,"max_hp_gain":0.0,"max_hp_loss":0.0,"gold_gain":0.0,"event_name":"Big Fish","player_choice":"Box","floor":5.0,"gold_loss":0.0,"damage_taken":0.0,"relics_obtained":["White Beast Statue"],"cards_obtained":["Regret"]}],"is_beta":false,"boss_relics":[],"items_purged_floors":[],"is_endless":false,"potions_floor_spawned":[1,6,8,10,11,12,14],"killed_by":"The Guardian","ascension_level":2}}