{"host":"1c52r9kaxdyo25eq","time":1608671186,"event":{"mods":["AchievementEnabler","BaseMod","Minty Spire (QoL Compilation)","Rare Cards Sparkle","SuperFastMode","everything is the same but u backflip on backflip"],"gold_per_floor":[113,128,140,160,160,194,194,194,194,194,194,32,50,50,50,145,145,161,161,161,187,87,87,87],"floor_reached":23,"playtime":568,"items_purged":["Defend_G","Well Laid Plans"],"score":374,"play_id":"ec5540de-e495-47ed-8d4e-589c94e327d9","local_time":"20201223060626","is_ascension_mode":true,"campfire_choices":[{"floor":8.0,"key":"REST"},{"data":"Skewer","floor":11,"key":"SMITH"},{"floor":15,"key":"REST"}],"circlet_count":0,"master_deck":["AscendersBane","Strike_G","Strike_G","Strike_G","Strike_G","Defend_G","Defend_G","Defend_G","Defend_G","Survivor","Neutralize","Skewer+1","Quick Slash","Backflip","Leg Sweep","Grand Finale","Dash","Acrobatics","After Image","Prepared"],"relics":["Ring of the Snake","Bloody Idol","Torii","Ginger","Turnip","Runic Pyramid","Red Mask"],"acts_visited":["Exordium","TheCity"],"potions_floor_usage":[16,23,23],"damage_taken":[{"damage":4.0,"enemies":"Cultist","floor":1.0,"turns":5.0},{"damage":2.0,"enemies":"Jaw Worm","floor":2.0,"turns":4.0},{"damage":0.0,"enemies":"2 Louse","floor":3.0,"turns":3.0},{"damage":1.0,"enemies":"Blue Slaver","floor":4.0,"turns":5.0},{"damage":47.0,"enemies":"Gremlin Nob","floor":6.0,"turns":6.0},{"damage":8,"enemies":"3 Louse","floor":13,"turns":4},{"damage":6,"enemies":"The Guardian","floor":16,"turns":12},{"damage":14,"enemies":"Spheric Guardian","floor":18,"turns":5},{"damage":22,"enemies":"Masked Bandits","floor":21,"turns":3},{"damage":16,"enemies":"Slavers","floor":23,"turns":4}],"seed_played":"-391785490059422849","potions_obtained":[{"floor":2.0,"key":"FearPotion"},{"floor":4.0,"key":"Dexterity Potion"},{"floor":6.0,"key":"SpeedPotion"},{"floor":13,"key":"Block Potion"},{"floor":21,"key":"SkillPotion"}],"is_trial":false,"path_per_floor":["M","M","M","M","?","E","?","R","T","?","R","$","M","?","R","B",null,"M","?","?","?","$","E"],"character_chosen":"THE_SILENT","items_purchased":["Well Laid Plans"],"campfire_rested":2,"item_purchase_floors":[12],"current_hp_per_floor":[55,53,53,52,52,5,5,23,23,23,23,23,15,6,24,18,50,36,36,36,19,19,3,3],"gold":87,"neow_bonus":"THREE_CARDS","is_daily":false,"chose_seed":false,"campfire_upgraded":1,"win_rate":0.0,"timestamp":1608671186,"path_taken":["M","M","M","M","?","E","?","R","T","?","R","?","M","?","R","BOSS","M","?","?","?","$","E"],"items_purchased_type":["Card"],"build_version":"2020-12-13","purchased_purges":2,"victory":false,"max_hp_per_floor":[66,66,66,66,60,60,60,60,60,60,60,60,60,60,60,60,60,60,60,60,60,60,60,60],"card_choices":[{"not_picked":["Flechettes","Bane"],"picked":"Skewer","floor":0.0},{"not_picked":["Blade Dance","Flying Knee"],"picked":"Quick Slash","floor":1.0},{"not_picked":["Skewer","Eviscerate"],"picked":"Backflip","floor":2.0},{"not_picked":["Terror","Riddle With Holes"],"picked":"Leg Sweep","floor":3.0},{"not_picked":["Backflip","Calculated Gamble"],"picked":"Grand Finale","floor":4.0},{"not_picked":["Outmaneuver","Predator"],"picked":"Dash","floor":6.0},{"not_picked":["Poisoned Stab","Accuracy"],"picked":"Acrobatics","floor":13},{"not_picked":["Envenom","Bullet Time"],"picked":"After Image","floor":16},{"not_picked":["Dodge and Roll","Catalyst","Dagger Spray"],"picked":"SKIP","floor":18},{"not_picked":["Flying Knee","Setup"],"picked":"Prepared","floor":21}],"player_experience":509772,"relics_obtained":[{"floor":6.0,"key":"Torii"},{"floor":9.0,"key":"Turnip"},{"floor":21,"key":"Red Mask"}],"event_choices":[{"damage_healed":0.0,"max_hp_gain":0.0,"max_hp_loss":6.0,"gold_gain":0.0,"event_name":"Golden Idol","player_choice":"Lose Max HP","floor":5.0,"gold_loss":0.0,"damage_taken":0.0,"relics_obtained":["Golden Idol"]},{"damage_healed":0.0,"max_hp_gain":0.0,"max_hp_loss":0.0,"gold_gain":0.0,"event_name":"Dead Adventurer","player_choice":"Searched \u00271\u0027 times","floor":7.0,"gold_loss":0.0,"damage_taken":0.0,"relics_obtained":["Ginger"]},{"cards_removed":["Strike_G"],"damage_healed":0,"gold_gain":0,"player_choice":"Forget","damage_taken":0,"max_hp_gain":0,"max_hp_loss":0,"event_name":"Living Wall","floor":10,"gold_loss":0},{"damage_healed":0,"gold_gain":0,"player_choice":"Damaged","damage_taken":9,"max_hp_gain":0,"max_hp_loss":0,"event_name":"Wheel of Change","floor":14,"gold_loss":0},{"damage_healed":0,"gold_gain":0,"player_choice":"Gave Idol","damage_taken":0,"relics_obtained":["Bloody Idol"],"max_hp_gain":0,"max_hp_loss":0,"event_name":"Forgotten Altar","floor":19,"relics_lost":["Golden Idol"],"gold_loss":0},{"damage_healed":0,"gold_gain":0,"player_choice":"Ignored","damage_taken":0,"max_hp_gain":0,"max_hp_loss":0,"event_name":"Cursed Tome","floor":20,"gold_loss":0},{"damage_healed":0,"gold_gain":0,"player_choice":"Fought Bandits","damage_taken":0,"max_hp_gain":0,"max_hp_loss":0,"event_name":"Masked Bandits","floor":21,"gold_loss":0}],"is_beta":false,"boss_relics":[{"not_picked":["Cursed Key","WristBlade"],"picked":"Runic Pyramid"}],"items_purged_floors":[12,22],"is_endless":false,"potions_floor_spawned":[2,4,6,13,21],"killed_by":"Slavers","ascension_level":20}}