{"host":"7khtwbkyze7y134w","time":1608647303,"event":{"mods":["AchievementEnabler","BaseMod","Bestiary","Colored Map","Colored Powertips","Highlight Path","Minty Spire (QoL Compilation)","Quick Restart","Relic Stats","StSLib","SuperFastMode"],"gold_per_floor":[118,130,143,143,159,159,189,208,234,249,265,7,7,19,19,120,120,134,148,166,166,166],"floor_reached":21,"playtime":1463,"items_purged":[],"score":187,"play_id":"6a3678f5-24a0-474c-92c5-283797f2023b","local_time":"20201222142823","is_ascension_mode":false,"campfire_choices":[{"data":"FlyingSleeves","floor":6,"key":"SMITH"},{"data":"FlyingSleeves","floor":13,"key":"SMITH"},{"floor":15,"key":"REST"}],"circlet_count":0,"master_deck":["Strike_P","Strike_P","Strike_P","Strike_P","Defend_P","Defend_P","Defend_P","Defend_P","Eruption","Vigilance","FlyingSleeves+1","ThirdEye","Protect","CutThroughFate","FlyingSleeves+1","Crescendo","CurseOfTheBell","WindmillStrike"],"relics":["PureWater","Pen Nib","Boot","Ancient Tea Set","Gremlin Horn","Calling Bell","Bag of Preparation","Sundial","CaptainsWheel"],"acts_visited":["Exordium","TheCity"],"potions_floor_usage":[7,16,16,16,18],"damage_taken":[{"damage":0,"enemies":"Cultist","floor":1,"turns":3},{"damage":6,"enemies":"Jaw Worm","floor":2,"turns":4},{"damage":2,"enemies":"2 Louse","floor":3,"turns":2},{"damage":18,"enemies":"Large Slime","floor":5,"turns":7},{"damage":11,"enemies":"Lagavulin","floor":7,"turns":5},{"damage":0,"enemies":"2 Fungi Beasts","floor":8,"turns":2},{"damage":11,"enemies":"3 Louse","floor":10,"turns":2},{"damage":3,"enemies":"Red Slaver","floor":11,"turns":3},{"damage":0,"enemies":"Looter","floor":14,"turns":2},{"damage":28,"enemies":"Hexaghost","floor":16,"turns":8},{"damage":20,"enemies":"Spheric Guardian","floor":18,"turns":4},{"damage":27,"enemies":"2 Thieves","floor":19,"turns":4},{"damage":24,"enemies":"Centurion and Healer","floor":20,"turns":4},{"damage":7,"enemies":"Snake Plant","floor":21,"turns":1}],"seed_played":"2667730208389763850","potions_obtained":[{"floor":2,"key":"Energy Potion"},{"floor":3,"key":"Energy Potion"},{"floor":7,"key":"Dexterity Potion"},{"floor":8,"key":"LiquidMemories"},{"floor":16,"key":"Energy Potion"},{"floor":20,"key":"EssenceOfSteel"}],"is_trial":false,"path_per_floor":["M","M","M","?","M","R","E","M","T","M","M","$","R","M","R","B",null,"M","M","M","M"],"character_chosen":"WATCHER","items_purchased":["Gremlin Horn"],"campfire_rested":1,"item_purchase_floors":[12],"current_hp_per_floor":[72,66,64,52,34,34,23,23,23,12,9,9,9,9,30,2,72,52,25,1,0,0],"gold":166,"neow_bonus":"THREE_CARDS","is_daily":false,"chose_seed":false,"campfire_upgraded":2,"win_rate":0.0,"timestamp":1608647303,"path_taken":["M","M","M","?","M","R","E","M","T","M","M","$","R","M","R","BOSS","M","M","M","M"],"items_purchased_type":["Relic"],"build_version":"2020-12-13","purchased_purges":0,"victory":false,"max_hp_per_floor":[72,72,72,72,72,72,72,72,72,72,72,72,72,72,72,72,72,72,72,72,72,72],"relic_stats":{"Gremlin Horn":[2,2],"counters":[14,51],"Sundial":[2],"Pen Nib":[8],"Bag of Preparation":[8],"Boot":[3],"obtain_stats":[{"Calling Bell":17,"CaptainsWheel":17,"Gremlin Horn":12,"Sundial":17,"Pen Nib":4,"Bag of Preparation":17,"PureWater":0,"Boot":7,"Ancient Tea Set":9},{"Calling Bell":10,"CaptainsWheel":10,"Gremlin Horn":8,"Sundial":10,"Pen Nib":3,"Bag of Preparation":10,"PureWater":0,"Boot":5,"Ancient Tea Set":6},{"Calling Bell":38,"CaptainsWheel":38,"Gremlin Horn":28,"Sundial":38,"Pen Nib":9,"Bag of Preparation":38,"PureWater":0,"Boot":21,"Ancient Tea Set":23}]},"card_choices":[{"not_picked":["FollowUp","Consecrate"],"picked":"FlyingSleeves","floor":0},{"not_picked":["JustLucky","Evaluate","Indignation"],"picked":"SKIP","floor":1},{"not_picked":["Consecrate","WheelKick","FlurryOfBlows"],"picked":"SKIP","floor":2},{"not_picked":["PathToVictory","CrushJoints"],"picked":"ThirdEye","floor":3},{"not_picked":["CarveReality","EmptyBody"],"picked":"Protect","floor":5},{"not_picked":["EmptyBody","BowlingBash","FollowUp"],"picked":"SKIP","floor":7},{"not_picked":["Brilliance","PathToVictory"],"picked":"CutThroughFate","floor":8},{"not_picked":["Worship","EmptyBody","SashWhip"],"picked":"SKIP","floor":10},{"not_picked":["BowlingBash","FearNoEvil"],"picked":"FlyingSleeves","floor":11},{"not_picked":["WaveOfTheHand","Swivel"],"picked":"Crescendo","floor":14},{"not_picked":["Fasting2","DeceiveReality+1","SashWhip"],"picked":"SKIP","floor":18},{"not_picked":["EmptyBody","Consecrate"],"picked":"WindmillStrike","floor":19},{"not_picked":["Weave","EmptyBody","Evaluate"],"picked":"SKIP","floor":20}],"player_experience":13396,"relics_obtained":[{"floor":7,"key":"Boot"},{"floor":9,"key":"Ancient Tea Set"},{"floor":17,"key":"Bag of Preparation"},{"floor":17,"key":"Sundial"},{"floor":17,"key":"CaptainsWheel"}],"event_choices":[{"damage_healed":0,"gold_gain":0,"player_choice":"Success","damage_taken":12,"relics_obtained":["Pen Nib"],"max_hp_gain":0,"max_hp_loss":0,"event_name":"Scrap Ooze","floor":4,"gold_loss":0}],"is_beta":false,"boss_relics":[{"not_picked":["HolyWater","Velvet Choker"],"picked":"Calling Bell"}],"items_purged_floors":[],"is_endless":false,"potions_floor_spawned":[2,3,7,8,16,20],"killed_by":"Snake Plant","ascension_level":0}}