{"host":"f0gpob8hq9vgebej","time":1608618542,"event":{"mods":["AchievementEnabler","BaseMod","Googly Eyes","Minty Spire (QoL Compilation)","Quick Restart","SuperFastMode"],"gold_per_floor":[111,111,127,143,153,153,171,182,182,107,121,121,144,159,159,262,262,273,173,83,16,27,27,62,74,74,92,104,104,117,127,127,231,231,249,263,263,277,277,294,294,314,338,48,48,48],"floor_reached":45,"playtime":1159,"items_purged":["Strike_G","Strike_G","Strike_G"],"score":696,"play_id":"68b87a89-7174-4712-8246-845211c76f81","local_time":"20201222152902","is_ascension_mode":true,"campfire_choices":[{"data":"Deadly Poison","floor":6.0,"key":"SMITH"},{"data":"Neutralize","floor":12.0,"key":"SMITH"},{"data":"Masterful Stab","floor":15.0,"key":"SMITH"},{"data":"Backflip","floor":23.0,"key":"SMITH"},{"floor":32.0,"key":"REST"},{"floor":41.0,"key":"REST"}],"circlet_count":0,"master_deck":["AscendersBane","Strike_G+1","Defend_G","Defend_G","Defend_G","Defend_G","Defend_G","Survivor","Neutralize+1","Deadly Poison+1","Acrobatics","Backflip+1","Reflex+1","Corpse Explosion+1","PiercingWail+1","Tactician+1","Deadly Poison+1","Bouncing Flask+1","Calculated Gamble+1","Prepared+1","Dodge and Roll+1","Burst+1","Backflip+1","Prepared+1","Wraith Form v2","Secret Technique+1"],"relics":["Ring of the Serpent","Ginger","Toxic Egg 2","Art of War","Darkstone Periapt","Bronze Scales","HoveringKite","Pen Nib"],"acts_visited":["Exordium","TheCity","TheBeyond"],"potions_floor_usage":[],"damage_taken":[{"damage":3.0,"enemies":"2 Louse","floor":1.0,"turns":4.0},{"damage":3.0,"enemies":"Jaw Worm","floor":3.0,"turns":4.0},{"damage":0.0,"enemies":"Small Slimes","floor":4.0,"turns":3.0},{"damage":10.0,"enemies":"Exordium Thugs","floor":5.0,"turns":5.0},{"damage":5.0,"enemies":"Red Slaver","floor":7.0,"turns":3.0},{"damage":0.0,"enemies":"2 Fungi Beasts","floor":8.0,"turns":2.0},{"damage":6.0,"enemies":"Exordium Wildlife","floor":11.0,"turns":5.0},{"damage":0.0,"enemies":"Red Slaver","floor":14.0,"turns":3.0},{"damage":24.0,"enemies":"The Guardian","floor":16.0,"turns":16.0},{"damage":8.0,"enemies":"Spheric Guardian","floor":18.0,"turns":4.0},{"damage":0.0,"enemies":"Shell Parasite","floor":22.0,"turns":6.0},{"damage":9.0,"enemies":"Book of Stabbing","floor":24.0,"turns":6.0},{"damage":5.0,"enemies":"Shelled Parasite and Fungi","floor":25.0,"turns":5.0},{"damage":13.0,"enemies":"Sentry and Sphere","floor":27.0,"turns":3.0},{"damage":0.0,"enemies":"Chosen and Byrds","floor":28.0,"turns":4.0},{"damage":1.0,"enemies":"3 Cultists","floor":30.0,"turns":3.0},{"damage":2.0,"enemies":"Snake Plant","floor":31.0,"turns":3.0},{"damage":21.0,"enemies":"Champ","floor":33.0,"turns":12.0},{"damage":15.0,"enemies":"3 Darklings","floor":35.0,"turns":3.0},{"damage":0.0,"enemies":"3 Shapes","floor":36.0,"turns":5.0},{"damage":10.0,"enemies":"Writhing Mass","floor":38.0,"turns":5.0},{"damage":18.0,"enemies":"Spire Growth","floor":40.0,"turns":5.0},{"damage":9.0,"enemies":"Transient","floor":42.0,"turns":5.0},{"damage":18,"enemies":"Nemesis","floor":45,"turns":4}],"seed_played":"7533390472117019068","potions_obtained":[{"floor":3.0,"key":"FearPotion"},{"floor":7.0,"key":"LiquidBronze"},{"floor":8.0,"key":"AttackPotion"},{"floor":11.0,"key":"ColorlessPotion"},{"floor":16.0,"key":"PowerPotion"},{"floor":22.0,"key":"Ancient Potion"},{"floor":24.0,"key":"DuplicationPotion"},{"floor":28.0,"key":"EntropicBrew"},{"floor":35.0,"key":"Weak Potion"}],"is_trial":false,"path_per_floor":["M","?","M","M","M","R","M","M","T","$","M","R","T","M","R","B",null,"M","$","?","$","M","R","E","M","T","M","M","$","M","M","R","B",null,"M","M","?","M","?","M","R","M","T","$","E"],"character_chosen":"THE_SILENT","items_purchased":["Tactician+1","Secret Technique+1"],"campfire_rested":2,"item_purchase_floors":[21,44],"current_hp_per_floor":[60,60,57,57,47,47,42,42,42,42,36,36,36,36,36,12,50,42,42,42,42,42,42,33,28,28,15,15,15,14,12,30,9,50,35,35,35,25,25,7,25,16,16,16,0,0],"gold":48,"neow_bonus":"ONE_RARE_RELIC","is_daily":false,"chose_seed":false,"campfire_upgraded":4,"win_rate":0.0,"timestamp":1608618542,"path_taken":["M","?","M","M","M","R","M","M","T","$","M","R","?","M","R","BOSS","M","$","?","?","M","R","E","M","T","M","?","$","M","M","R","BOSS","M","M","?","M","?","M","R","?","T","$","E"],"items_purchased_type":["Card","Card"],"build_version":"2020-12-13","purchased_purges":3,"victory":false,"max_hp_per_floor":[63,63,63,63,63,63,63,63,63,63,63,63,63,63,63,63,63,63,63,63,63,63,63,63,63,63,63,63,63,63,63,63,63,63,63,63,63,63,63,63,63,63,63,63,63,63],"card_choices":[{"not_picked":["Skewer","Flying Knee"],"picked":"Deadly Poison","floor":1.0},{"not_picked":["Outmaneuver","Dagger Throw"],"picked":"Masterful Stab","floor":3.0},{"not_picked":["Flying Knee","Underhanded Strike"],"picked":"Acrobatics","floor":4.0},{"not_picked":["Choke","Heel Hook","Deadly Poison"],"picked":"SKIP","floor":5.0},{"not_picked":["Caltrops","Eviscerate","Poisoned Stab"],"picked":"SKIP","floor":7.0},{"not_picked":["Heel Hook","Infinite Blades"],"picked":"Backflip","floor":8.0},{"not_picked":["Bane","Backstab"],"picked":"Reflex+1","floor":11.0},{"not_picked":["Flying Knee","Slice","Poisoned Stab"],"picked":"SKIP","floor":14.0},{"not_picked":["Night Terror+1","Storm of Steel+1"],"picked":"Corpse Explosion+1","floor":16.0},{"not_picked":["Dodge and Roll+1","Underhanded Strike+1"],"picked":"PiercingWail+1","floor":18.0},{"not_picked":["Bouncing Flask+1","Poisoned Stab"],"picked":"Deadly Poison+1","floor":22.0},{"not_picked":["Flying Knee","Bouncing Flask+1","Backstab"],"picked":"SKIP","floor":24.0},{"not_picked":["Flying Knee","Backstab"],"picked":"Bouncing Flask+1","floor":24.0},{"not_picked":["Flying Knee","Sucker Punch"],"picked":"Calculated Gamble+1","floor":25.0},{"not_picked":["Caltrops","Finisher","Blade Dance+1"],"picked":"SKIP","floor":27.0},{"not_picked":["Sucker Punch","Dagger Throw"],"picked":"Prepared+1","floor":28.0},{"not_picked":["Noxious Fumes","Expertise+1","Deflect+1"],"picked":"SKIP","floor":30.0},{"not_picked":["Sucker Punch","Dagger Spray"],"picked":"Dodge and Roll+1","floor":31.0},{"not_picked":["Corpse Explosion+1","Wraith Form v2"],"picked":"Burst+1","floor":33.0},{"not_picked":["Setup+1","Heel Hook"],"picked":"Backflip+1","floor":35.0},{"not_picked":["Slice","Predator"],"picked":"Prepared+1","floor":36.0},{"not_picked":["Dash","Dagger Spray","Outmaneuver+1"],"picked":"SKIP","floor":38.0},{"not_picked":["Dodge and Roll+1","Dagger Throw+1","Outmaneuver+1"],"picked":"SKIP","floor":40.0},{"not_picked":["Masterful Stab+1","Cloak And Dagger+1"],"picked":"Wraith Form v2","floor":42.0}],"player_experience":187977,"relics_obtained":[{"floor":9.0,"key":"Toxic Egg 2"},{"floor":13.0,"key":"Art of War"},{"floor":24.0,"key":"Darkstone Periapt"},{"floor":26.0,"key":"Bronze Scales"},{"floor":43.0,"key":"Pen Nib"}],"event_choices":[{"damage_healed":0.0,"max_hp_gain":0.0,"max_hp_loss":0.0,"gold_gain":0.0,"event_name":"Liars Game","player_choice":"Ignored","floor":2.0,"gold_loss":0.0,"damage_taken":0.0},{"cards_removed":["Strike_G"],"damage_healed":0.0,"max_hp_gain":0.0,"max_hp_loss":0.0,"gold_gain":0.0,"event_name":"Designer","player_choice":"Upgrade and Remove","floor":20.0,"gold_loss":90.0,"damage_taken":0.0,"cards_upgraded":["Strike_G"]},{"damage_healed":0.0,"max_hp_gain":0.0,"max_hp_loss":0.0,"gold_gain":0.0,"event_name":"Tomb of Lord Red Mask","player_choice":"Ignored","floor":37.0,"gold_loss":0.0,"damage_taken":0.0},{"cards_removed":["Masterful Stab"],"damage_healed":0.0,"max_hp_gain":0.0,"max_hp_loss":0.0,"gold_gain":0.0,"event_name":"Falling","player_choice":"Removed Attack","floor":39.0,"gold_loss":0.0,"damage_taken":0.0}],"is_beta":false,"boss_relics":[{"not_picked":["Ectoplasm","Black Star"],"picked":"Ring of the Serpent"},{"not_picked":["Coffee Dripper","Runic Pyramid"],"picked":"HoveringKite"}],"items_purged_floors":[10,19,44],"is_endless":false,"potions_floor_spawned":[3,7,8,11,16,22,24,28,30,35,36,42],"killed_by":"Nemesis","ascension_level":12}}