{"host":"2hea6pl5vmah38iy","time":1608626789,"event":{"mods":["AchievementEnabler","BaseMod","Colored Map","DeckTracker","Keyboard Shortcuts","Minty Spire (QoL Compilation)","Rare Cards Sparkle","StSLib","SuperFastMode","everything is the same but u backflip on backflip"],"gold_per_floor":[119,20,95,108,283,283,318,65,90,8,8,39,50,68,68,141,141,156,156,7,7,18,47,61,61,115,115,115,134,134,134,134],"floor_reached":31,"playtime":1440,"items_purged":["Strike_R","Doubt","Defend_R"],"score":511,"play_id":"09219eb4-81e7-45ad-88a3-5508ee86b8d5","local_time":"20201222174629","is_ascension_mode":true,"campfire_choices":[{"data":"Armaments","floor":6.0,"key":"SMITH"},{"floor":11.0,"key":"REST"},{"floor":15.0,"key":"REST"},{"data":"Offering","floor":25.0,"key":"SMITH"},{"data":"Barricade","floor":27.0,"key":"SMITH"},{"floor":30.0,"key":"RECALL"}],"circlet_count":0,"master_deck":["AscendersBane","Defend_R","Defend_R","Defend_R","Bash","Entrench","Armaments+1","Whirlwind","Offering+1","Purity","Clothesline","Bloodletting","Barricade+1","Bite","Bite","Bite","Bite","Bite","Flex","True Grit","Flex+1","Rupture"],"relics":["Runic Pyramid","Blue Candle","TheAbacus","Potion Belt","Red Skull","Runic Dome","Champion Belt","Oddly Smooth Stone","Enchiridion"],"acts_visited":["Exordium","TheCity"],"potions_floor_usage":[31],"damage_taken":[{"damage":6.0,"enemies":"Cultist","floor":1.0,"turns":3.0},{"damage":7.0,"enemies":"Small Slimes","floor":4.0,"turns":4.0},{"damage":38.0,"enemies":"Gremlin Nob","floor":7.0,"turns":5.0},{"damage":6.0,"enemies":"Lagavulin","floor":12.0,"turns":8.0},{"damage":6.0,"enemies":"Jaw Worm","floor":13.0,"turns":1.0},{"damage":3.0,"enemies":"Looter","floor":14.0,"turns":3.0},{"damage":17.0,"enemies":"The Guardian","floor":16.0,"turns":7.0},{"damage":37.0,"enemies":"Shell Parasite","floor":18.0,"turns":6.0},{"damage":16.0,"enemies":"Spheric Guardian","floor":22.0,"turns":4.0},{"damage":21.0,"enemies":"Slavers","floor":23.0,"turns":3.0},{"damage":18.0,"enemies":"Cultist and Chosen","floor":24.0,"turns":4.0},{"damage":6.0,"enemies":"Centurion and Healer","floor":29.0,"turns":4.0},{"damage":34,"enemies":"Gremlin Leader","floor":31,"turns":2}],"seed_played":"2259721820260145130","potions_obtained":[{"floor":1.0,"key":"Fruit Juice"},{"floor":4.0,"key":"DistilledChaos"},{"floor":7.0,"key":"BloodPotion"},{"floor":18.0,"key":"LiquidMemories"},{"floor":21.0,"key":"FairyPotion"},{"floor":21.0,"key":"PowerPotion"},{"floor":21.0,"key":"ElixirPotion"},{"floor":24.0,"key":"SteroidPotion"}],"is_trial":false,"path_per_floor":["M","$","?","M","?","R","E","$","T","$","R","E","M","M","R","B",null,"M","?","$","?","M","E","M","R","T","R","?","M","R","E"],"character_chosen":"IRONCLAD","items_purchased":["Armaments","TheAbacus","Purity","Flex"],"campfire_rested":2,"item_purchase_floors":[2,8,10,20],"current_hp_per_floor":[62,62,51,44,44,44,6,6,6,6,28,22,16,13,35,18,61,24,24,24,29,28,17,21,21,21,21,5,30,30,0,0],"gold":134,"neow_bonus":"BOSS_RELIC","is_daily":false,"chose_seed":false,"campfire_upgraded":3,"win_rate":0.0,"timestamp":1608626789,"path_taken":["M","?","?","M","?","R","E","$","T","?","R","E","M","M","R","BOSS","M","?","$","?","M","E","?","R","T","R","?","M","R","E"],"items_purchased_type":["Card","Relic","Card","Card"],"build_version":"2020-12-13","purchased_purges":3,"victory":false,"max_hp_per_floor":[75,75,75,75,75,75,75,75,75,75,75,75,75,75,75,75,75,75,52,52,57,57,57,57,57,57,57,57,57,57,57,57],"card_choices":[{"not_picked":["Ghostly Armor","Warcry"],"picked":"Entrench","floor":1.0},{"not_picked":["Body Slam","Fire Breathing"],"picked":"Whirlwind","floor":4.0},{"not_picked":["Perfected Strike","Spot Weakness"],"picked":"Offering","floor":7.0},{"not_picked":["Evolve","Pommel Strike"],"picked":"Clothesline","floor":12.0},{"not_picked":["True Grit","Shockwave"],"picked":"Bloodletting","floor":13.0},{"not_picked":["Dual Wield","Rage","Whirlwind"],"picked":"SKIP","floor":14.0},{"not_picked":["Corruption","Bludgeon"],"picked":"Barricade","floor":16.0},{"not_picked":["Bloodletting","Thunderclap","Anger"],"picked":"SKIP","floor":18.0},{"not_picked":["Pommel Strike","Twin Strike"],"picked":"True Grit","floor":22.0},{"not_picked":["Sword Boomerang+1","True Grit","Berserk"],"picked":"SKIP","floor":23.0},{"not_picked":["Clash+1","Iron Wave+1"],"picked":"Flex+1","floor":24.0},{"not_picked":["Iron Wave","Pommel Strike"],"picked":"Rupture","floor":29.0}],"player_experience":436941,"relics_obtained":[{"floor":7.0,"key":"Blue Candle"},{"floor":9.0,"key":"Potion Belt"},{"floor":12.0,"key":"Red Skull"},{"floor":23.0,"key":"Champion Belt"},{"floor":26.0,"key":"Oddly Smooth Stone"},{"floor":28.0,"key":"Enchiridion"}],"event_choices":[{"damage_healed":0.0,"max_hp_gain":0.0,"max_hp_loss":0.0,"gold_gain":75.0,"event_name":"World of Goop","player_choice":"Gather Gold","floor":3.0,"gold_loss":0.0,"damage_taken":11.0},{"damage_healed":0.0,"max_hp_gain":0.0,"max_hp_loss":0.0,"gold_gain":175.0,"event_name":"Liars Game","player_choice":"AGREE","floor":5.0,"gold_loss":0.0,"damage_taken":0.0,"cards_obtained":["Doubt"]},{"damage_healed":0.0,"max_hp_gain":0.0,"max_hp_loss":23.0,"gold_gain":0.0,"event_name":"Vampires","player_choice":"Became a vampire","floor":19.0,"gold_loss":0.0,"damage_taken":0.0,"cards_obtained":["Bite","Bite","Bite","Bite","Bite"]},{"damage_healed":0.0,"max_hp_gain":0.0,"max_hp_loss":0.0,"gold_gain":0.0,"event_name":"Lab","player_choice":"Got Potions","floor":21.0,"gold_loss":0.0,"damage_taken":0.0},{"damage_healed":0.0,"max_hp_gain":0.0,"max_hp_loss":0.0,"gold_gain":0.0,"event_name":"Cursed Tome","player_choice":"Obtained Book","floor":28.0,"gold_loss":0.0,"damage_taken":16.0}],"is_beta":false,"boss_relics":[{"not_picked":["Ectoplasm","Philosopher\u0027s Stone"],"picked":"Runic Dome"}],"items_purged_floors":[2,8,20],"is_endless":false,"potions_floor_spawned":[1,4,7,18,24],"killed_by":"Gremlin Leader","ascension_level":14}}