{"host":"qrt7o4dq2qslzw13","time":1608668582,"event":{"mods":["AchievementEnabler","BaseMod","Colored Map","Colored Powertips","Minty Spire (QoL Compilation)","Quick Restart","Rare Cards Sparkle","StSLib","SuperFastMode"],"gold_per_floor":[116,116,26,101,251,251,351,363,445,474,485,485,496,515,515,592,592,604,604,604,604],"floor_reached":20,"playtime":480,"items_purged":[],"score":344,"play_id":"dff1a7df-925e-4649-830b-3e64b62bb9b4","local_time":"20201222152302","is_ascension_mode":true,"campfire_choices":[{"data":"Corruption","floor":6,"key":"SMITH"},{"floor":12,"key":"REST"},{"floor":15,"key":"REST"}],"circlet_count":0,"master_deck":["AscendersBane","Strike_R","Strike_R","Strike_R","Strike_R","Strike_R","Defend_R","Defend_R","Defend_R","Defend_R","Bash","Corruption+1","Clothesline","Perfected Strike","Fire Breathing","Doubt","Thunderclap","Body Slam","Offering","Feel No Pain","Anger","Immolate","Infernal Blade","Ghostly","Ghostly","Ghostly"],"relics":["Burning Blood","Blue Candle","Shuriken","Sozu"],"acts_visited":["Exordium","TheCity"],"potions_floor_usage":[10,16,16,18],"damage_taken":[{"damage":9,"enemies":"Jaw Worm","floor":1,"turns":4},{"damage":4,"enemies":"Cultist","floor":8,"turns":4},{"damage":36,"enemies":"3 Sentries","floor":10,"turns":5},{"damage":14,"enemies":"Small Slimes","floor":11,"turns":4},{"damage":19,"enemies":"2 Fungi Beasts","floor":13,"turns":3},{"damage":15,"enemies":"Gremlin Gang","floor":14,"turns":5},{"damage":33,"enemies":"Hexaghost","floor":16,"turns":9},{"damage":40,"enemies":"Spheric Guardian","floor":18,"turns":4},{"damage":33,"enemies":"3 Byrds","floor":20,"turns":3}],"seed_played":"-4492807195634144337","potions_obtained":[{"floor":1,"key":"BloodPotion"},{"floor":10,"key":"FearPotion"},{"floor":11,"key":"SneckoOil"},{"floor":16,"key":"Weak Potion"}],"is_trial":false,"path_per_floor":["M","?","$","?","?","R","?","M","T","E","M","R","M","M","R","B",null,"M","?","M"],"character_chosen":"IRONCLAD","items_purchased":["Fire Breathing"],"campfire_rested":2,"item_purchase_floors":[3],"current_hp_per_floor":[65,65,65,54,54,54,54,56,56,39,31,51,38,29,49,22,57,23,23,0,0],"gold":604,"neow_bonus":"THREE_RARE_CARDS","is_daily":false,"chose_seed":false,"campfire_upgraded":1,"win_rate":0.0,"timestamp":1608668582,"path_taken":["M","?","?","?","?","R","?","M","T","E","?","R","M","M","R","BOSS","M","?","M"],"items_purchased_type":["Card"],"build_version":"2020-12-13","purchased_purges":0,"victory":false,"max_hp_per_floor":[68,68,68,68,68,68,68,68,68,68,68,68,68,68,68,68,68,68,34,34,34],"card_choices":[{"not_picked":["Feed","Impervious"],"picked":"Corruption","floor":0.0},{"not_picked":["Evolve","Body Slam"],"picked":"Clothesline","floor":1},{"not_picked":["Clash","Body Slam"],"picked":"Thunderclap","floor":8},{"not_picked":["Perfected Strike","Havoc"],"picked":"Body Slam","floor":10},{"not_picked":["Armaments","Searing Blow"],"picked":"Offering","floor":11},{"not_picked":["Thunderclap","Entrench"],"picked":"Feel No Pain","floor":13},{"not_picked":["Seeing Red","Sword Boomerang"],"picked":"Anger","floor":14},{"not_picked":["Fiend Fire","Berserk"],"picked":"Immolate","floor":16},{"not_picked":["Sword Boomerang","Clothesline"],"picked":"Infernal Blade","floor":18}],"player_experience":466471,"relics_obtained":[{"floor":9,"key":"Blue Candle"},{"floor":10,"key":"Shuriken"}],"event_choices":[{"damage_healed":0,"gold_gain":0,"player_choice":"1 cards matched","damage_taken":0,"max_hp_gain":0,"max_hp_loss":0,"event_name":"Match and Keep!","floor":2,"gold_loss":0,"cards_obtained":["Perfected Strike"]},{"damage_healed":0,"gold_gain":75,"player_choice":"Gather Gold","damage_taken":11,"max_hp_gain":0,"max_hp_loss":0,"event_name":"World of Goop","floor":4,"gold_loss":0},{"damage_healed":0,"gold_gain":150,"player_choice":"AGREE","damage_taken":0,"max_hp_gain":0,"max_hp_loss":0,"event_name":"Liars Game","floor":5,"gold_loss":0,"cards_obtained":["Doubt"]},{"damage_healed":0,"gold_gain":100,"player_choice":"Gold","damage_taken":0,"max_hp_gain":0,"max_hp_loss":0,"event_name":"Wheel of Change","floor":7,"gold_loss":0},{"damage_healed":0,"gold_gain":0,"player_choice":"Became a Ghost","damage_taken":0,"max_hp_gain":0,"max_hp_loss":34,"event_name":"Ghosts","floor":19,"gold_loss":0,"cards_obtained":["Ghostly","Ghostly","Ghostly"]}],"is_beta":false,"boss_relics":[{"not_picked":["SlaversCollar","Astrolabe"],"picked":"Sozu"}],"items_purged_floors":[],"is_endless":false,"potions_floor_spawned":[1,10,11,14,16],"killed_by":"3 Byrds","ascension_level":20}}