{"host":"ci7ivtocgfxh0ueo","time":1608612862,"event":{"mods":["BaseMod","GifTheSpireLib","Minty Spire (QoL Compilation)","StSLib"],"gold_per_floor":[112,126,126,16,27,54,54,104,130,158,51,51,51,81,81,154,154,172,172,172,8,8,8,8],"floor_reached":23,"playtime":460,"items_purged":[],"score":376,"play_id":"416342b9-af7d-4743-bc0a-e42e2e859df6","local_time":"20201222125422","is_ascension_mode":true,"campfire_choices":[{"data":"Dash","floor":7,"key":"SMITH"},{"floor":13,"key":"REST"},{"data":"Neutralize","floor":15,"key":"SMITH"}],"circlet_count":0,"master_deck":["AscendersBane","Strike_G","Strike_G","Strike_G","Strike_G","Strike_G","Defend_G","Defend_G","Defend_G","Survivor","Neutralize+1","Poisoned Stab","Dash+1","Poisoned Stab","Eviscerate","Footwork","Poisoned Stab","Escape Plan","After Image","Malaise","Tools of the Trade","Dagger Throw","Concentrate"],"relics":["Ring of the Snake","NeowsBlessing","Anchor","Omamori","Pen Nib","Bag of Preparation","Calling Bell","Juzu Bracelet","StrikeDummy","Tingsha","MealTicket"],"acts_visited":["Exordium","TheCity"],"potions_floor_usage":[6,6,14,16,23,23],"damage_taken":[{"damage":0,"enemies":"Cultist","floor":1,"turns":1},{"damage":0,"enemies":"2 Louse","floor":2,"turns":1},{"damage":0,"enemies":"Small Slimes","floor":5,"turns":1},{"damage":7,"enemies":"Gremlin Nob","floor":6,"turns":4},{"damage":41,"enemies":"Lagavulin","floor":10,"turns":9},{"damage":2,"enemies":"3 Sentries","floor":14,"turns":7},{"damage":25,"enemies":"Hexaghost","floor":16,"turns":9},{"damage":25,"enemies":"Chosen","floor":18,"turns":4},{"damage":43,"enemies":"Slavers","floor":23,"turns":3}],"seed_played":"2727148618181745660","potions_obtained":[{"floor":1,"key":"SkillPotion"},{"floor":2,"key":"SkillPotion"},{"floor":14,"key":"ColorlessPotion"},{"floor":18,"key":"BlessingOfTheForge"}],"is_trial":false,"path_per_floor":["M","M","?","$","M","E","R","?","T","E","$","?","R","E","R","B",null,"M","?","?","$","?","E"],"character_chosen":"THE_SILENT","items_purchased":["Dash","Poisoned Stab","Poisoned Stab","SkillPotion","Dagger Throw","Concentrate","Strength Potion"],"campfire_rested":1,"item_purchase_floors":[4,4,11,11,21,21,21],"current_hp_per_floor":[59,59,66,66,66,59,59,59,59,18,18,18,37,35,35,10,52,27,27,27,42,42,0,0],"gold":8,"neow_bonus":"THREE_ENEMY_KILL","is_daily":false,"chose_seed":false,"campfire_upgraded":2,"win_rate":0.0,"timestamp":1608612862,"path_taken":["M","?","?","$","?","E","R","?","T","E","?","?","R","E","R","BOSS","M","?","?","$","?","E"],"items_purchased_type":["Card","Card","Card","Potion","Card","Card","Potion"],"build_version":"2020-12-13","purchased_purges":0,"victory":false,"max_hp_per_floor":[66,66,66,66,66,66,66,66,66,66,66,66,66,66,66,66,66,66,66,66,66,66,66,66],"card_choices":[{"not_picked":["Backflip","Calculated Gamble"],"picked":"Expertise","floor":1},{"not_picked":["Heel Hook","Infinite Blades"],"picked":"Poisoned Stab","floor":2},{"not_picked":["Cloak And Dagger","Predator"],"picked":"Eviscerate","floor":5},{"not_picked":["Masterful Stab","Slice"],"picked":"Bane","floor":6},{"not_picked":["Backflip","Well Laid Plans"],"picked":"Footwork","floor":10},{"not_picked":["Skewer","Grand Finale"],"picked":"Escape Plan","floor":14},{"not_picked":["Tools of the Trade","Wraith Form v2"],"picked":"After Image","floor":16},{"not_picked":["Deadly Poison","Infinite Blades","Sucker Punch"],"picked":"SKIP","floor":18}],"player_experience":1275354,"relics_obtained":[{"floor":6,"key":"Anchor"},{"floor":9,"key":"Omamori"},{"floor":10,"key":"Pen Nib"},{"floor":14,"key":"Bag of Preparation"},{"floor":17,"key":"Juzu Bracelet"},{"floor":17,"key":"StrikeDummy"},{"floor":17,"key":"Tingsha"}],"event_choices":[{"cards_removed":["Expertise"],"damage_healed":7,"gold_gain":0,"player_choice":"Offered Uncommon","damage_taken":0,"max_hp_gain":0,"max_hp_loss":0,"event_name":"Bonfire Elementals","floor":3,"gold_loss":0},{"damage_healed":0,"gold_gain":50,"player_choice":"Pray","damage_taken":0,"max_hp_gain":0,"max_hp_loss":0,"event_name":"Golden Shrine","floor":8,"gold_loss":0},{"damage_healed":0,"gold_gain":0,"player_choice":"Ignored","damage_taken":0,"max_hp_gain":0,"max_hp_loss":0,"event_name":"Golden Idol","floor":12,"gold_loss":0},{"damage_healed":0,"gold_gain":0,"cards_transformed":["Defend_G","Defend_G"],"player_choice":"Became Test Subject","damage_taken":0,"max_hp_gain":0,"max_hp_loss":0,"event_name":"Drug Dealer","floor":19,"gold_loss":0,"cards_obtained":["Malaise","Tools of the Trade"]},{"cards_removed":["Bane"],"damage_healed":0,"gold_gain":0,"player_choice":"Gave Card","damage_taken":0,"relics_obtained":["MealTicket"],"max_hp_gain":0,"max_hp_loss":0,"event_name":"WeMeetAgain","floor":20,"gold_loss":0},{"damage_healed":0,"gold_gain":0,"player_choice":"Ignored","damage_taken":0,"max_hp_gain":0,"max_hp_loss":0,"event_name":"Vampires","floor":22,"gold_loss":0}],"is_beta":false,"boss_relics":[{"not_picked":["Cursed Key","Tiny House"],"picked":"Calling Bell"}],"items_purged_floors":[],"is_endless":false,"potions_floor_spawned":[1,2,5,14,18],"killed_by":"Slavers","ascension_level":17}}