{"host":"r7sc2tvbbj27dcb6","time":1608626617,"event":{"mods":["2.2 Compatiblity","Act Like it!","BaseMod","Beaked The Cultist","Better Note","BetterRewards","Conjunction","Conspire","GifTheSpireLib","Hermit","Hubris","Infinite Spire","Jorbs\u0027s Wanderer Trilogy","Minty Spire (QoL Compilation)","Rare Cards Sparkle","Replay The Spire","StSLib","Stuff the Spire","The Cursed","The Disciple","The Hierophant","The Runesmith","The Servant 0.9.4","Trackpad"],"gold_per_floor":[114,133,133,133,151,151,163,163,163,176,186,186,202,202,202,215,215,310,310,324,324,343,343,443,475,487,487,487],"floor_reached":27,"playtime":1287,"items_purged":[],"score":277,"play_id":"69884c1e-13df-4478-afd6-405590a20be8","local_time":"20201222024337","daily_mods":["Heirloom","Time Dilation"],"is_ascension_mode":false,"campfire_choices":[{"data":"Feed","floor":6,"key":"SMITH"},{"data":"Rampage","floor":8,"key":"SMITH"},{"data":"Twin Strike","floor":12,"key":"SMITH"},{"data":"infinitespire:OneForAll","floor":17,"key":"SMITH"}],"circlet_count":0,"master_deck":["Strike_R","Strike_R","Strike_R","Strike_R","Strike_R","Defend_R","Defend_R","Defend_R","Defend_R","Flex","Rampage+1","Feed+1","Headbutt","Twin Strike+1","Bloodletting","infinitespire:OneForAll+1","Feed","Feed","Armaments"],"relics":["Burning Blood","trackpad:ZombieHeart","Onion Ring","hubris:Backtick","Singing Bowl","Nloth\u0027s Gift","StuffTheSpire:Rhapsscallions"],"acts_visited":["Exordium","TheCity"],"potions_floor_usage":[11,18,20,25,27],"damage_taken":[{"damage":7,"enemies":"2 Louse","floor":1,"turns":4},{"damage":4,"enemies":"Jaw Worm","floor":2,"turns":3},{"damage":7,"enemies":"Cultist","floor":5,"turns":3},{"damage":24,"enemies":"Lots of Slimes","floor":7,"turns":6},{"damage":10,"enemies":"Looter","floor":10,"turns":2},{"damage":1,"enemies":"2 Fungi Beasts","floor":11,"turns":2},{"damage":14,"enemies":"3 Louse","floor":13,"turns":2},{"damage":13,"enemies":"Large Slime","floor":16,"turns":3},{"damage":65,"enemies":"Hexaghost","floor":18,"turns":8},{"damage":18,"enemies":"3 Byrds","floor":20,"turns":5},{"damage":30,"enemies":"2 Thieves","floor":22,"turns":3},{"damage":54,"enemies":"Gremlin Leader","floor":25,"turns":9},{"damage":34,"enemies":"Snecko","floor":26,"turns":5},{"damage":42,"enemies":"Cultist and Chosen","floor":27,"turns":6}],"seed_played":"-8421175411044155061","potions_obtained":[{"floor":5,"key":"Milkshake"},{"floor":10,"key":"Explosive Potion"},{"floor":13,"key":"Languid Potion"},{"floor":18,"key":"Toxic Potion"},{"floor":22,"key":"Block Potion"}],"is_trial":true,"path_per_floor":["M","M","?","?","M","R","M","R","T","M","M","R","M","PTL","PTL","M","R","B",null,"M","?","M","?","?","E","M","M"],"character_chosen":"IRONCLAD","items_purchased":[],"campfire_rested":0,"item_purchase_floors":[],"current_hp_per_floor":[81,83,83,83,83,83,74,74,74,71,78,78,77,77,77,76,76,18,110,107,107,94,94,94,52,28,0,0],"gold":487,"neow_bonus":"","is_daily":false,"chose_seed":false,"campfire_upgraded":4,"win_rate":0.0,"timestamp":1608626617,"path_taken":["M","M","?","?","M","R","?","R","T","M","M","R","?","PTL","PTL","M","R","BOSS","M","?","M","?","?","E","M","?"],"items_purchased_type":[],"build_version":"2020-12-13","purchased_purges":0,"victory":false,"max_hp_per_floor":[82,83,83,83,84,84,93,93,93,94,96,96,103,103,103,109,109,110,110,119,119,130,130,130,136,140,141,141],"card_choices":[{"not_picked":["ReplayTheSpireMod:Stacked","Perfected Strike"],"picked":"Flex","floor":1},{"not_picked":["Twin Strike","Clash"],"picked":"Rampage","floor":2},{"not_picked":["Carnage","Thunderclap"],"picked":"Feed","floor":5},{"not_picked":["Havoc","Flex"],"picked":"Headbutt","floor":7},{"not_picked":["Havoc","Clash","Spot Weakness"],"picked":"SKIP","floor":10},{"not_picked":["Warcry","Havoc"],"picked":"Twin Strike","floor":11},{"not_picked":["Thunderclap","Perfected Strike"],"picked":"Bloodletting","floor":13},{"not_picked":["Berserk","Run Through"],"picked":"infinitespire:OneForAll","floor":16},{"not_picked":["Barricade","Fiend Fire"],"picked":"Feed","floor":18},{"not_picked":["Clash","ReplayTheSpireMod:Muscle Training+1","Power Through"],"picked":"Singing Bowl","floor":20},{"not_picked":["Abandon","Thunderclap","Havoc"],"picked":"Singing Bowl","floor":22},{"not_picked":["Body Slam","ReplayTheSpireMod:Corrosion Curse","StuffTheSpire:RockThrow"],"picked":"Singing Bowl","floor":25},{"not_picked":["hubris:CleavingFinish+1","Pummel"],"picked":"Armaments","floor":26}],"player_experience":602298,"relics_obtained":[{"floor":9,"key":"Onion Ring"},{"floor":25,"key":"StuffTheSpire:Rhapsscallions"}],"event_choices":[{"damage_healed":0,"gold_gain":0,"player_choice":"Box","damage_taken":0,"relics_obtained":["conspire:TopHat"],"max_hp_gain":0,"max_hp_loss":0,"event_name":"Big Fish","floor":3,"gold_loss":0,"cards_obtained":["Regret"]},{"cards_removed":["Regret"],"damage_healed":0,"gold_gain":0,"player_choice":"Purged","damage_taken":0,"max_hp_gain":0,"max_hp_loss":0,"event_name":"Purifier","floor":4,"gold_loss":0},{"damage_healed":0,"gold_gain":0,"player_choice":"Traded Relic","damage_taken":0,"relics_obtained":["Nloth\u0027s Gift"],"max_hp_gain":0,"max_hp_loss":0,"event_name":"N\u0027loth","floor":21,"relics_lost":["conspire:TopHat"],"gold_loss":0},{"damage_healed":0,"gold_gain":0,"player_choice":"1 cards matched","damage_taken":0,"max_hp_gain":0,"max_hp_loss":0,"event_name":"Match and Keep!","floor":23,"gold_loss":0,"cards_obtained":["Feed"]},{"damage_healed":0,"gold_gain":100,"player_choice":"Pray","damage_taken":0,"max_hp_gain":0,"max_hp_loss":0,"event_name":"Golden Shrine","floor":24,"gold_loss":0}],"is_beta":false,"boss_relics":[{"not_picked":["hubris:CrackedHourglass","hubris:HollowSoul"],"picked":"hubris:Backtick"}],"items_purged_floors":[],"is_endless":false,"potions_floor_spawned":[5,10,13,18,22],"killed_by":"Cultist and Chosen","ascension_level":0}}