{"host":"ss2ocoam53r2lno0","time":1608602095,"event":{"mods":["Act Like it!","BaseMod","ChefMod","Colored Powertips","Displayed Cursed Tome","Downfall","Googly Eyes","Hallownest","Highlight Path","Minty Spire (QoL Compilation)","Rare Cards Sparkle","Robot Space Explorer","Shade Mod","Shop Mod","Spicy Shops","StSLib"],"gold_per_floor":[115,130,49,67,0,25,25,58,84,84,84,84,119,134,134,231,231,251,269,269,284,284,284,319,319,371,402,420,437,334,359,359,455,455,475,475,486,85,25,25,58,76,76,94,113,148,165,178,178,178],"floor_reached":51,"playtime":5812,"items_purged":["RobotSpaceExplorer:Defend","RobotSpaceExplorer:Strike"],"score":967,"play_id":"8e473da0-a613-4217-942f-219dc21d4ed7","local_time":"20201222025455","is_ascension_mode":true,"campfire_choices":[{"data":"RobotSpaceExplorer:TurboDodge","floor":7.0,"key":"SMITH"},{"floor":10.0,"key":"REST"},{"data":"RobotSpaceExplorer:ShockKick","floor":12.0,"key":"SMITH"},{"data":"RobotSpaceExplorer:Discharger","floor":15.0,"key":"SMITH"},{"floor":23.0,"key":"REST"},{"data":"RobotSpaceExplorer:PowerGlove","floor":25.0,"key":"SMITH"},{"floor":32.0,"key":"REST"},{"data":"RobotSpaceExplorer:Multitool","floor":40.0,"key":"SMITH"},{"floor":49.0,"key":"REST"}],"circlet_count":0,"master_deck":["RobotSpaceExplorer:Strike","RobotSpaceExplorer:Defend","RobotSpaceExplorer:Defend","RobotSpaceExplorer:Defend","RobotSpaceExplorer:Scan","RobotSpaceExplorer:MiniLasers","RobotSpaceExplorer:ShockKick+1","RobotSpaceExplorer:TurboDodge+1","RobotSpaceExplorer:Electroshield","RobotSpaceExplorer:MakeshiftVolley","RobotSpaceExplorer:PowerGlove+1","RobotSpaceExplorer:ScrapMissile","RobotSpaceExplorer:ShockMissile","RobotSpaceExplorer:Discharger+1","RobotSpaceExplorer:HighVoltage","RobotSpaceExplorer:Electroshield","Hallownest:curseDreamersLament","RobotSpaceExplorer:SelfCleaning+1","Master of Strategy","RobotSpaceExplorer:Fix","RobotSpaceExplorer:Multitool+1","RobotSpaceExplorer:ScrapToss+1","RobotSpaceExplorer:ShockKick+1","RobotSpaceExplorer:Discharger+1","RobotSpaceExplorer:ShockKick+1"],"relics":["RobotSpaceExplorer:TurboCore","NeowsBlessing","Potion Belt","Centennial Puzzle","Vajra","Juzu Bracelet","Question Card","Empty Cage","Hallownest:WatcherSealRelic","Blue Candle","Toy Ornithopter","Pen Nib","MerchantsRug","RobotSpaceExplorer:ClockworkSextant","Gambling Chip","Turnip","Guardian:GemstoneGun","Dream Catcher"],"acts_visited":["Hallownest:Greenpath","Hallownest:CityofTears","Hallownest:KingdomsEdge"],"potions_floor_usage":[],"damage_taken":[{"damage":0.0,"enemies":"Hallownest:monsterHuskWarrior","floor":1.0,"turns":1.0},{"damage":0.0,"enemies":"Hallownest:2_Baldur","floor":2.0,"turns":1.0},{"damage":0.0,"enemies":"Hallownest:2_MossCreeps","floor":4.0,"turns":1.0},{"damage":34.0,"enemies":"Hallownest:eliteMossKnight","floor":6.0,"turns":19.0},{"damage":11.0,"enemies":"Hallownest:eliteVengeflyKing","floor":8.0,"turns":5.0},{"damage":11.0,"enemies":"Hallownest:eliteMossKnight","floor":13.0,"turns":15.0},{"damage":1.0,"enemies":"Hallownest:1_Baldur_1_Crawlid_1_Warrior","floor":14.0,"turns":3.0},{"damage":16.0,"enemies":"Hallownest:BossBrokenVessel","floor":16.0,"turns":11.0},{"damage":14.0,"enemies":"Hallownest:3_Youths","floor":18.0,"turns":4.0},{"damage":3.0,"enemies":"Hallownest:Guard_and_Sentry","floor":19.0,"turns":5.0},{"damage":24.0,"enemies":"Hallownest:3_Mistakes","floor":21.0,"turns":4.0},{"damage":9.0,"enemies":"Hallownest:eliteSoulWarrior","floor":24.0,"turns":6.0},{"damage":3.0,"enemies":"Hallownest:Nosk","floor":27.0,"turns":7.0},{"damage":1.0,"enemies":"Hallownest:2_Husk_Sentries","floor":28.0,"turns":3.0},{"damage":9.0,"enemies":"Hallownest:monsterMisterMushroom","floor":29.0,"turns":6.0},{"damage":25.0,"enemies":"Hallownest:eliteWatcherKnight","floor":31.0,"turns":8.0},{"damage":19.0,"enemies":"Hallownest:BossGrimm","floor":33.0,"turns":10.0},{"damage":14.0,"enemies":"Hallownest:Shield_Heavy","floor":35.0,"turns":2.0},{"damage":1.0,"enemies":"Hallownest:2_Littles","floor":37.0,"turns":1.0},{"damage":25.0,"enemies":"Hallownest:eliteCollector","floor":41.0,"turns":6.0},{"damage":1.0,"enemies":"Hallownest:Xero_Hu_Marmu","floor":42.0,"turns":1.0},{"damage":16.0,"enemies":"Hallownest:2_Wing_and_1_Kings","floor":44.0,"turns":3.0},{"damage":20.0,"enemies":"Hallownest:2_Wandering_and_1_Horned","floor":45.0,"turns":3.0},{"damage":13.0,"enemies":"Hallownest:eliteHiveKnight","floor":46.0,"turns":7.0},{"damage":0.0,"enemies":"Hallownest:2_Soldiers_and_1_Guardian","floor":47.0,"turns":2.0},{"damage":3.0,"enemies":"Hallownest:2_Wing_and_1_Kings","floor":48.0,"turns":3.0},{"damage":22,"enemies":"Hallownest:BossGreyPrinceZote","floor":50,"turns":7}],"seed_played":"-6790900928307616858","potions_obtained":[{"floor":4.0,"key":"EntropicBrew"},{"floor":8.0,"key":"SpeedPotion"},{"floor":13.0,"key":"EntropicBrew"},{"floor":21.0,"key":"Swift Potion"},{"floor":28.0,"key":"Block Potion"},{"floor":29.0,"key":"sneckomod:MuddlingPotion"},{"floor":31.0,"key":"hexamod:EctoCoolerPotion"},{"floor":37.0,"key":"RobotSpaceExplorer:RecyclePotion"},{"floor":42.0,"key":"FairyPotion"},{"floor":45.0,"key":"Slimebound:ThreeZeroPotion"},{"floor":48.0,"key":"Explosive Potion"}],"is_trial":false,"path_per_floor":["M","M","$","M","?","E","R","E","T","R","?","R","E","M","R","B",null,"M","M","?","M","?","R","E","R","T","E","M","M","$","E","R","B",null,"M","?","M","$","?","R","E","M","T","M","M","E","M","M","R","B",null],"character_chosen":"RobotSpaceExplorer","items_purchased":["RobotSpaceExplorer:Electroshield","MerchantsRug","Master of Strategy","Gambling Chip"],"campfire_rested":4,"item_purchase_floors":[3,30,30,38],"current_hp_per_floor":[68,68,68,68,68,34,34,23,23,45,36,36,25,24,24,8,58,44,41,41,17,17,39,30,30,30,27,31,22,37,12,34,24,62,48,48,47,47,54,54,29,28,28,12,16,12,12,9,33,15],"gold":178,"neow_bonus":"THREE_ENEMY_KILL","is_daily":false,"chose_seed":false,"campfire_upgraded":5,"win_rate":0.0,"timestamp":1608602095,"path_taken":["M","?","$","M","?","E","R","E","T","R","?","R","E","M","R","BOSS","M","M","?","M","?","R","E","R","T","E","M","M","$","E","R","BOSS","M","?","M","$","?","R","E","M","T","M","M","E","M","M","R","BOSS"],"items_purchased_type":["Card","Relic","Card","Relic"],"build_version":"2020-12-13","purchased_purges":2,"victory":true,"max_hp_per_floor":[75,75,75,75,75,75,75,75,75,75,75,75,75,75,75,75,75,75,75,75,75,75,75,75,75,75,75,75,75,75,75,75,75,75,75,75,75,75,82,82,82,82,82,82,82,82,82,82,82,82],"card_choices":[{"not_picked":["RobotSpaceExplorer:Pulsar","RobotSpaceExplorer:Probe"],"picked":"RobotSpaceExplorer:ShockKick","floor":1.0},{"not_picked":["RobotSpaceExplorer:Jetpack","RobotSpaceExplorer:Counterblock"],"picked":"RobotSpaceExplorer:TurboDodge","floor":2.0},{"not_picked":["RobotSpaceExplorer:MiniDrones","RobotSpaceExplorer:PlasmaMissile"],"picked":"RobotSpaceExplorer:MakeshiftVolley","floor":4.0},{"not_picked":["RobotSpaceExplorer:PlasmaMissile","RobotSpaceExplorer:ShovelStrike"],"picked":"RobotSpaceExplorer:PowerGlove","floor":6.0},{"not_picked":["RobotSpaceExplorer:StunGrenade","RobotSpaceExplorer:BigMissile"],"picked":"RobotSpaceExplorer:ScrapMissile","floor":8.0},{"not_picked":["RobotSpaceExplorer:Probe","RobotSpaceExplorer:SlimeMissile"],"picked":"RobotSpaceExplorer:ShockMissile","floor":13.0},{"not_picked":["RobotSpaceExplorer:IronShell","RobotSpaceExplorer:GlueShot","RobotSpaceExplorer:Pulsar"],"picked":"RobotSpaceExplorer:Discharger","floor":14.0},{"not_picked":["RobotSpaceExplorer:Accelerator","RobotSpaceExplorer:Explosion","RobotSpaceExplorer:ChargingLaser"],"picked":"RobotSpaceExplorer:HighVoltage","floor":16.0},{"not_picked":["RobotSpaceExplorer:ImprovisedAttack","RobotSpaceExplorer:Blitz+1","RobotSpaceExplorer:LuckyStrike","RobotSpaceExplorer:SwiftStep+1"],"picked":"SKIP","floor":18.0},{"not_picked":["RobotSpaceExplorer:ExhaustFan","RobotSpaceExplorer:ScrapMissile","RobotSpaceExplorer:IronShell","RobotSpaceExplorer:Reload"],"picked":"SKIP","floor":19.0},{"not_picked":["RobotSpaceExplorer:ImprovisedAttack","RobotSpaceExplorer:TurboDodge","RobotSpaceExplorer:Pulsar+1"],"picked":"RobotSpaceExplorer:Electroshield","floor":21.0},{"not_picked":["RobotSpaceExplorer:Pulsar","RobotSpaceExplorer:GlueSpray","RobotSpaceExplorer:StarLightning"],"picked":"RobotSpaceExplorer:SelfCleaning+1","floor":24.0},{"not_picked":["RobotSpaceExplorer:ChargingLaser","RobotSpaceExplorer:Counterblock","RobotSpaceExplorer:Accelerator","RobotSpaceExplorer:SurgingStrike"],"picked":"SKIP","floor":27.0},{"not_picked":["RobotSpaceExplorer:SelfCleaning+1","RobotSpaceExplorer:DualCore","RobotSpaceExplorer:SurgingStrike","RobotSpaceExplorer:MetalStrike+1"],"picked":"SKIP","floor":28.0},{"not_picked":["RobotSpaceExplorer:SwiftStep+1","RobotSpaceExplorer:Pulsar","RobotSpaceExplorer:MakeshiftVolley+1","RobotSpaceExplorer:StunGrenade"],"picked":"SKIP","floor":29.0},{"not_picked":["RobotSpaceExplorer:Explosion","RobotSpaceExplorer:SwiftStep","RobotSpaceExplorer:Smokescreen"],"picked":"RobotSpaceExplorer:Fix","floor":31.0},{"not_picked":["RobotSpaceExplorer:Accelerator","RobotSpaceExplorer:BlastShield","RobotSpaceExplorer:Autoloader"],"picked":"RobotSpaceExplorer:Multitool","floor":33.0},{"not_picked":["RobotSpaceExplorer:Pulsar","RobotSpaceExplorer:IronShell+1","RobotSpaceExplorer:Counterblock+1"],"picked":"RobotSpaceExplorer:ScrapToss+1","floor":35.0},{"not_picked":["RobotSpaceExplorer:Ammunition+1","RobotSpaceExplorer:StarLightning","RobotSpaceExplorer:Counterblock","RobotSpaceExplorer:Pulsar"],"picked":"SKIP","floor":37.0},{"not_picked":["RobotSpaceExplorer:SurgingStrike+1","RobotSpaceExplorer:FrostMissile+1","RobotSpaceExplorer:LuckyStrike"],"picked":"RobotSpaceExplorer:ShockKick+1","floor":41.0},{"not_picked":["RobotSpaceExplorer:ChargingLaser","RobotSpaceExplorer:Blitz","RobotSpaceExplorer:SlimeMissile+1","RobotSpaceExplorer:GlueShot"],"picked":"SKIP","floor":42.0},{"not_picked":["RobotSpaceExplorer:Probe","RobotSpaceExplorer:LuckyStrike+1","RobotSpaceExplorer:SwiftStep"],"picked":"RobotSpaceExplorer:Discharger+1","floor":44.0},{"not_picked":["RobotSpaceExplorer:ScrapMissile","RobotSpaceExplorer:MiniDrones+1","RobotSpaceExplorer:SurgingStrike"],"picked":"RobotSpaceExplorer:ShockKick+1","floor":45.0},{"not_picked":["RobotSpaceExplorer:SwiftStep","RobotSpaceExplorer:MetalStrike+1","RobotSpaceExplorer:GlueShot","RobotSpaceExplorer:Accelerator"],"picked":"SKIP","floor":46.0},{"not_picked":["RobotSpaceExplorer:PowerCollector+1","RobotSpaceExplorer:JunkDive","RobotSpaceExplorer:Pulsar+1","RobotSpaceExplorer:RigExplosive+1"],"picked":"SKIP","floor":47.0},{"not_picked":["RobotSpaceExplorer:ImprovisedAttack","RobotSpaceExplorer:SwiftStep","RobotSpaceExplorer:PowerCollector+1","RobotSpaceExplorer:SurgingShield"],"picked":"SKIP","floor":48.0}],"player_experience":588379,"relics_obtained":[{"floor":6.0,"key":"Centennial Puzzle"},{"floor":8.0,"key":"Vajra"},{"floor":9.0,"key":"Juzu Bracelet"},{"floor":13.0,"key":"Question Card"},{"floor":24.0,"key":"Blue Candle"},{"floor":26.0,"key":"Toy Ornithopter"},{"floor":27.0,"key":"Pen Nib"},{"floor":31.0,"key":"RobotSpaceExplorer:ClockworkSextant"},{"floor":41.0,"key":"Turnip"},{"floor":43.0,"key":"Guardian:GemstoneGun"},{"floor":46.0,"key":"Dream Catcher"}],"event_choices":[],"is_beta":false,"boss_relics":[{"not_picked":["Runic Dome","Coffee Dripper"],"picked":"Empty Cage"},{"not_picked":["Astrolabe","Calling Bell"],"picked":"RobotSpaceExplorer:TurboCore"}],"items_purged_floors":[30,38],"is_endless":false,"potions_floor_spawned":[4,8,13,21,28,29,31,37,42,45,48],"ascension_level":7}}