{"host":"28bpuzdckreop5i0","time":1608657166,"event":{"mods":["BaseMod","BetterRewards","Challenge The Spire","Defuse TimeMaze Blight","Downfall","Energized Spire","Googly Eyes","Hubris","Lobotomy","Mimic Mod","Minty Spire (QoL Compilation)","Relic Stats","Replay The Spire","Spicy Shops","StSLib","The Awakened One except there are too many feathers","The Cursed","The Hierophant","The IronCluck","Thieving Mod","Transform Curses","Wandering Minibosses","slay the spire mod where everything is the same but ironclad has a cowboy hat"],"gold_per_floor":[115,115,127,127,146,146,175,175,255,272,272,272,59,75,75,175,175,274,274,25,39,39,39],"floor_reached":22,"playtime":976,"items_purged":[],"score":186,"play_id":"8dec2c22-c72c-4897-9c1c-5229d358465a","local_time":"20201222111246","is_ascension_mode":false,"campfire_choices":[{"data":"Replay:Undeath\u0027s Touch","floor":6,"key":"SMITH"},{"floor":12,"key":"REST"}],"circlet_count":0,"master_deck":["Strike_R","Strike_R","Strike_R","Strike_R","Strike_R","Defend_R+1","Defend_R+1","Defend_R","Defend_R","Bash","MeatLantern","Pommel Strike","Replay:Undeath\u0027s Touch+1","RedShoes","Pummel","Reaper","MHz","Headbutt","Second Wind+1","LongBird","Flex","Rampage","Flex+1","VoidDream","Rage","Limit Break+1","Inflame+1","Perfected Strike","ReplayTheSpireMod:Muscle Training","Doubt","Armaments"],"relics":["Burning Blood","CogitoBucket","Pet Ghost","Sundial","Ice Cream","hubris:ScarierMask","Membership Card","War Paint","Yang_Lob"],"acts_visited":["Exordium","TheCity"],"potions_floor_usage":[7,11,11],"damage_taken":[{"damage":0,"enemies":"2 Louse","floor":1,"turns":3},{"damage":50,"enemies":"Cultist","floor":3,"turns":3},{"damage":1,"enemies":"Jaw Worm","floor":5,"turns":2},{"damage":43,"enemies":"Lagavulin","floor":7,"turns":7},{"damage":6,"enemies":"2 Fungi Beasts","floor":10,"turns":3},{"damage":6,"enemies":"Lots of Slimes","floor":11,"turns":3},{"damage":6,"enemies":"3 Louse","floor":14,"turns":2},{"damage":78,"enemies":"Slime Boss","floor":16,"turns":9},{"damage":19,"enemies":"Chosen","floor":18,"turns":6},{"damage":28,"enemies":"2 Thieves","floor":21,"turns":5},{"damage":79,"enemies":"Snake Plant","floor":22,"turns":7}],"seed_played":"-2016838372295145135","potions_obtained":[{"floor":1,"key":"BloodPotion"},{"floor":3,"key":"SmokeBomb"},{"floor":5,"key":"Strength Potion"},{"floor":7,"key":"ThievingMod:ThievingPotion"},{"floor":16,"key":"Swift Potion"}],"is_trial":false,"path_per_floor":["M","?","M","?","M","R","E","?","T","M","M","R","$","M","R","B",null,"M","?","$","M","M"],"character_chosen":"IRONCLAD","items_purchased":["Ice Cream","Rampage","Flex","Membership Card","Perfected Strike","ReplayTheSpireMod:Muscle Training","War Paint"],"campfire_rested":1,"item_purchase_floors":[13,13,13,20,20,20,20],"current_hp_per_floor":[80,80,36,36,41,41,33,33,33,33,33,57,57,69,80,26,80,75,75,75,69,0,0],"gold":39,"neow_bonus":"","is_daily":false,"chose_seed":false,"campfire_upgraded":1,"win_rate":0.0,"timestamp":1608657166,"path_taken":["M","?","M","?","?","R","E","?","T","M","M","R","$","M","R","BOSS","M","?","$","M","M"],"items_purchased_type":["Relic","Card","Card","Relic","Card","Card","Relic"],"build_version":"2020-12-13","purchased_purges":0,"victory":false,"max_hp_per_floor":[80,80,80,80,80,80,80,80,80,80,80,80,80,80,80,80,80,80,80,80,80,80,80],"relic_stats":{"counters":[13,52],"Sundial":[0],"War Paint":["Defend_R","Defend_R"],"obtain_stats":[{"Ice Cream":13,"Yang_Lob":18,"CogitoBucket":0,"Sundial":9,"hubris:ScarierMask":17,"Membership Card":20,"War Paint":20,"Burning Blood":0,"Pet Ghost":7},{"Ice Cream":7,"Yang_Lob":10,"CogitoBucket":0,"Sundial":4,"hubris:ScarierMask":9,"Membership Card":10,"War Paint":10,"Burning Blood":0,"Pet Ghost":4},{"Ice Cream":22,"Yang_Lob":39,"CogitoBucket":0,"Sundial":15,"hubris:ScarierMask":33,"Membership Card":39,"War Paint":39,"Burning Blood":0,"Pet Ghost":15}],"Burning Blood":54},"card_choices":[{"not_picked":["WallGazer","OSAHOGD"],"picked":"MeatLantern","floor":1},{"not_picked":["Second Wind","Heavy Blade"],"picked":"Pommel Strike","floor":1},{"not_picked":["OldLady","WallGazer"],"picked":"RedShoes","floor":3},{"not_picked":["Headbutt","Clothesline"],"picked":"Pummel","floor":3},{"not_picked":["FairyFestival","CrumblingArmor"],"picked":"MHz","floor":5},{"not_picked":["True Grit","Defy Death","Clothesline"],"picked":"SKIP","floor":5},{"not_picked":["ShyLook","Wellcheers"],"picked":"OldLady","floor":7},{"not_picked":["Thunderclap","Anger"],"picked":"Headbutt","floor":7},{"not_picked":["BigBird","Murderer"],"picked":"LongBird","floor":10},{"not_picked":["Clothesline","Searing Blow"],"picked":"Flex","floor":10},{"not_picked":["Murderer","OSAHOGD"],"picked":"VoidDream","floor":14},{"not_picked":["Run Through","ReplayTheSpireMod:Strike From Hell"],"picked":"Rage","floor":14},{"not_picked":["Porccubus","UniverseFragment"],"picked":"Yin","floor":16},{"not_picked":["Immolate","Brutality"],"picked":"Limit Break","floor":16},{"not_picked":["Headbutt","Heavy Blade"],"picked":"Inflame+1","floor":18},{"not_picked":["hubris:SharpeningStone","Barricade"],"picked":"Armaments","floor":21}],"player_experience":874221,"relics_obtained":[{"floor":7,"key":"Pet Ghost"},{"floor":9,"key":"Sundial"}],"event_choices":[{"damage_healed":0,"gold_gain":0,"player_choice":"1 cards matched","damage_taken":0,"max_hp_gain":0,"max_hp_loss":0,"event_name":"Match and Keep!","floor":4,"gold_loss":0,"cards_obtained":["Reaper"]},{"damage_healed":0,"gold_gain":0,"player_choice":"Forge","damage_taken":0,"max_hp_gain":0,"max_hp_loss":0,"event_name":"Accursed Blacksmith","floor":19,"gold_loss":0,"cards_upgraded":["Limit Break"]}],"is_beta":false,"boss_relics":[{"not_picked":["energizedSpire:CursedPentagram","Calling Bell"],"picked":"hubris:ScarierMask"}],"items_purged_floors":[],"is_endless":false,"potions_floor_spawned":[1,3,5,7,16],"killed_by":"Snake Plant","ascension_level":0}}