{"host":"27cnk69rbdk9vsnt","time":1608643787,"event":{"mods":["BaseMod","Beaked The Cultist","Duelist Mod","Ekko","Energized Spire","Glutton Mod","JesterMod","Jorbs\u0027s Wanderer Trilogy","Mimic Mod","Minty Spire (QoL Compilation)","Shop Mod","StSLib","The Elementalist","Thieving Mod"],"gold_per_floor":[12,12,30,42,62,88,88,108,134,166,116,116,116,128,128,226,226,238,258,57,57,77,0,26,40,80,80,80,80,80,80,80,80,80],"floor_reached":33,"playtime":2169,"items_purged":["elementalist:Earthstrike"],"score":300,"play_id":"072bea60-dbe7-4728-9854-4f1ca47350e2","local_time":"20201222142947","is_ascension_mode":false,"campfire_choices":[{"data":"elementalist:Sidereal_Form","floor":7,"key":"SMITH"},{"data":"elementalist:Solar_Form","floor":12,"key":"SMITH"},{"floor":15,"key":"REST"},{"floor":27,"key":"REST"},{"floor":30,"key":"REST"},{"data":"elementalist:Heavensfall","floor":32,"key":"SMITH"}],"circlet_count":0,"master_deck":["elementalist:Water_Emblem","elementalist:Defend_Elemblue","elementalist:Defend_Elemblue","elementalist:Defend_Elemblue","elementalist:Firestrike","elementalist:Waterstrike","elementalist:Airstrike","elementalist:Crystal_Chalk","elementalist:Sidereal_Form+1","elementalist:Fire_Emblem","elementalist:Spark","elementalist:Geomancy","elementalist:Caution","elementalist:Vaccuum","elementalist:Rising_Vapors","elementalist:Vaccuum","elementalist:Heavensfall+1","elementalist:Solar_Form+1","elementalist:Fission_Lance","elementalist:Accelerant","elementalist:Overheat","elementalist:Confluence+1","elementalist:Mage_Hand","Flash of Steel","J.A.X."],"relics":["elementalistmod:MagusStaff","elementalistmod:GreenCirclet","Gambling Chip","Strawberry","Vajra","Ice Cream","Sozu","Orichalcum","Pear"],"acts_visited":["Exordium","TheCity"],"potions_floor_usage":[3,16],"damage_taken":[{"damage":5,"enemies":"Small Slimes","floor":1,"turns":6},{"damage":6,"enemies":"Jaw Worm","floor":3,"turns":5},{"damage":0,"enemies":"2 Louse","floor":4,"turns":2},{"damage":2,"enemies":"2 Fungi Beasts","floor":5,"turns":3},{"damage":20,"enemies":"3 Sentries","floor":6,"turns":11},{"damage":2,"enemies":"Blue Slaver","floor":8,"turns":5},{"damage":20,"enemies":"Gremlin Nob","floor":10,"turns":5},{"damage":19,"enemies":"Gremlin Gang","floor":14,"turns":2},{"damage":30,"enemies":"The Guardian","floor":16,"turns":9},{"damage":0,"enemies":"Shell Parasite","floor":18,"turns":4},{"damage":14,"enemies":"Spheric Guardian","floor":19,"turns":4},{"damage":14,"enemies":"3 Cultists","floor":22,"turns":4},{"damage":26,"enemies":"Gremlin Leader","floor":24,"turns":5},{"damage":22,"enemies":"Centurion and Healer","floor":25,"turns":5},{"damage":9,"enemies":"Snake Plant","floor":26,"turns":5},{"damage":51,"enemies":"Automaton","floor":33,"turns":8}],"seed_played":"6088751533398012612","potions_obtained":[{"floor":1,"key":"DuplicationPotion"},{"floor":8,"key":"FearPotion"},{"floor":16,"key":"Strength Potion"}],"is_trial":false,"path_per_floor":["M","?","M","M","M","E","R","M","T","E","?","R","T","M","R","B",null,"M","M","$","?","M","?","E","M","MIM","R","$","$","R","?","R","B"],"character_chosen":"THE_ELEMENTALIST","items_purchased":["elementalist:Mage_Hand","Flash of Steel"],"campfire_rested":3,"item_purchase_floors":[20,20],"current_hp_per_floor":[65,65,59,59,57,37,37,35,42,25,25,25,25,6,29,5,77,77,63,63,63,52,52,26,7,13,39,19,19,45,45,45,0,0],"gold":80,"neow_bonus":"REMOVE_TWO","is_daily":false,"chose_seed":false,"campfire_upgraded":3,"win_rate":0.0,"timestamp":1608643787,"path_taken":["M","?","M","M","M","E","R","M","T","E","?","R","?","M","R","BOSS","M","M","$","?","M","?","E","M","MIM","R","?","$","R","?","R","BOSS"],"items_purchased_type":["Card","Card"],"build_version":"2020-12-13","purchased_purges":1,"victory":false,"max_hp_per_floor":[70,70,70,70,70,70,70,70,77,77,77,77,77,77,77,77,77,77,77,77,77,77,77,77,77,87,87,87,87,87,87,87,87,87],"card_choices":[{"not_picked":["elementalist:Confluence","elementalist:Spark"],"picked":"elementalist:Sidereal_Form","floor":1},{"not_picked":["elementalist:Breeze","elementalist:Mist"],"picked":"elementalist:Spark","floor":3},{"not_picked":["elementalist:Cyclone","elementalist:Concentricity"],"picked":"elementalist:Geomancy","floor":4},{"not_picked":["elementalist:Overheat","elementalist:Flame"],"picked":"elementalist:Caution","floor":5},{"not_picked":["elementalist:Geomancy","elementalist:Blaze"],"picked":"elementalist:Vaccuum","floor":6},{"not_picked":["elementalist:Breeze","elementalist:Stone_to_Mud"],"picked":"elementalist:Vaccuum","floor":8},{"not_picked":["elementalist:Spark","elementalist:Ignition"],"picked":"elementalist:Heavensfall","floor":10},{"not_picked":["elementalist:Cyclone","elementalist:Momentum"],"picked":"elementalist:Fission_Lance","floor":14},{"not_picked":["elementalist:Wirbelwight","elementalist:Heavensfall"],"picked":"elementalist:Accelerant","floor":16},{"not_picked":["elementalist:Breeze+1","elementalist:Mist"],"picked":"elementalist:Overheat","floor":18},{"not_picked":["elementalist:Cyclone","elementalist:Breeze"],"picked":"elementalist:Confluence+1","floor":19},{"not_picked":["elementalist:Cauterize+1","elementalist:Rising_Tides"],"picked":"elementalist:Geomancy+1","floor":22},{"not_picked":["elementalist:Aero","elementalist:Cyclone"],"picked":"elementalist:Vaccuum","floor":24},{"not_picked":["elementalist:Spark","elementalist:Pressurize"],"picked":"elementalist:Fission_Lance","floor":25},{"not_picked":["elementalist:Spout+1","elementalist:Ignition"],"picked":"elementalist:Lunar_Form","floor":26}],"player_experience":518512,"relics_obtained":[{"floor":6,"key":"Gambling Chip"},{"floor":9,"key":"Strawberry"},{"floor":10,"key":"Vajra"},{"floor":13,"key":"Ice Cream"},{"floor":24,"key":"Orichalcum"},{"floor":26,"key":"Pear"}],"event_choices":[{"cards_removed":["elementalist:Defend_Elemblue"],"damage_healed":0,"gold_gain":0,"player_choice":"Card Removal","damage_taken":0,"max_hp_gain":0,"max_hp_loss":0,"event_name":"The Cleric","floor":11,"gold_loss":50},{"damage_healed":0,"gold_gain":0,"player_choice":"Obtain J.A.X.","damage_taken":0,"max_hp_gain":0,"max_hp_loss":0,"event_name":"Drug Dealer","floor":21,"gold_loss":0,"cards_obtained":["J.A.X."]},{"damage_healed":0,"gold_gain":0,"player_choice":"Paid Fearfully","damage_taken":0,"max_hp_gain":0,"max_hp_loss":0,"event_name":"Masked Bandits","floor":23,"gold_loss":77},{"damage_healed":0,"gold_gain":0,"player_choice":"Ignored","damage_taken":0,"max_hp_gain":0,"max_hp_loss":0,"event_name":"Cursed Tome","floor":31,"gold_loss":0}],"is_beta":false,"boss_relics":[{"not_picked":["energizedSpire:HugeHouse","SlaversCollar"],"picked":"Sozu"}],"items_purged_floors":[20],"is_endless":false,"potions_floor_spawned":[1,8,16,18,24,25],"killed_by":"Automaton","ascension_level":0}}