{"host":"4tnjxquzd1sn7hrw","time":1608627892,"event":{"mods":["BaseMod","Colored Map","Downfall","Hubris","Minty Spire (QoL Compilation)","Quick Restart","StSLib"],"gold_per_floor":[99,109,109,129,142,242,242,262,288,298,331,354,354,386,414,516,516,441,467,480,500,520,94,94,113,140,133,150,183,208,240,251,251,251,251],"floor_reached":33,"playtime":4918,"items_purged":[],"score":555,"play_id":"1d853802-a37f-4d70-85cf-3657e1c6d7ff","local_time":"20201222180452","is_ascension_mode":true,"campfire_choices":[{"data":"hexamod:Float","floor":1.0,"key":"SMITH"},{"data":"hexamod:GhostOfSpirePast","floor":18,"key":"SMITH"}],"circlet_count":0,"master_deck":["hexamod:Sear","hexamod:Float+1","hexamod:RadiantFlame","hexamod:GhostOfSpirePast+1","hexamod:AdvancingGuard","hexamod:ShieldOfDarkness","hexamod:GhostflameInferno","hexamod:EmpoweredFlame","hexamod:BacktrackSmack","hexamod:CrushingStance","hexamod:Rewind","hexamod:AdvancingGuard","hexamod:PhantomCloak+1","hexamod:SpectralAdrenaline","hexamod:InspiringFlames","hexamod:StepThrough","hexamod:GhostOfSpireFuture","hexamod:InspiringFlames","hexamod:Firestarter","hexamod:UnleashSpirits","hexamod:SecondSeal","hexamod:NightmareStrike","hexamod:InspiringFlames+1","hexamod:SwordOfDarkness","hexamod:TurnItUp","hexamod:NightmareStrike+1","hexamod:AdvancingGuard","hexamod:AdvancingGuard+1","hexamod:ShieldOfDarkness","hexamod:RainOfEmbers+1","hexamod:FastForward","hexamod:FastForward","hexamod:BacktrackSmack","expansioncontent:StudyTheSpire","hexamod:GhostOfSpirePast","hexamod:HauntingEcho+1","hexamod:HauntingEcho+1"],"relics":["hexamod:SpiritBrand","downfall:GremlinWheel","Blood Vial","hubris:SphereOfDissonance","Bag of Preparation","Pandora\u0027s Box","downfall:HeartBlessingBlue","Toolbox","Turnip","hexamod:TheBrokenSeal","hubris:Spice","Girya","Red Mask","PreservedInsect"],"acts_visited":["Exordium","TheCity"],"potions_floor_usage":[6,6,8,9,10,10,10,10,11,14,14,15,16,16,19,20,22,22,25,25,27,33,33,33],"damage_taken":[{"damage":4,"enemies":"Small Slimes","floor":2,"turns":4},{"damage":3,"enemies":"2 Louse","floor":4,"turns":4},{"damage":0,"enemies":"Cultist","floor":5,"turns":5},{"damage":15,"enemies":"Cultist","floor":6,"turns":5},{"damage":8,"enemies":"Large Slime","floor":8,"turns":5},{"damage":28,"enemies":"Gremlin Nob","floor":9,"turns":6},{"damage":0,"enemies":"Exordium Wildlife","floor":10,"turns":2},{"damage":0,"enemies":"Lagavulin","floor":11,"turns":6},{"damage":0,"enemies":"3 Louse","floor":12,"turns":3},{"damage":22,"enemies":"3 Sentries","floor":14,"turns":8},{"damage":1,"enemies":"Blue Slaver","floor":15,"turns":5},{"damage":0,"enemies":"downfall:Watcher","floor":16,"turns":4},{"damage":16,"enemies":"Shell Parasite","floor":19,"turns":6},{"damage":14,"enemies":"Snake Plant","floor":20,"turns":4},{"damage":30,"enemies":"Chosen and Byrds","floor":21,"turns":8},{"damage":0,"enemies":"Cultist and Chosen","floor":22,"turns":5},{"damage":0,"enemies":"downfall:FleeingMerchant","floor":23,"turns":4},{"damage":5,"enemies":"Centurion and Healer","floor":25,"turns":7},{"damage":0,"enemies":"Book of Stabbing","floor":26,"turns":5},{"damage":0,"enemies":"downfall:FleeingMerchant","floor":27,"turns":4},{"damage":4,"enemies":"Sentry and Sphere","floor":28,"turns":6},{"damage":28,"enemies":"Gremlin Leader","floor":29,"turns":7},{"damage":43,"enemies":"Masked Bandits","floor":30,"turns":6},{"damage":3,"enemies":"Book of Stabbing","floor":31,"turns":3},{"damage":3,"enemies":"Cultist and Chosen","floor":32,"turns":4},{"damage":34,"enemies":"downfall:Silent","floor":33,"turns":8}],"seed_played":"-6226637851643783372","potions_obtained":[{"floor":2,"key":"SteroidPotion"},{"floor":4,"key":"FearPotion"},{"floor":5,"key":"sneckomod:MuddlingPotion"},{"floor":5,"key":"Fire Potion"},{"floor":6,"key":"hexamod:EctoCoolerPotion"},{"floor":8,"key":"CultistPotion"},{"floor":9,"key":"EntropicBrew"},{"floor":10,"key":"SteroidPotion"},{"floor":11,"key":"hexamod:DoubleChargePotion"},{"floor":12,"key":"DistilledChaos"},{"floor":14,"key":"SteroidPotion"},{"floor":15,"key":"Slimebound:ThreeZeroPotion"},{"floor":15,"key":"sneckomod:MuddlingPotion"},{"floor":16,"key":"Guardian:BlockOnCardUsePotion"},{"floor":16,"key":"SpeedPotion"},{"floor":19,"key":"GamblersBrew"},{"floor":21,"key":"Block Potion"},{"floor":21,"key":"Fire Potion"},{"floor":22,"key":"sneckomod:MuddlingPotion"},{"floor":26,"key":"DistilledChaos"},{"floor":28,"key":"Strength Potion"},{"floor":29,"key":"Dexterity Potion"},{"floor":31,"key":"Explosive Potion"},{"floor":32,"key":"Weak Potion"}],"is_trial":false,"path_per_floor":["R","M","?","M","M","?","T","M","E","M","E","M","?","E","M","B",null,"R","M","M","M","M","$","T","M","E","$","M","E","?","E","M","B"],"character_chosen":"THE_SPIRIT","items_purchased":["expansioncontent:StudyTheSpire","hexamod:GhostOfSpirePast","Toolbox"],"campfire_rested":0,"item_purchase_floors":[23,23,23],"current_hp_per_floor":[77,73,73,70,70,55,55,47,19,21,23,25,25,5,6,8,77,87,71,59,31,33,42,42,97,105,105,101,75,34,33,32,0,0,0],"gold":251,"neow_bonus":"TEN_PERCENT_HP_BONUS","is_daily":false,"chose_seed":false,"campfire_upgraded":2,"win_rate":0.0,"timestamp":1608627892,"path_taken":["R","M","?","M","M","?","T","M","E","M","E","?","?","E","M","BOSS","R","M","M","M","M","$","T","M","E","$","M","E","?","E","M","BOSS"],"items_purchased_type":["Card","Card","Relic"],"build_version":"2020-12-13","purchased_purges":0,"victory":false,"max_hp_per_floor":[77,77,77,77,77,77,77,77,77,77,77,77,77,77,77,77,77,87,87,87,87,87,87,87,97,105,105,105,105,105,105,105,105,105,105],"card_choices":[{"not_picked":["hexamod:SwordOfDarkness","hexamod:AdvancingGuard"],"picked":"hexamod:RadiantFlame","floor":2},{"not_picked":["hexamod:BacktrackSmack","hexamod:HauntingEcho"],"picked":"hexamod:GhostOfSpirePast","floor":4},{"not_picked":["hexamod:HauntingEcho","hexamod:NightmareGuise"],"picked":"hexamod:ThirdSeal","floor":5},{"not_picked":["hexamod:RainOfEmbers","hexamod:GhostLash"],"picked":"hexamod:AdvancingGuard","floor":6},{"not_picked":["hexamod:GhostShield","hexamod:SwordOfDarkness"],"picked":"hexamod:SecondSeal","floor":8},{"not_picked":["hexamod:Firestarter","hexamod:VolcanoVisage"],"picked":"hexamod:ShieldOfDarkness","floor":8},{"not_picked":["hexamod:SuperheatedStrike","hexamod:BacktrackSmack"],"picked":"hexamod:GhostflameInferno","floor":9},{"not_picked":["hexamod:Hexaguard","hexamod:AdvancingGuard"],"picked":"hexamod:EmpoweredFlame","floor":9},{"not_picked":["hexamod:HauntingEcho","hexamod:Haunt"],"picked":"hexamod:BacktrackSmack","floor":10},{"not_picked":["hexamod:SpectersWail","hexamod:ThermalTransfer"],"picked":"hexamod:CrushingStance","floor":10},{"not_picked":["hexamod:BacktrackSmack","hexamod:UnleashSpirits"],"picked":"hexamod:Rewind","floor":11},{"not_picked":["hexamod:ShieldOfDarkness","hexamod:HeatShield"],"picked":"hexamod:AdvancingGuard","floor":11},{"not_picked":["hexamod:GhostShield","hexamod:RainOfEmbers"],"picked":"hexamod:PhantomCloak","floor":12},{"not_picked":["hexamod:Firestarter","hexamod:HauntingEcho"],"picked":"hexamod:SpectralAdrenaline","floor":12},{"not_picked":["hexamod:Toasty","hexamod:GhostShield"],"picked":"hexamod:InspiringFlames","floor":14},{"not_picked":["hexamod:SpectersWail","hexamod:AdvancingGuard"],"picked":"hexamod:StepThrough","floor":15},{"not_picked":["hexamod:GhostShield","hexamod:GhostLash"],"picked":"hexamod:GhostOfSpireFuture","floor":15},{"not_picked":["hexamod:VolcanoVisage","hexamod:Toasty"],"picked":"hexamod:FifthSeal","floor":16},{"not_picked":["hexamod:GhostLash","hexamod:BacktrackSmack"],"picked":"hexamod:NightmareStrike+1","floor":19},{"not_picked":["hexamod:SecondSeal","hexamod:FirstSeal"],"picked":"hexamod:SixthSeal","floor":19},{"not_picked":["hexamod:NightmareGuise","hexamod:HeatShield+1"],"picked":"hexamod:AdvancingGuard","floor":19},{"not_picked":["hexamod:ChargedBarrage","hexamod:SwordOfDarkness"],"picked":"hexamod:AdvancingGuard+1","floor":20},{"not_picked":["hexamod:ThirdSeal","hexamod:HeatShield+1","hexamod:RainOfEmbers"],"picked":"SKIP","floor":20},{"not_picked":["hexamod:Hexaguard","hexamod:BurningTouch"],"picked":"hexamod:ShieldOfDarkness","floor":21},{"not_picked":["hexamod:SearingWound","hexamod:NightmareStrike"],"picked":"hexamod:RainOfEmbers+1","floor":21},{"not_picked":["hexamod:BacktrackSmack","hexamod:GhostLash+1"],"picked":"hexamod:FastForward","floor":22},{"not_picked":["hexamod:RecurringNightmare","hexamod:Firestarter"],"picked":"hexamod:FirstSeal","floor":22},{"not_picked":["hexamod:RadiantFlame","hexamod:ThermalTransfer+1"],"picked":"hexamod:FastForward","floor":23},{"not_picked":["hexamod:SuperheatedStrike","hexamod:FifthSeal"],"picked":"hexamod:BacktrackSmack","floor":23},{"not_picked":["hexamod:FirstSeal","hexamod:ThirdSeal","hexamod:SecondSeal"],"picked":"SKIP","floor":25},{"not_picked":["hexamod:Firestarter","hexamod:GhostShield","hexamod:RainOfEmbers"],"picked":"SKIP","floor":25},{"not_picked":["hexamod:InspiringFlames","hexamod:HeatCrush","hexamod:Hexaguard"],"picked":"SKIP","floor":26},{"not_picked":["hexamod:NecessarySacrifice","hexamod:GhostShield","hexamod:RainOfEmbers"],"picked":"SKIP","floor":27},{"not_picked":["hexamod:RecurringNightmare+1","hexamod:NecessarySacrifice+1"],"picked":"hexamod:HauntingEcho+1","floor":28},{"not_picked":["hexamod:FirstSeal","hexamod:EtherealExpedition","hexamod:SwordOfDarkness"],"picked":"SKIP","floor":29},{"not_picked":["hexamod:Hexaguard","hexamod:ThirdSeal"],"picked":"hexamod:HauntingEcho+1","floor":30},{"not_picked":["hexamod:Firestarter","hexamod:FifthSeal","hexamod:Haunt"],"picked":"SKIP","floor":31},{"not_picked":["hexamod:ChargedBarrage","hexamod:SwordOfDarkness","hexamod:SoulSteal+1"],"picked":"SKIP","floor":32}],"player_experience":481138,"relics_obtained":[{"floor":6,"key":"downfall:GremlinWheel"},{"floor":9,"key":"Blood Vial"},{"floor":11,"key":"hubris:SphereOfDissonance"},{"floor":14,"key":"Bag of Preparation"},{"floor":24,"key":"Turnip"},{"floor":26,"key":"hubris:Spice"},{"floor":29,"key":"Girya"},{"floor":30,"key":"Red Mask"},{"floor":31,"key":"PreservedInsect"}],"event_choices":[{"damage_healed":0,"gold_gain":0,"player_choice":"Fought Bandits","damage_taken":0,"max_hp_gain":0,"max_hp_loss":0,"event_name":"Masked Bandits","floor":30,"gold_loss":0}],"is_beta":false,"boss_relics":[{"not_picked":["hubris:CrackedHourglass","SacredBark"],"picked":"Pandora\u0027s Box"}],"items_purged_floors":[],"is_endless":false,"potions_floor_spawned":[2,5,10,12,15,16,21,26,28,29,31,32],"killed_by":"downfall:Silent","ascension_level":1}}