{"host":"su949gb0hk2agi5m","time":1608632334,"event":{"mods":["Act Like it!","BaseMod","Chen","Gensokyo","Koishi","KomeijiMod","Lobotomy","Minty Spire (QoL Compilation)","Replay The Spire","RumiaBox-露米娅的神秘盒子","StSLib","【功能Mod】混沌之环修复补丁"],"gold_per_floor":[99,24,117,129,84,84,84,84,84,84,109,144,476,502,502,606,606,606,606],"floor_reached":18,"playtime":1299,"items_purged":["Koishi:CatchAndRose"],"score":457,"play_id":"f6b4307d-8b55-4d05-b82d-fa983e9094dd","local_time":"20201222181854","daily_mods":["Draft","Vintage","Allstar","Colorless Cards","Heirloom","Time Dilation","Flight","DeadlyEvents","Elite Swarm"],"is_ascension_mode":false,"campfire_choices":[{"data":"Blind","floor":6,"key":"SMITH"},{"data":"Survey Options","floor":7,"key":"SMITH"},{"data":"Koishi:SubconsciousSweep","floor":8,"key":"SMITH"},{"data":"Koishi:SubterraneanRose","floor":10,"key":"SMITH"},{"floor":15,"key":"REST"}],"circlet_count":0,"master_deck":["Muse","Koishi:JumpScare","Koishi:HeartfeltFancy","Koishi:ReflexRadar","Koishi:ReflexRadar","Koishi:SubconsciousSweep+1","Koishi:Prune+1","Muse","Swift Strike","Koishi:Whimsy","Survey Options+1","Koishi:UnconsciousUrges+1","Koishi:UnconsciousUprising","Blind+1","Koishi:SubterraneanRose+1","Koishi:HeartAttack+1","Blind","Secret Technique","Sadistic Nature+1","Crow Ritual+1","Koishi:DanmakuParanoia"],"relics":["Unceasing Top","replay:Trail_Library","Counterbalance","Tiny Chest","Frozen Egg 2","Replay:PocketPolymizer","Bag of Marbles","Whetstone","Old Coin","Pocketwatch","Snecko Heart"],"acts_visited":["Exordium","Exordium"],"potions_floor_usage":[],"damage_taken":[{"damage":0,"enemies":"2 Louse","floor":4,"turns":1},{"damage":0,"enemies":"Gremlin Nob","floor":11,"turns":3},{"damage":0,"enemies":"Lagavulin","floor":12,"turns":1},{"damage":4,"enemies":"Replay:BlueRogue","floor":13,"turns":3},{"damage":0,"enemies":"Lagavulin","floor":14,"turns":1},{"damage":0,"enemies":"Fading Forest","floor":16,"turns":5},{"damage":2,"enemies":"Gensokyo:AngelMirror","floor":18,"turns":1}],"seed_played":"5848759072817414527","potions_obtained":[{"floor":4,"key":"DistilledChaos"},{"floor":13,"key":"SteroidPotion"}],"is_trial":true,"path_per_floor":["?","$","?","M","$","R","R","R","T","R","E","E","E","E","R","B",null,"M"],"character_chosen":"KOISHI","items_purchased":["Koishi:SubterraneanRose"],"campfire_rested":1,"item_purchase_floors":[5],"current_hp_per_floor":[60,60,36,38,38,38,38,38,38,38,40,42,40,42,60,60,60,58,58],"gold":606,"neow_bonus":"","is_daily":false,"chose_seed":false,"campfire_upgraded":4,"win_rate":0.0,"timestamp":1608632334,"path_taken":["?","$","?","M","$","R","R","R","T","R","E","E","?","E","R","BOSS","M"],"items_purchased_type":["Card"],"build_version":"2020-12-13","purchased_purges":1,"victory":false,"max_hp_per_floor":[60,60,60,60,60,60,60,60,60,60,60,60,60,60,60,60,60,60,60],"card_choices":[{"not_picked":["Replay:Sssssssssstrike","Koishi:JumpScare"],"picked":"Koishi:SubconsciousSweep","floor":0},{"not_picked":["Koishi:Prune","Dark Shackles"],"picked":"Muse","floor":0},{"not_picked":["Koishi:StingingMind","Koishi:BloodcurdlingScream"],"picked":"Koishi:JumpScare","floor":0},{"not_picked":["Koishi:PhantomBarrier","Koishi:BramblyRoseGarden"],"picked":"Koishi:HeartfeltFancy","floor":0},{"not_picked":["PanicButton","Koishi:UnansweredLove"],"picked":"Koishi:ReflexRadar","floor":0},{"not_picked":["Koishi:StingingMind","Koishi:HeartfeltFancy"],"picked":"Koishi:ReflexRadar","floor":0},{"not_picked":["Koishi:StingingMind","Koishi:RacingHeart"],"picked":"Koishi:CatchAndRose","floor":0},{"not_picked":["Koishi:EmbersOfLove","Koishi:PhantomStrike"],"picked":"Koishi:SubconsciousSweep","floor":0},{"not_picked":["Koishi:ParalyzingFear","Koishi:EmbryosDream"],"picked":"Koishi:Prune","floor":0},{"not_picked":["Koishi:UnansweredLove","Koishi:SpiritedAway"],"picked":"Muse","floor":0},{"not_picked":["PanicButton","Koishi:HeartfeltFancy"],"picked":"Swift Strike","floor":0},{"not_picked":["Koishi:Catatonia","Koishi:StingingMind"],"picked":"Koishi:Whimsy","floor":0},{"not_picked":["Koishi:Jaunt","Koishi:DreadfulBlow"],"picked":"Koishi:PhantomBarrier","floor":0},{"not_picked":["Koishi:FleetingPhantom","Koishi:PhantomStrike"],"picked":"Survey Options","floor":0},{"not_picked":["Koishi:RacingHeart","Koishi:BloodcurdlingScream"],"picked":"Koishi:PhantomBarrier","floor":0},{"not_picked":["Koishi:SubconsciousSweep","Survey Options"],"picked":"Koishi:UnconsciousUprising","floor":3},{"not_picked":["Koishi:JumpScare","Jack Of All Trades"],"picked":"Blind","floor":3},{"not_picked":["ReplayUltimateDefense+1","Mayhem+1","Koishi:Heartbroken+1"],"picked":"SKIP","floor":11},{"not_picked":["RidiculousThoughts+1","Koishi:SilentAndRestless"],"picked":"Secret Technique","floor":12},{"not_picked":["Koishi:HeartStoppingHorror+1","Metamorphosis"],"picked":"Sadistic Nature+1","floor":13},{"not_picked":["Transmutation","Koishi:SuperEgo"],"picked":"Crow Ritual+1","floor":14}],"player_experience":70180,"relics_obtained":[{"floor":3,"key":"Tiny Chest"},{"floor":4,"key":"Frozen Egg 2"},{"floor":9,"key":"Replay:PocketPolymizer"},{"floor":11,"key":"Bag of Marbles"},{"floor":12,"key":"Whetstone"},{"floor":13,"key":"Old Coin"},{"floor":14,"key":"Pocketwatch"}],"event_choices":[],"is_beta":false,"boss_relics":[{"not_picked":["Coffee Dripper","SoulBox"],"picked":"Snecko Heart"}],"items_purged_floors":[2],"is_endless":true,"potions_floor_spawned":[4,13],"killed_by":"Gensokyo:AngelMirror","ascension_level":0}}