{"host":"wxfvfvlqpm2kywqw","time":1608658112,"event":{"mods":["AchievementEnabler","Ascension Reborn","BaseMod","Better Note","BetterRewards","Colored Map","Colored Powertips","DeckTracker","Dio Mod","GifTheSpireLib","Googly Eyes","GungeonMod","Hero for Fun","HololiveMod","Infinite Spire","Minty Spire (QoL Compilation)","Quick Restart","Rare Cards Sparkle","Relic Stats","Replay The Spire","StSLib","SuperFastMode","The Poker Player","everything is the same but u backflip on backflip","slay the spire mod where everything is the same but ironclad has a cowboy hat"],"gold_per_floor":[112,123,123,138,156,181,181,195,195,195,208,226,243,305,305,402,402,412,412,412,428,444,444,477,477,477,477,427,442,342,342,342,439,439,457,457,457],"floor_reached":36,"playtime":1892,"items_purged":["dioMod:Strike","dioMod:Strike"],"score":411,"play_id":"70913728-1374-45c9-aa15-d21960473e68","local_time":"20201222122832","is_ascension_mode":true,"campfire_choices":[{"data":"infinitespire:Collect","floor":7,"key":"SMITH"},{"data":"dioMod:ComboFever","floor":10,"key":"SMITH"},{"data":"dioMod:DoubleTime","floor":23,"key":"SMITH"},{"data":"dioMod:Muda","floor":25,"key":"SMITH"},{"data":"dioMod:Muda","floor":27,"key":"SMITH"},{"data":"dioMod:Muda","floor":32,"key":"SMITH"}],"circlet_count":0,"master_deck":["dioMod:Strike","dioMod:Strike","Bite","dioMod:Defend","dioMod:Defend","dioMod:Defend","dioMod:Defend","dioMod:Muda+1","dioMod:LaserVision+1","infinitespire:Collect+1","dioMod:ComboFever+1","dioMod:TheWalk","dioMod:BlendIn","dioMod:ComposedMuda","dioMod:VengefulMuda","dioMod:CautiousMuda","dioMod:MudaMudaMuda","dioMod:DoubleTime+1","dioMod:PathToHeaven","Echo Form","dioMod:Muda+1","dioMod:Refresh","dioMod:Muda+1","dioMod:Hiss","dioMod:SevenPageMuda"],"relics":["dioMod:VampireBlood","NeowsBlessing","Bag of Preparation","ReplayTheSpireMod:Shallot","SlaversCollar","DemoMod:VorpalBullet","Smiling Mask","Runic Dome"],"acts_visited":["Exordium","TheCity","TheBeyond"],"potions_floor_usage":[14,18,18,24],"damage_taken":[{"damage":0,"enemies":"2 Louse","floor":1,"turns":1},{"damage":0,"enemies":"Cultist","floor":2,"turns":1},{"damage":0,"enemies":"Small Slimes","floor":4,"turns":3},{"damage":2,"enemies":"Red Slaver","floor":5,"turns":4},{"damage":41,"enemies":"Lagavulin","floor":6,"turns":6},{"damage":0,"enemies":"Looter","floor":8,"turns":3},{"damage":0,"enemies":"Lots of Slimes","floor":11,"turns":2},{"damage":1,"enemies":"Red Slaver","floor":12,"turns":3},{"damage":0,"enemies":"3 Louse","floor":13,"turns":2},{"damage":44,"enemies":"The Guardian","floor":16,"turns":10},{"damage":43,"enemies":"3 Byrds","floor":18,"turns":10},{"damage":0,"enemies":"Shell Parasite","floor":21,"turns":3},{"damage":0,"enemies":"Centurion and Healer","floor":22,"turns":6},{"damage":11,"enemies":"Replay:Snechameleon","floor":24,"turns":2},{"damage":0,"enemies":"Chosen and Byrds","floor":29,"turns":1},{"damage":16,"enemies":"Champ","floor":33,"turns":5},{"damage":29,"enemies":"3 Shapes","floor":35,"turns":2},{"damage":0,"enemies":"infinitespire:Three Voidlings","floor":36,"turns":2},{"damage":78,"enemies":"Nightmare_Alpha","floor":36,"turns":7}],"seed_played":"-7171006869800797639","potions_obtained":[{"floor":1,"key":"Elixir"},{"floor":2,"key":"Elixir"},{"floor":8,"key":"ColorlessPotion"},{"floor":11,"key":"DemoMod:LeadSkinPotion"},{"floor":12,"key":"Strength Potion"},{"floor":14,"key":"Fruit Juice"},{"floor":14,"key":"Block Potion"},{"floor":24,"key":"Explosive Potion"},{"floor":29,"key":"SkillPotion"}],"is_trial":false,"path_per_floor":["M","M","?","M","M","E","R","M","T","R","M","M","M","?","R_BF","B",null,"M","?","?","M","M","R","E","R","T","R","$","M","$","?","R","B",null,"M","?"],"character_chosen":"THE_DEFAULT","items_purchased":["dioMod:Hiss"],"campfire_rested":0,"item_purchase_floors":[30],"current_hp_per_floor":[75,75,58,64,67,35,35,40,40,40,55,61,72,59,80,41,80,55,55,55,60,66,66,61,61,61,61,61,67,67,52,52,43,85,65,0,0],"gold":457,"neow_bonus":"THREE_ENEMY_KILL","is_daily":false,"chose_seed":false,"campfire_upgraded":6,"win_rate":0.0,"timestamp":1608658112,"path_taken":["M","M","?","M","M","E","R","M","T","R","M","M","M","?","R_BF","BOSS","M","?","?","?","M","R","E","R","T","R","$","M","?","?","R","BOSS","M","?"],"items_purchased_type":["Card"],"build_version":"2020-12-13","purchased_purges":2,"victory":false,"max_hp_per_floor":[75,75,75,75,75,75,75,75,75,75,75,75,75,80,80,80,80,80,80,80,80,80,80,80,80,80,80,80,80,80,85,85,85,85,85,85,85],"relic_stats":{"counters":[19,73],"Bag of Preparation":[28],"Smiling Mask":75,"obtain_stats":[{"SlaversCollar":17,"Runic Dome":34,"NeowsBlessing":0,"ReplayTheSpireMod:Shallot":9,"dioMod:VampireBlood":0,"DemoMod:GlassGuonStoneRelic":1,"Bag of Preparation":6,"Smiling Mask":26,"DemoMod:VorpalBullet":24},{"SlaversCollar":10,"Runic Dome":16,"NeowsBlessing":0,"ReplayTheSpireMod:Shallot":6,"dioMod:VampireBlood":0,"DemoMod:GlassGuonStoneRelic":1,"Bag of Preparation":5,"Smiling Mask":14,"DemoMod:VorpalBullet":14},{"SlaversCollar":35,"Runic Dome":62,"NeowsBlessing":0,"ReplayTheSpireMod:Shallot":18,"dioMod:VampireBlood":0,"DemoMod:GlassGuonStoneRelic":1,"Bag of Preparation":15,"Smiling Mask":56,"DemoMod:VorpalBullet":56}]},"card_choices":[{"not_picked":["dioMod:SlashThroughTime","dioMod:FlyAway"],"picked":"dioMod:Muda","floor":1},{"not_picked":["dioMod:TripleThreat","dioMod:SlashThroughTime"],"picked":"dioMod:LaserVision","floor":2},{"not_picked":["infinitespire:SevenWalls","infinitespire:TheBestDefense"],"picked":"infinitespire:Collect","floor":3},{"not_picked":["dioMod:SlashThroughTime","dioMod:SadisticLaugh"],"picked":"dioMod:ComboFever","floor":4},{"not_picked":["dioMod:SecretPlan","dioMod:CutDeep"],"picked":"dioMod:TheWalk","floor":5},{"not_picked":["dioMod:DisarmingVoice","dioMod:PathToHeaven"],"picked":"dioMod:BlendIn","floor":6},{"not_picked":["dioMod:SadisticLaugh","dioMod:FlyAway"],"picked":"dioMod:ComposedMuda","floor":8},{"not_picked":["dioMod:ComposedMuda","dioMod:BloodTransfusion"],"picked":"dioMod:VengefulMuda","floor":11},{"not_picked":["dioMod:Roundabout","dioMod:Minions"],"picked":"dioMod:CautiousMuda","floor":12},{"not_picked":["dioMod:UltimateSacrifice","dioMod:HeavyLifting"],"picked":"dioMod:MudaMudaMuda","floor":13},{"not_picked":["dioMod:HeavyLifting","dioMod:VengefulMuda"],"picked":"dioMod:DoubleTime","floor":14},{"not_picked":["dioMod:TheWalk","dioMod:PhantomBlood"],"picked":"dioMod:PathToHeaven","floor":16},{"not_picked":["dioMod:ComboFever","dioMod:WRYYY","dioMod:SecretPlan"],"picked":"SKIP","floor":18},{"not_picked":["dioMod:FlyAway+1","dioMod:SecretPlan"],"picked":"dioMod:Refresh","floor":21},{"not_picked":["dioMod:CautiousMuda+1","dioMod:BloodShield","dioMod:DaggerToss"],"picked":"SKIP","floor":22},{"not_picked":["dioMod:ComposedMuda","dioMod:BloodShield","dioMod:Donut+1"],"picked":"SKIP","floor":24},{"not_picked":["dioMod:BloodSplash","dioMod:DaggerToss"],"picked":"dioMod:Muda","floor":29},{"not_picked":["dioMod:Pluck","dioMod:Despair"],"picked":"dioMod:SevenPageMuda","floor":33},{"not_picked":["dioMod:BlendIn","dioMod:VengefulMuda+1","dioMod:BloodSplash"],"picked":"SKIP","floor":35}],"player_experience":302349,"relics_obtained":[{"floor":6,"key":"Bag of Preparation"},{"floor":9,"key":"ReplayTheSpireMod:Shallot"},{"floor":24,"key":"DemoMod:VorpalBullet"},{"floor":26,"key":"Smiling Mask"}],"event_choices":[{"cards_removed":["infinitespire:Collect"],"damage_healed":0,"gold_gain":0,"player_choice":"Take \u0026 Give","damage_taken":0,"max_hp_gain":0,"max_hp_loss":0,"event_name":"betterNote:BetterNote","floor":19,"gold_loss":0,"cards_obtained":["Echo Form"]},{"damage_healed":0,"gold_gain":0,"player_choice":"Copied","damage_taken":0,"max_hp_gain":0,"max_hp_loss":0,"event_name":"Duplicator","floor":20,"gold_loss":0,"cards_obtained":["dioMod:Muda"]},{"damage_healed":0,"gold_gain":0,"player_choice":"Shed Blood","damage_taken":20,"max_hp_gain":5,"max_hp_loss":0,"event_name":"Forgotten Altar","floor":31,"gold_loss":0}],"is_beta":false,"boss_relics":[{"not_picked":["Fusion Hammer","Kintsugi"],"picked":"SlaversCollar"},{"not_picked":["Honey Jar","ChewingGum"],"picked":"Runic Dome"}],"items_purged_floors":[28,30],"is_endless":false,"potions_floor_spawned":[1,2,8,11,12,24,29],"killed_by":"Nightmare_Alpha","ascension_level":0}}