{"host":"h8l1uc7c2i19r904","time":1608604876,"event":{"mods":["AchievementEnabler","BaseMod","Colored Map","Colored Powertips","Downfall","Minty Spire (QoL Compilation)","Quick Restart","Replay The Spire","StSLib","SuperFastMode"],"gold_per_floor":[119,137,147,322,9,9,23,23,23,23,43,43,118,144,144,240,240,258,258,258,278,278,305,317,317],"floor_reached":24,"playtime":1697,"items_purged":[],"score":214,"play_id":"44a90a53-f124-43d1-afcf-4afb720a98c9","local_time":"20201221184116","is_ascension_mode":false,"campfire_choices":[{"data":"ReplayTheSpireMod:Omega Cannon","floor":6,"key":"SMITH"},{"floor":10,"key":"REST"},{"floor":15,"key":"REST"}],"circlet_count":0,"master_deck":["Strike_B","Strike_B","Strike_B","Strike_B","Defend_B","Defend_B","Zap","Dualcast","Go for the Eyes","Compile Driver","Conserve Battery","Doubt","FIFO Queue","expansioncontent:SuperHexaguard","ReplayTheSpireMod:Omega Cannon+1","Creative AI","RitualDagger","Gash+1","ReplayTheSpireMod:Calculation Training"],"relics":["Empty Cage","ReplayTheSpireMod:Ninjato","Divine Protection","Velvet Choker","MawBank"],"acts_visited":["Exordium","TheCity"],"potions_floor_usage":[],"damage_taken":[{"damage":5,"enemies":"2 Louse","floor":1,"turns":3},{"damage":8,"enemies":"Jaw Worm","floor":2,"turns":2},{"damage":0,"enemies":"Small Slimes","floor":3,"turns":3},{"damage":13,"enemies":"Red Slaver","floor":7,"turns":3},{"damage":10,"enemies":"Looter","floor":11,"turns":2},{"damage":40,"enemies":"Replay:BlueRogue","floor":14,"turns":8},{"damage":13,"enemies":"Fading Forest","floor":16,"turns":11},{"damage":26,"enemies":"Chosen","floor":18,"turns":7},{"damage":5,"enemies":"3 Byrds","floor":21,"turns":4},{"damage":33,"enemies":"Slavers","floor":23,"turns":4},{"damage":6,"enemies":"Centurion and Healer","floor":24,"turns":2}],"seed_played":"9164801861030619599","potions_obtained":[{"floor":2,"key":"Adrenaline Potion"},{"floor":14,"key":"PowerPotion"},{"floor":23,"key":"DistilledChaos"}],"is_trial":false,"path_per_floor":["M","M","M","?","$","R","M","$","T","R","M","$","?","E","R","B",null,"M","?","?","M","?","E","M"],"character_chosen":"DEFECT","items_purchased":["FIFO Queue","expansioncontent:SuperHexaguard","ReplayTheSpireMod:Omega Cannon"],"campfire_rested":2,"item_purchase_floors":[5,5,5],"current_hp_per_floor":[70,62,62,62,62,62,49,49,49,71,61,61,50,10,32,33,75,49,49,43,38,38,5,0,0],"gold":317,"neow_bonus":"BOSS_RELIC","is_daily":false,"chose_seed":false,"campfire_upgraded":1,"win_rate":0.0,"timestamp":1608604876,"path_taken":["M","M","M","?","$","R","M","?","T","R","M","$","?","E","R","BOSS","M","?","?","M","?","E","M"],"items_purchased_type":["Card","Card","Card"],"build_version":"2020-12-13","purchased_purges":0,"victory":false,"max_hp_per_floor":[75,75,75,75,75,75,75,75,75,75,75,75,75,75,75,75,75,75,75,75,75,75,75,75,75],"card_choices":[{"not_picked":["Cold Snap","Ball Lightning"],"picked":"Go for the Eyes","floor":1},{"not_picked":["Coolheaded","Hologram"],"picked":"Compile Driver","floor":2},{"not_picked":["BasicCrystalCard","Hello World"],"picked":"Conserve Battery","floor":3},{"not_picked":["Hologram","Beam Cell","Stack"],"picked":"SKIP","floor":7},{"not_picked":["Tempest","Cold Snap","Beam Cell"],"picked":"SKIP","floor":11},{"not_picked":["ReplayTheSpireMod:System Scan","Barrage","Go for the Eyes"],"picked":"SKIP","floor":14},{"not_picked":["Thunder Strike","Seek"],"picked":"Creative AI","floor":16},{"not_picked":["Rebound+1","Sweeping Beam+1","Redo"],"picked":"SKIP","floor":18},{"not_picked":["White Noise","Redo"],"picked":"Gash+1","floor":21},{"not_picked":["Coolheaded","Panic Button"],"picked":"ReplayTheSpireMod:Calculation Training","floor":23}],"player_experience":89693,"relics_obtained":[{"floor":9,"key":"ReplayTheSpireMod:Ninjato"},{"floor":14,"key":"Divine Protection"},{"floor":23,"key":"MawBank"}],"event_choices":[{"damage_healed":0,"gold_gain":175,"player_choice":"AGREE","damage_taken":0,"max_hp_gain":0,"max_hp_loss":0,"event_name":"Liars Game","floor":4,"gold_loss":0,"cards_obtained":["Doubt"]},{"damage_healed":0,"gold_gain":75,"player_choice":"Gather Gold","damage_taken":11,"max_hp_gain":0,"max_hp_loss":0,"event_name":"World of Goop","floor":13,"gold_loss":0},{"damage_healed":0,"gold_gain":0,"player_choice":"Joined the Cult","damage_taken":6,"max_hp_gain":0,"max_hp_loss":0,"event_name":"Nest","floor":20,"gold_loss":0,"cards_obtained":["RitualDagger"]},{"damage_healed":0,"gold_gain":0,"player_choice":"Ignored","damage_taken":0,"max_hp_gain":0,"max_hp_loss":0,"event_name":"NoteForYourself","floor":22,"gold_loss":0}],"is_beta":false,"boss_relics":[{"not_picked":["Inserter","Fusion Hammer"],"picked":"Velvet Choker"}],"items_purged_floors":[],"is_endless":false,"potions_floor_spawned":[2,14,23],"killed_by":"Centurion and Healer","ascension_level":0}}