{"host":"3a1ypf1irl30q4k8","time":1608664324,"event":{"mods":["AchievementEnabler","BaseMod","Bestiary","Colored Map","Minty Spire (QoL Compilation)","Relic Stats"],"gold_per_floor":[217,217,229,239,84,84,98,125,125,0,0,0,30,30,30,127,127,145,46,65,84,2,2,13,39,39,39,39,53,53,84,84,186,186,198,209,209,224,134,134,161,161,185,185,204,204,204,70,70,70],"floor_reached":51,"playtime":2960,"items_purged":["Strike_B","Writhe"],"score":1082,"play_id":"168e57e6-d598-43bb-8e07-fc558c43a5ca","local_time":"20201222191204","is_ascension_mode":true,"campfire_choices":[{"data":"Glacier","floor":6,"key":"SMITH"},{"data":"Rainbow","floor":12,"key":"SMITH"},{"data":"Dualcast","floor":15,"key":"SMITH"},{"data":"Echo Form","floor":23,"key":"SMITH"},{"data":"Self Repair","floor":27,"key":"SMITH"},{"data":"White Noise","floor":30,"key":"SMITH"},{"floor":32,"key":"REST"},{"data":"Strike_B","floor":40,"key":"PURGE"},{"floor":42,"key":"REST"},{"data":"Defend_B","floor":44,"key":"PURGE"},{"data":"1","floor":49,"key":"LIFT"}],"circlet_count":0,"master_deck":["AscendersBane","Defend_B+1","Defend_B+1","Defend_B+1","Zap+1","Dualcast+1","Barrage+1","Rainbow+1","Sweeping Beam+1","Sweeping Beam+1","Glacier+1","Barrage+1","Chill+1","Self Repair+1","Go for the Eyes+1","Cold Snap+1","Turbo+1","Skim+1","Echo Form+1","Auto Shields+1","Cold Snap+1","Conserve Battery+1","White Noise+1","Genetic Algorithm+1","Biased Cognition+1","Buffer+1","Writhe","Dark Shackles","Self Repair+1"],"relics":["Cracked Core","Orrery","Du-Vu Doll","Mango","Lizard Tail","Cables","Cursed Key","Frozen Egg 2","Singing Bowl","Peace Pipe","Sozu","Girya","Omamori","Mark of the Bloom"],"acts_visited":["Exordium","TheCity","TheBeyond"],"potions_floor_usage":[7,16,16,18,24,29,38,41],"damage_taken":[{"damage":1,"enemies":"Cultist","floor":1,"turns":3},{"damage":10,"enemies":"Jaw Worm","floor":3,"turns":3},{"damage":8,"enemies":"Small Slimes","floor":4,"turns":2},{"damage":9,"enemies":"Exordium Thugs","floor":7,"turns":4},{"damage":18,"enemies":"Gremlin Nob","floor":8,"turns":5},{"damage":19,"enemies":"Lagavulin","floor":13,"turns":6},{"damage":37,"enemies":"The Guardian","floor":16,"turns":9},{"damage":8,"enemies":"3 Byrds","floor":18,"turns":4},{"damage":1,"enemies":"Shell Parasite","floor":20,"turns":6},{"damage":7,"enemies":"Snecko","floor":21,"turns":5},{"damage":9,"enemies":"Sentry and Sphere","floor":24,"turns":4},{"damage":31,"enemies":"Book of Stabbing","floor":25,"turns":9},{"damage":10,"enemies":"Chosen and Byrds","floor":29,"turns":5},{"damage":37,"enemies":"Slavers","floor":31,"turns":7},{"damage":58,"enemies":"Automaton","floor":33,"turns":13},{"damage":20,"enemies":"3 Darklings","floor":35,"turns":8},{"damage":8,"enemies":"3 Shapes","floor":36,"turns":5},{"damage":9,"enemies":"3 Darklings","floor":38,"turns":7},{"damage":20,"enemies":"Reptomancer","floor":41,"turns":9},{"damage":4,"enemies":"Writhing Mass","floor":45,"turns":6},{"damage":16,"enemies":"Donu and Deca","floor":50,"turns":10}],"seed_played":"1072359054171783096","potions_obtained":[{"floor":4,"key":"AttackPotion"},{"floor":8,"key":"FearPotion"},{"floor":14,"key":"FairyPotion"},{"floor":14,"key":"Fruit Juice"},{"floor":14,"key":"AttackPotion"},{"floor":16,"key":"Explosive Potion"},{"floor":20,"key":"SpeedPotion"},{"floor":21,"key":"DistilledChaos"},{"floor":25,"key":"LiquidBronze"},{"floor":31,"key":"Dexterity Potion"},{"floor":33,"key":"SkillPotion"}],"is_trial":false,"path_per_floor":["M","?","M","M","$","R","M","E","T","$","T","R","E","?","R","B",null,"M","$","M","M","$","R","M","E","T","R","?","M","R","E","R","B",null,"M","M","?","M","?","R","E","R","T","R","M","?","?","$","R","B",null],"character_chosen":"DEFECT","items_purchased":["Orrery","Skim","Explosive Potion","Cold Snap","Genetic Algorithm","Self Repair+1"],"campfire_rested":2,"item_purchase_floors":[5,10,10,19,22,48],"current_hp_per_floor":[67,67,57,49,49,49,47,36,50,50,50,50,38,38,38,13,74,66,66,72,79,79,79,70,46,46,46,104,106,106,71,103,55,95,87,81,81,74,74,74,66,100,100,100,108,108,108,108,108,92],"gold":70,"neow_bonus":"HUNDRED_GOLD","is_daily":false,"chose_seed":false,"campfire_upgraded":6,"win_rate":0.0,"timestamp":1608664324,"path_taken":["M","?","M","M","$","R","M","E","T","$","?","R","E","?","R","BOSS","M","$","M","M","?","R","M","E","T","R","?","M","R","E","R","BOSS","M","M","?","M","?","R","E","R","T","R","?","?","?","$","R","BOSS"],"items_purchased_type":["Relic","Card","Potion","Card","Card","Card"],"build_version":"2020-12-13","purchased_purges":2,"victory":true,"max_hp_per_floor":[75,75,75,75,75,75,75,75,89,89,89,89,89,89,89,94,94,94,94,94,94,94,94,94,94,94,94,104,106,106,108,108,108,108,110,112,112,114,114,114,116,116,116,116,118,118,118,118,118,118],"relic_stats":{"Peace Pipe":2,"Sozu":2,"Lizard Tail":0,"Mark of the Bloom":20,"Singing Bowl":14,"counters":[21,130],"Cursed Key":2,"obtain_stats":[{"Girya":41,"Mark of the Bloom":46,"Singing Bowl":26,"Mango":9,"Omamori":43,"Frozen Egg 2":25,"Cursed Key":17,"Cables":13,"Du-Vu Doll":8,"Peace Pipe":31,"Sozu":34,"Lizard Tail":11,"Orrery":5,"Cracked Core":0},{"Girya":19,"Mark of the Bloom":20,"Singing Bowl":12,"Mango":5,"Omamori":19,"Frozen Egg 2":12,"Cursed Key":7,"Cables":6,"Du-Vu Doll":5,"Peace Pipe":14,"Sozu":15,"Lizard Tail":5,"Orrery":3,"Cracked Core":0},{"Girya":114,"Mark of the Bloom":120,"Singing Bowl":60,"Mango":17,"Omamori":114,"Frozen Egg 2":60,"Cursed Key":32,"Cables":23,"Du-Vu Doll":17,"Peace Pipe":72,"Sozu":85,"Lizard Tail":17,"Orrery":8,"Cracked Core":0}],"Cables":[92,26,54,12,0]},"card_choices":[{"not_picked":["Stack","Double Energy"],"picked":"Barrage","floor":1},{"not_picked":["Go for the Eyes","Streamline"],"picked":"Sweeping Beam","floor":3},{"not_picked":["Scrape","Double Energy"],"picked":"Sweeping Beam","floor":4},{"not_picked":["Hologram","BootSequence"],"picked":"Glacier","floor":5},{"not_picked":["Rebound","Blizzard"],"picked":"Barrage","floor":5},{"not_picked":["Go for the Eyes","Force Field"],"picked":"Chill","floor":5},{"not_picked":["Loop","Go for the Eyes"],"picked":"Self Repair","floor":5},{"not_picked":["Force Field","Hello World"],"picked":"Go for the Eyes","floor":5},{"not_picked":["Conserve Battery","Redo"],"picked":"Cold Snap","floor":7},{"not_picked":["Loop","Steam Power"],"picked":"Turbo","floor":8},{"not_picked":["Hyperbeam","Steam"],"picked":"All For One","floor":13},{"not_picked":["Amplify","Creative AI"],"picked":"Echo Form","floor":16},{"not_picked":["Lockon","Turbo"],"picked":"Auto Shields+1","floor":18},{"not_picked":["Auto Shields","Scrape+1"],"picked":"Conserve Battery+1","floor":20},{"not_picked":["Melter","Turbo"],"picked":"White Noise","floor":21},{"not_picked":["Stack","Lockon"],"picked":"Leap","floor":24},{"not_picked":["Static Discharge+1","Gash"],"picked":"Biased Cognition+1","floor":25},{"not_picked":["Stack","Force Field","Sweeping Beam"],"picked":"Singing Bowl","floor":29},{"not_picked":["Leap+1","Loop+1","Redo"],"picked":"Singing Bowl","floor":31},{"not_picked":["Fission","Hyperbeam"],"picked":"Buffer+1","floor":33},{"not_picked":["Steam Power","Hologram","Conserve Battery+1"],"picked":"Singing Bowl","floor":35},{"not_picked":["Rebound","Conserve Battery","Go for the Eyes+1"],"picked":"Singing Bowl","floor":36},{"not_picked":["Ball Lightning","Chill+1","FTL"],"picked":"Singing Bowl","floor":38},{"not_picked":["Ball Lightning","Sweeping Beam+1","Aggregate"],"picked":"Singing Bowl","floor":41},{"not_picked":["Redo","Barrage","Recycle+1"],"picked":"Singing Bowl","floor":45},{"not_picked":["Forethought","Chrysalis"],"picked":"Dark Shackles","floor":47}],"player_experience":870381,"relics_obtained":[{"floor":8,"key":"Du-Vu Doll"},{"floor":9,"key":"Mango"},{"floor":11,"key":"Lizard Tail"},{"floor":13,"key":"Cables"},{"floor":25,"key":"Frozen Egg 2"},{"floor":26,"key":"Singing Bowl"},{"floor":31,"key":"Peace Pipe"},{"floor":41,"key":"Girya"},{"floor":43,"key":"Omamori"}],"event_choices":[{"damage_healed":0,"gold_gain":0,"cards_transformed":["Strike_B"],"player_choice":"Transformed","damage_taken":0,"max_hp_gain":0,"max_hp_loss":0,"event_name":"Transmorgrifier","floor":2,"gold_loss":0,"cards_obtained":["Rainbow"]},{"damage_healed":0,"gold_gain":0,"player_choice":"Got Potions","damage_taken":0,"max_hp_gain":0,"max_hp_loss":0,"event_name":"Lab","floor":14,"gold_loss":0},{"cards_removed":["All For One"],"damage_healed":48,"gold_gain":0,"player_choice":"Offered Rare","damage_taken":0,"max_hp_gain":10,"max_hp_loss":0,"event_name":"Bonfire Elementals","floor":28,"gold_loss":0},{"cards_removed":["Leap"],"damage_healed":0,"gold_gain":0,"player_choice":"Removed Skill","damage_taken":0,"max_hp_gain":0,"max_hp_loss":0,"event_name":"Falling","floor":37,"gold_loss":0},{"cards_removed":["Strike_B"],"damage_healed":0,"gold_gain":0,"player_choice":"Upgrade and Remove","damage_taken":0,"max_hp_gain":0,"max_hp_loss":0,"event_name":"Designer","floor":39,"gold_loss":90,"cards_upgraded":["Skim"]},{"damage_healed":0,"gold_gain":0,"player_choice":"Upgrade","damage_taken":0,"relics_obtained":["Mark of the Bloom"],"max_hp_gain":0,"max_hp_loss":0,"event_name":"MindBloom","floor":46,"gold_loss":0,"cards_upgraded":["Defend_B","Defend_B","Defend_B","Zap","Barrage","Sweeping Beam","Sweeping Beam","Barrage","Chill","Go for the Eyes","Cold Snap","Turbo","Cold Snap","Genetic Algorithm"]},{"damage_healed":0,"gold_gain":0,"player_choice":"Memory 1","damage_taken":0,"max_hp_gain":0,"max_hp_loss":0,"event_name":"SensoryStone","floor":47,"gold_loss":0}],"is_beta":false,"boss_relics":[{"not_picked":["Fusion Hammer","Philosopher\u0027s Stone"],"picked":"Cursed Key"},{"not_picked":["Runic Dome","Tiny House"],"picked":"Sozu"}],"items_purged_floors":[19,48],"is_endless":false,"potions_floor_spawned":[4,8,16,20,21,25,31,33,35,45],"ascension_level":10}}