{"host":"kemierffxzp7hjec","time":1608633742,"event":{"mods":["Act Like it!","BaseMod","Better Match","Better Note","Better Skull","Better Third Choice","Better Vampires","BetterRewards","CapriCore","ChefMod","Colored Map","Colored Powertips","Downfall","Energized Spire","Hallownest","Hermit","Highlight Path","Infinite Spire","JesterMod","Luminous","Magitek Elite","Marisa????????","Minty Spire (QoL Compilation)","Permanent Neow","Potionbrewer","Quick Restart","Replay The Spire","Robot Space Explorer","Shade Mod","Spicy Shops","StSLib","The Animator","The Bladedancer","The Bug Knight","The Construct","The Disciple","The Dragon Tamer","The Hierophant","The Immortal","The Marked","The Runesmith","The Servant 0.9.4","The Spell Scribe","TheFirefly","TheSwordswoman","TheVacant"],"gold_per_floor":[109,306,321,332,166,166,166,183,183,201,231,231,246,262,262,361,361,377,389,402,372,37,51,51,84,84,84,109,121,131,150,150,245,245,255,274,289,289,23,23,41,41,41,41,61,96,96,113,113,113,113,113,9,36,36],"floor_reached":56,"playtime":3436,"items_purged":["RobotSpaceExplorer:Defend","RobotSpaceExplorer:Strike","RobotSpaceExplorer:Strike","RobotSpaceExplorer:Strike","RobotSpaceExplorer:Strike","RobotSpaceExplorer:Defend"],"score":1075,"play_id":"d8e94ed9-d5c4-4a58-842a-317106522b9f","local_time":"20201222054222","is_ascension_mode":false,"campfire_choices":[{"data":"RobotSpaceExplorer:StarLightning","floor":6,"key":"SMITH"},{"data":"RobotSpaceExplorer:Accelerator","floor":12,"key":"SMITH"},{"data":"RobotSpaceExplorer:PowerCollector","floor":15,"key":"SMITH"},{"data":"RobotSpaceExplorer:Accelerator","floor":24,"key":"SMITH"},{"floor":32,"key":"REST"},{"floor":40,"key":"REST"},{"floor":44,"key":"REST"},{"floor":47,"key":"RECALL"},{"floor":49,"key":"DIG"},{"data":"Specialist","floor":52,"key":"SMITH"}],"circlet_count":0,"master_deck":["RobotSpaceExplorer:Defend","RobotSpaceExplorer:Scan+1","RobotSpaceExplorer:MiniLasers","RobotSpaceExplorer:SurgingShield","RobotSpaceExplorer:Pulsar+1","RobotSpaceExplorer:Probe","RobotSpaceExplorer:SurgingShield","RobotSpaceExplorer:ScrapMissile","RobotSpaceExplorer:StarLightning+1","RobotSpaceExplorer:PowerCollector+1","RobotSpaceExplorer:Accelerator+1","RobotSpaceExplorer:ScrapToss","RobotSpaceExplorer:Accelerator+1","RobotSpaceExplorer:PowerCollector+1","RobotSpaceExplorer:LuckyStrike","RobotSpaceExplorer:LuckyStrike","RobotSpaceExplorer:Jetpack","RobotSpaceExplorer:GearShield","RobotSpaceExplorer:DualCore+1","RobotSpaceExplorer:MiniDrones","RobotSpaceExplorer:Comet","RobotSpaceExplorer:StarDust","RobotSpaceExplorer:MiniDrones+1","RobotSpaceExplorer:StarDust+1","Specialist+1","RobotSpaceExplorer:JunkDive+1","RobotSpaceExplorer:ScrapToss","RobotSpaceExplorer:ScrapMissile+1","RobotSpaceExplorer:GlueSpray","RobotSpaceExplorer:GlueShot+1"],"relics":["RobotSpaceExplorer:RoboCore","Membership Card","RobotSpaceExplorer:FoglandsKnife","potionbrewer:RamsHorn","RobotSpaceExplorer:Reprocessor","Lee\u0027s Waffle","RobotSpaceExplorer:PlasmaHourglass","Gremlin Food","Mummified Hand","Bottled Tornado","Golden_Hairpin","Pen Nib","Pantograph","HollowMod:PaleOreRelic","construct:RocketBooster","Durian","infinitespire:FocusingShard","Blood Vial"],"acts_visited":["Exordium","TheCity","TheBeyond","TheEnding"],"potions_floor_usage":[11,16,18,21,25,28,50,50,55],"damage_taken":[{"damage":0,"enemies":"Small Slimes","floor":1,"turns":3},{"damage":0,"enemies":"Jaw Worm","floor":3,"turns":3},{"damage":5,"enemies":"infinitespire:Voidling","floor":4,"turns":4},{"damage":0,"enemies":"Blue Slaver","floor":8,"turns":2},{"damage":0,"enemies":"Large Slime","floor":10,"turns":4},{"damage":0,"enemies":"3 Sentries","floor":11,"turns":8},{"damage":0,"enemies":"Red Slaver","floor":13,"turns":2},{"damage":0,"enemies":"Blue Slaver","floor":14,"turns":2},{"damage":18,"enemies":"Hexaghost","floor":16,"turns":6},{"damage":0,"enemies":"Spheric Guardian","floor":18,"turns":3},{"damage":3,"enemies":"Chosen","floor":19,"turns":3},{"damage":22,"enemies":"Snake Plant","floor":20,"turns":4},{"damage":9,"enemies":"Shelled Parasite and Fungi","floor":23,"turns":3},{"damage":9,"enemies":"Book of Stabbing","floor":25,"turns":3},{"damage":0,"enemies":"Gremlin Leader","floor":28,"turns":5},{"damage":0,"enemies":"Snecko","floor":29,"turns":2},{"damage":0,"enemies":"Cultist and Chosen","floor":30,"turns":3},{"damage":0,"enemies":"Centurion and Healer","floor":31,"turns":3},{"damage":9,"enemies":"Champ","floor":33,"turns":5},{"damage":0,"enemies":"Orb Walker","floor":35,"turns":2},{"damage":10,"enemies":"3 Shapes","floor":36,"turns":2},{"damage":0,"enemies":"Sphere and 2 Shapes","floor":37,"turns":3},{"damage":1,"enemies":"Maw","floor":41,"turns":3},{"damage":7,"enemies":"Jaw Worm Horde","floor":45,"turns":2},{"damage":0,"enemies":"Giant Head","floor":46,"turns":3},{"damage":0,"enemies":"3 Darklings","floor":48,"turns":3},{"damage":13,"enemies":"Replay:Hell Engine","floor":50,"turns":5},{"damage":13,"enemies":"Shield and Spear","floor":54,"turns":3},{"damage":55,"enemies":"The Heart","floor":55,"turns":6}],"seed_played":"-4897148673473470395","potions_obtained":[{"floor":3,"key":"EssenceOfSteel"},{"floor":4,"key":"LiquidBronze"},{"floor":16,"key":"DistilledChaos"},{"floor":20,"key":"potionbrewer:NoxiousPotion"},{"floor":21,"key":"FairyPotion"},{"floor":21,"key":"Fruit Juice"},{"floor":25,"key":"SkillPotion"},{"floor":33,"key":"Strength Potion"},{"floor":36,"key":"Energy Potion"},{"floor":37,"key":"Strength Potion"},{"floor":48,"key":"RobotSpaceExplorer:PlasmaFlask"}],"is_trial":false,"path_per_floor":["M","?","M","M","$","R","?","M","T","M","E","R","M","M","R","B",null,"M","M","M","?","$","M","R","E","T","?","E","M","M","M","R","B",null,"M","M","M","?","$","R","M","?","T","R","M","E","R","M","R_BF","B",null,"R","$","E","B",null],"character_chosen":"RobotSpaceExplorer","items_purchased":["Membership Card","RobotSpaceExplorer:SurgingShield","RobotSpaceExplorer:FoglandsKnife","RobotSpaceExplorer:StarLightning","Lee\u0027s Waffle","RobotSpaceExplorer:PlasmaHourglass","Pen Nib","Durian","RobotSpaceExplorer:GlueSpray","infinitespire:FocusingShard"],"campfire_rested":3,"item_purchase_floors":[0,0,5,5,22,22,39,53,53,53],"current_hp_per_floor":[75,75,75,74,74,74,74,74,74,74,74,74,74,74,74,56,75,75,72,50,55,87,78,78,69,69,69,69,69,69,69,87,78,87,87,77,77,77,77,87,86,78,78,87,80,80,80,80,80,74,87,87,92,79,37],"gold":36,"neow_bonus":"","is_daily":false,"chose_seed":false,"campfire_upgraded":5,"win_rate":0.0,"timestamp":1608633742,"path_taken":["M","?","M","M","$","R","?","M","T","M","E","R","M","M","R","BOSS","M","?","M","?","$","?","R","E","T","?","E","M","?","M","R","BOSS","M","M","M","?","$","R","M","?","T","R","M","E","R","M","R_BF","BOSS","R","$","E","BOSS"],"items_purchased_type":["Relic","Card","Relic","Card","Relic","Relic","Relic","Relic","Card","Relic"],"build_version":"2020-12-13","purchased_purges":6,"victory":true,"max_hp_per_floor":[75,75,75,75,75,75,75,75,75,75,75,75,75,75,75,75,75,75,75,75,80,87,87,87,87,87,87,87,87,87,87,87,87,87,87,87,87,87,87,87,87,87,87,87,87,87,87,87,87,87,87,87,92,92,92],"card_choices":[{"not_picked":["RobotSpaceExplorer:SwiftStep","RobotSpaceExplorer:Counterblock"],"picked":"RobotSpaceExplorer:Pulsar","floor":1},{"not_picked":["RobotSpaceExplorer:MakeshiftVolley","RobotSpaceExplorer:ImprovisedAttack"],"picked":"RobotSpaceExplorer:Probe","floor":2},{"not_picked":["RobotSpaceExplorer:SwiftStep","RobotSpaceExplorer:Explosion"],"picked":"RobotSpaceExplorer:SurgingShield","floor":3},{"not_picked":["RobotSpaceExplorer:StarLightning","RobotSpaceExplorer:PlasmaMissile"],"picked":"RobotSpaceExplorer:ScrapMissile","floor":4},{"not_picked":["RobotSpaceExplorer:LaserBurst","RobotSpaceExplorer:ImprovisedAttack","RobotSpaceExplorer:Blitz"],"picked":"SKIP","floor":8},{"not_picked":["RobotSpaceExplorer:LaserBurst","RobotSpaceExplorer:ImprovisedAttack","RobotSpaceExplorer:Blitz"],"picked":"SKIP","floor":8},{"not_picked":["RobotSpaceExplorer:GlueShot","RobotSpaceExplorer:ScrapToss"],"picked":"RobotSpaceExplorer:Accelerator","floor":10},{"not_picked":["RobotSpaceExplorer:BigMissile","RobotSpaceExplorer:StunGrenade"],"picked":"RobotSpaceExplorer:ScrapToss","floor":11},{"not_picked":["RobotSpaceExplorer:ShockKick","RobotSpaceExplorer:SwiftStep","RobotSpaceExplorer:SurgingShield"],"picked":"SKIP","floor":13},{"not_picked":["RobotSpaceExplorer:FranticSearch","RobotSpaceExplorer:Smokescreen","RobotSpaceExplorer:HighVoltage"],"picked":"SKIP","floor":14},{"not_picked":["RobotSpaceExplorer:ChargingLaser","RobotSpaceExplorer:Autoloader"],"picked":"RobotSpaceExplorer:Accelerator","floor":16},{"not_picked":["RobotSpaceExplorer:MiniDrones","RobotSpaceExplorer:SlimeMissile"],"picked":"RobotSpaceExplorer:PowerCollector+1","floor":18},{"not_picked":["RobotSpaceExplorer:Pulsar","RobotSpaceExplorer:SlimeMissile"],"picked":"RobotSpaceExplorer:LuckyStrike","floor":19},{"not_picked":["RobotSpaceExplorer:ShovelStrike+1","RobotSpaceExplorer:MetalStrike"],"picked":"RobotSpaceExplorer:LuckyStrike","floor":20},{"not_picked":["RobotSpaceExplorer:DoubleBlock","RobotSpaceExplorer:ShovelStrike","RobotSpaceExplorer:Counterblock"],"picked":"SKIP","floor":23},{"not_picked":["RobotSpaceExplorer:Smokescreen","RobotSpaceExplorer:FrostMissile"],"picked":"RobotSpaceExplorer:Jetpack","floor":25},{"not_picked":["RobotSpaceExplorer:SelfCleaning","RobotSpaceExplorer:Calculate+1"],"picked":"RobotSpaceExplorer:GearShield","floor":28},{"not_picked":["RobotSpaceExplorer:Scanner","RobotSpaceExplorer:MetalStrike"],"picked":"RobotSpaceExplorer:DualCore","floor":29},{"not_picked":["RobotSpaceExplorer:SwiftStep","RobotSpaceExplorer:ScrapMissile"],"picked":"RobotSpaceExplorer:MiniDrones","floor":30},{"not_picked":["RobotSpaceExplorer:BigMissile","RobotSpaceExplorer:PlasmaMissile+1","RobotSpaceExplorer:SelfCleaning"],"picked":"SKIP","floor":31},{"not_picked":["RobotSpaceExplorer:HighVoltage","RobotSpaceExplorer:Exploration"],"picked":"RobotSpaceExplorer:Comet","floor":33},{"not_picked":["RobotSpaceExplorer:FrostMissile","RobotSpaceExplorer:SurgingShield+1"],"picked":"RobotSpaceExplorer:StarDust","floor":35},{"not_picked":["RobotSpaceExplorer:ScrapMissile+1","RobotSpaceExplorer:GearShield"],"picked":"RobotSpaceExplorer:MiniDrones","floor":36},{"not_picked":["RobotSpaceExplorer:Electropulse","RobotSpaceExplorer:Pulsar+1"],"picked":"RobotSpaceExplorer:StarDust+1","floor":37},{"not_picked":["Deep Breath","expansioncontent:Sear"],"picked":"Specialist","floor":38},{"not_picked":["RobotSpaceExplorer:GlueShot+1","RobotSpaceExplorer:ImprovisedAttack+1","RobotSpaceExplorer:Exploration"],"picked":"SKIP","floor":41},{"not_picked":["RobotSpaceExplorer:Ammunition+1","RobotSpaceExplorer:MetalStrike"],"picked":"RobotSpaceExplorer:JunkDive+1","floor":45},{"not_picked":["RobotSpaceExplorer:LaserBurst+1","RobotSpaceExplorer:SlimeMissile+1"],"picked":"RobotSpaceExplorer:ScrapToss","floor":46},{"not_picked":["RobotSpaceExplorer:StunGrenade","RobotSpaceExplorer:ShockKick+1"],"picked":"RobotSpaceExplorer:ScrapMissile+1","floor":48},{"not_picked":["RobotSpaceExplorer:FranticSearch","RobotSpaceExplorer:Ammunition+1"],"picked":"RobotSpaceExplorer:GlueShot+1","floor":54}],"player_experience":334635,"relics_obtained":[{"floor":11,"key":"potionbrewer:RamsHorn"},{"floor":25,"key":"Gremlin Food"},{"floor":26,"key":"Mummified Hand"},{"floor":28,"key":"Bottled Tornado"},{"floor":43,"key":"Pantograph"},{"floor":46,"key":"HollowMod:PaleOreRelic"},{"floor":49,"key":"construct:RocketBooster"},{"floor":54,"key":"Blood Vial"}],"event_choices":[{"damage_healed":0,"gold_gain":0,"cards_transformed":["RobotSpaceExplorer:Defend"],"player_choice":"Transformed","damage_taken":0,"max_hp_gain":0,"max_hp_loss":0,"event_name":"Transmorgrifier","floor":7,"gold_loss":0,"cards_obtained":["RobotSpaceExplorer:PowerCollector"]},{"damage_healed":0,"gold_gain":0,"player_choice":"Bought 2 Potions","damage_taken":0,"max_hp_gain":0,"max_hp_loss":0,"event_name":"The Woman in Blue","floor":21,"gold_loss":0},{"damage_healed":0,"gold_gain":0,"player_choice":"Ignored","damage_taken":0,"max_hp_gain":0,"max_hp_loss":0,"event_name":"betterNote:BetterNote","floor":27,"gold_loss":0,"cards_obtained":["hexamod:BurningTouch"]},{"damage_healed":0,"gold_gain":0,"player_choice":"Memory 1","damage_taken":0,"max_hp_gain":0,"max_hp_loss":0,"event_name":"SensoryStone","floor":38,"gold_loss":0},{"damage_healed":0,"gold_gain":0,"player_choice":"Damaged","damage_taken":8,"max_hp_gain":0,"max_hp_loss":0,"event_name":"Wheel of Change","floor":42,"gold_loss":0}],"is_beta":false,"boss_relics":[{"not_picked":["energizedSpire:CursedPentagram","energizedSpire:SpiderWeb"],"picked":"RobotSpaceExplorer:Reprocessor"},{"not_picked":["energizedSpire:MagnifyingGlass","Velvet Choker"],"picked":"Golden_Hairpin"}],"items_purged_floors":[0,5,22,22,39,39],"is_endless":false,"potions_floor_spawned":[3,4,16,20,25,33,36,37,48],"ascension_level":0}}