{"host":"qxeepl7ydvsgmfdb","time":1608648504,"event":{"mods":["AchievementEnabler","BaseMod","Colored Powertips","Minty Spire (QoL Compilation)","Quick Restart","slay the spire mod where everything is the same but ironclad has a cowboy hat"],"gold_per_floor":[119,119,119,133,133,133,148,148,148,168,243,257,257,301,301,432,432,450,450,72,93,8,8,8,33,33,33,33,33,33,33,33],"floor_reached":31,"playtime":988,"items_purged":["Writhe"],"score":301,"play_id":"c01a966b-ab21-44ec-9614-eed9a96c7098","local_time":"20201222094824","is_ascension_mode":true,"campfire_choices":[{"floor":13,"key":"REST"},{"floor":15,"key":"REST"},{"floor":23,"key":"REST"}],"circlet_count":0,"master_deck":["Strike_G","Strike_G","Strike_G","Strike_G","Defend_G","Defend_G","Defend_G","Defend_G","Defend_G","Survivor","Neutralize+1","Dagger Spray","Outmaneuver","Poisoned Stab","Noxious Fumes","Distraction","Envenom","PiercingWail","Accuracy+1","Prepared"],"relics":["Ring of the Snake","Strawberry","Golden Idol","Potion Belt","Spirit Poop","The Courier","Kunai","HoveringKite","Juzu Bracelet","Mercury Hourglass","Pen Nib","Darkstone Periapt","HornCleat"],"acts_visited":["Exordium","TheCity"],"potions_floor_usage":[12,14,21,25,31,31],"damage_taken":[{"damage":0,"enemies":"2 Louse","floor":1,"turns":3},{"damage":4,"enemies":"Jaw Worm","floor":4,"turns":5},{"damage":5,"enemies":"Cultist","floor":7,"turns":4},{"damage":9,"enemies":"Blue Slaver","floor":10,"turns":5},{"damage":6,"enemies":"Lots of Slimes","floor":12,"turns":3},{"damage":22,"enemies":"Lagavulin","floor":14,"turns":6},{"damage":25,"enemies":"The Guardian","floor":16,"turns":13},{"damage":20,"enemies":"Chosen","floor":18,"turns":6},{"damage":28,"enemies":"2 Thieves","floor":21,"turns":4},{"damage":33,"enemies":"Snecko","floor":25,"turns":6},{"damage":24,"enemies":"Snake Plant","floor":31,"turns":5}],"seed_played":"610384511986232427","potions_obtained":[{"floor":10,"key":"CunningPotion"},{"floor":12,"key":"BlessingOfTheForge"},{"floor":16,"key":"Fire Potion"},{"floor":18,"key":"Strength Potion"},{"floor":28,"key":"SteroidPotion"},{"floor":28,"key":"GamblersBrew"},{"floor":28,"key":"DistilledChaos"}],"is_trial":false,"path_per_floor":["M","?","?","M","?","?","M","?","T","M","?","M","R","E","R","B",null,"M","?","$","M","?","R","$","M","T","?","?","$","?","M"],"character_chosen":"THE_SILENT","items_purchased":["Mercury Hourglass","Pen Nib"],"campfire_rested":3,"item_purchase_floors":[20,20],"current_hp_per_floor":[77,58,58,54,54,54,49,49,49,40,29,23,46,24,47,22,77,57,57,57,29,29,52,52,19,19,19,19,19,19,0,0],"gold":33,"neow_bonus":"RANDOM_COMMON_RELIC","is_daily":false,"chose_seed":false,"campfire_upgraded":0,"win_rate":0.0,"timestamp":1608648504,"path_taken":["M","?","?","?","?","?","?","?","T","M","?","M","R","E","R","BOSS","M","?","$","M","?","R","?","M","T","?","?","?","?","M"],"items_purchased_type":["Relic","Relic"],"build_version":"2020-12-13","purchased_purges":1,"victory":false,"max_hp_per_floor":[77,77,77,77,77,77,77,77,77,77,77,77,77,77,77,77,77,77,77,77,77,77,77,77,77,77,77,77,77,77,77,77],"card_choices":[{"not_picked":["Prepared","Outmaneuver","Backflip"],"picked":"SKIP","floor":1},{"not_picked":["Well Laid Plans","Sucker Punch"],"picked":"Dagger Spray","floor":4},{"not_picked":["Dagger Spray","Well Laid Plans"],"picked":"Outmaneuver","floor":7},{"not_picked":["Sucker Punch","Heel Hook"],"picked":"Poisoned Stab","floor":10},{"not_picked":["Escape Plan","Cloak And Dagger"],"picked":"Noxious Fumes","floor":12},{"not_picked":["Dagger Spray","Outmaneuver"],"picked":"Distraction","floor":14},{"not_picked":["Burst","Corpse Explosion"],"picked":"Envenom","floor":16},{"not_picked":["Flying Knee","Expertise","Flechettes"],"picked":"SKIP","floor":18},{"not_picked":["Backflip","Prepared"],"picked":"PiercingWail","floor":21},{"not_picked":["Prepared+1","Quick Slash"],"picked":"Accuracy+1","floor":25}],"player_experience":307707,"relics_obtained":[{"floor":9,"key":"The Courier"},{"floor":14,"key":"Kunai"},{"floor":26,"key":"HornCleat"}],"event_choices":[{"damage_healed":0,"gold_gain":0,"player_choice":"Take Damage","damage_taken":19,"relics_obtained":["Golden Idol"],"max_hp_gain":0,"max_hp_loss":0,"event_name":"Golden Idol","floor":2,"gold_loss":0},{"damage_healed":0,"gold_gain":0,"player_choice":"Upgraded","damage_taken":0,"max_hp_gain":0,"max_hp_loss":0,"event_name":"Upgrade Shrine","floor":3,"gold_loss":0,"cards_upgraded":["Neutralize"]},{"damage_healed":0,"gold_gain":0,"player_choice":"Box","damage_taken":0,"relics_obtained":["Potion Belt"],"max_hp_gain":0,"max_hp_loss":0,"event_name":"Big Fish","floor":5,"gold_loss":0,"cards_obtained":["Regret"]},{"cards_removed":["Regret"],"damage_healed":0,"gold_gain":0,"player_choice":"Offered Curse","damage_taken":0,"relics_obtained":["Spirit Poop"],"max_hp_gain":0,"max_hp_loss":0,"event_name":"Bonfire Elementals","floor":6,"gold_loss":0},{"damage_healed":0,"gold_gain":0,"player_choice":"Searched \u00270\u0027 times","damage_taken":0,"max_hp_gain":0,"max_hp_loss":0,"event_name":"Dead Adventurer","floor":8,"gold_loss":0},{"damage_healed":0,"gold_gain":75,"player_choice":"Gather Gold","damage_taken":11,"max_hp_gain":0,"max_hp_loss":0,"event_name":"World of Goop","floor":11,"gold_loss":0},{"damage_healed":0,"gold_gain":0,"player_choice":"Opened","damage_taken":0,"relics_obtained":["Juzu Bracelet"],"max_hp_gain":0,"max_hp_loss":0,"event_name":"The Mausoleum","floor":19,"gold_loss":0,"cards_obtained":["Writhe"]},{"damage_healed":0,"gold_gain":0,"player_choice":"Obtained Relic","damage_taken":0,"relics_obtained":["Darkstone Periapt"],"max_hp_gain":0,"max_hp_loss":0,"event_name":"Addict","floor":22,"gold_loss":85},{"damage_healed":0,"gold_gain":0,"player_choice":"Read","damage_taken":0,"max_hp_gain":0,"max_hp_loss":0,"event_name":"The Library","floor":27,"gold_loss":0,"cards_obtained":["Prepared"]},{"damage_healed":0,"gold_gain":0,"player_choice":"Got Potions","damage_taken":0,"max_hp_gain":0,"max_hp_loss":0,"event_name":"Lab","floor":28,"gold_loss":0},{"cards_removed":["Strike_G"],"damage_healed":0,"gold_gain":0,"player_choice":"Elegance","damage_taken":0,"max_hp_gain":0,"max_hp_loss":0,"event_name":"Back to Basics","floor":30,"gold_loss":0}],"is_beta":false,"boss_relics":[{"not_picked":["Empty Cage","Cursed Key"],"picked":"HoveringKite"}],"items_purged_floors":[20],"is_endless":false,"potions_floor_spawned":[10,12,16,18],"killed_by":"Snake Plant","ascension_level":4}}