{"host":"51f0ad793vly1w6u","time":1608618138,"event":{"mods":["BaseMod","Colored Map","DeckTracker","Minty Spire (QoL Compilation)","StSLib","SuperFastMode"],"gold_per_floor":[116,116,129,144,162,162,174,200,273,287,347,397,397,428,428,428,428],"floor_reached":16,"playtime":300,"items_purged":[],"score":224,"play_id":"9c579634-fe23-499f-b675-94bb033f36ce","local_time":"20201222152218","is_ascension_mode":true,"campfire_choices":[{"data":"Body Slam","floor":6.0,"key":"SMITH"},{"floor":13,"key":"REST"},{"data":"Armaments","floor":15,"key":"SMITH"}],"circlet_count":0,"master_deck":["AscendersBane","Strike_R","Strike_R","Strike_R","Strike_R","Defend_R","Defend_R","Defend_R","Defend_R","Bash","Twin Strike","Body Slam+1","Shrug It Off","Shrug It Off","Feed","Cleave","Inflame","Seeing Red","Armaments+1"],"relics":["Burning Blood","Happy Flower","Toy Ornithopter","Question Card","Magic Flower","Art of War"],"acts_visited":["Exordium"],"potions_floor_usage":[],"damage_taken":[{"damage":5.0,"enemies":"Small Slimes","floor":1.0,"turns":4.0},{"damage":1.0,"enemies":"Cultist","floor":3.0,"turns":3.0},{"damage":0.0,"enemies":"2 Louse","floor":4.0,"turns":2.0},{"damage":17.0,"enemies":"Large Slime","floor":5.0,"turns":6.0},{"damage":2.0,"enemies":"Red Slaver","floor":7.0,"turns":3.0},{"damage":32.0,"enemies":"Gremlin Nob","floor":8.0,"turns":4.0},{"damage":8.0,"enemies":"3 Louse","floor":10.0,"turns":4.0},{"damage":31.0,"enemies":"Gremlin Nob","floor":11.0,"turns":4.0},{"damage":35,"enemies":"Lagavulin","floor":14,"turns":8},{"damage":40,"enemies":"The Guardian","floor":16,"turns":6}],"seed_played":"7194883716744346717","potions_obtained":[{"floor":1.0,"key":"CultistPotion"},{"floor":4.0,"key":"Fruit Juice"},{"floor":8.0,"key":"GamblersBrew"},{"floor":14,"key":"Ancient Potion"}],"is_trial":false,"path_per_floor":["M","?","M","M","M","R","M","E","T","M","?","?","R","E","R","B"],"character_chosen":"IRONCLAD","items_purchased":[],"campfire_rested":1,"item_purchase_floors":[],"current_hp_per_floor":[69,69,74,75,64,64,71,55,55,61,41,33,58,38,38,0,0],"gold":428,"neow_bonus":"RANDOM_COMMON_RELIC","is_daily":false,"chose_seed":false,"campfire_upgraded":2,"win_rate":0.0,"timestamp":1608618138,"path_taken":["M","?","M","M","M","R","M","E","T","?","?","?","R","E","R","BOSS"],"items_purchased_type":[],"build_version":"2020-12-13","purchased_purges":0,"victory":false,"max_hp_per_floor":[75,75,75,75,75,75,78,83,83,86,86,86,86,90,90,90,90],"card_choices":[{"not_picked":["Clash","Disarm"],"picked":"Twin Strike","floor":1.0},{"not_picked":["Searing Blow","Dropkick"],"picked":"Shrug It Off","floor":3.0},{"not_picked":["Wild Strike","Anger"],"picked":"Shrug It Off","floor":4.0},{"not_picked":["Wild Strike","Twin Strike"],"picked":"Feed","floor":5.0},{"not_picked":["Anger","Wild Strike"],"picked":"Cleave","floor":7.0},{"not_picked":["Disarm","Iron Wave"],"picked":"Inflame","floor":8.0},{"not_picked":["Pommel Strike","Blood for Blood","Uppercut"],"picked":"Seeing Red","floor":10.0},{"not_picked":["Thunderclap","Iron Wave","Sentinel"],"picked":"Armaments","floor":11.0},{"not_picked":["Body Slam","Clothesline","Searing Blow","Brutality"],"picked":"SKIP","floor":14}],"player_experience":1374105,"relics_obtained":[{"floor":8.0,"key":"Toy Ornithopter"},{"floor":9.0,"key":"Question Card"},{"floor":11.0,"key":"Magic Flower"},{"floor":14,"key":"Art of War"}],"event_choices":[{"damage_healed":0.0,"max_hp_gain":0.0,"max_hp_loss":0.0,"gold_gain":0.0,"cards_transformed":["Strike_R"],"event_name":"Transmorgrifier","player_choice":"Transformed","floor":2.0,"gold_loss":0.0,"damage_taken":0.0,"cards_obtained":["Body Slam"]},{"damage_healed":0.0,"max_hp_gain":0.0,"max_hp_loss":0.0,"gold_gain":0.0,"event_name":"Dead Adventurer","player_choice":"Searched \u00271\u0027 times","floor":11.0,"gold_loss":0.0,"damage_taken":0.0},{"damage_healed":0,"gold_gain":50,"player_choice":"Touch","damage_taken":8,"max_hp_gain":0,"max_hp_loss":0,"event_name":"FaceTrader","floor":12,"gold_loss":0}],"is_beta":false,"boss_relics":[],"items_purged_floors":[],"is_endless":false,"potions_floor_spawned":[1,4,8,14],"killed_by":"The Guardian","ascension_level":20}}