{"host":"v4tuy5ykrbdcm9o9","time":1608627362,"event":{"mods":["BaseMod","Duelist Mod","Minty Spire (QoL Compilation)","Replay The Spire","StSLib"],"gold_per_floor":[118,134,134,148,159,188,188,223,268,300,300,319,319,390,390,497,497,509,509,521,442,464,464,474,474],"floor_reached":24,"playtime":2051,"items_purged":[],"score":265,"play_id":"bc068d8c-81e0-4c66-a2cb-ccb0ec961c98","local_time":"20201222035602","is_ascension_mode":true,"campfire_choices":[{"floor":7,"key":"REST"},{"floor":11,"key":"REST"},{"floor":13,"key":"REST"},{"floor":15,"key":"REST"},{"floor":23,"key":"REST"}],"circlet_count":0,"master_deck":["Strike_B+1","Strike_B","Strike_B+1","Strike_B+1","Defend_B+1","Defend_B","Defend_B","Defend_B","Zap","Dualcast","theDuelist:TutanMask","Defend_G","Buffer","Hello World","Storm+1","White Noise","Panic Button","Gash","Melter","Chill","Defragment","Creative AI","Injury","Shame","Streamline","Amnesia","Ball Lightning","Hologram+1","Loop"],"relics":["Cracked Core","Garlic","ReplayTheSpireMod:Ninjato","Gremlin Food","Replay:Bandana","Replay:Ancient Bell","Ancient Tea Set","Darkstone Periapt","CaptainsWheel","PreservedInsect"],"acts_visited":["Exordium","TheCity"],"potions_floor_usage":[6,16,21,24],"damage_taken":[{"damage":0,"enemies":"Cultist","floor":1,"turns":4},{"damage":5,"enemies":"2 Louse","floor":2,"turns":3},{"damage":5,"enemies":"Small Slimes","floor":4,"turns":4},{"damage":8,"enemies":"Blue Slaver","floor":5,"turns":3},{"damage":28,"enemies":"3 Sentries","floor":6,"turns":7},{"damage":7,"enemies":"Lagavulin","floor":8,"turns":6},{"damage":29,"enemies":"3 Sentries","floor":10,"turns":7},{"damage":14,"enemies":"Lots of Slimes","floor":12,"turns":4},{"damage":32,"enemies":"Hexaghost","floor":16,"turns":10},{"damage":9,"enemies":"Spheric Guardian","floor":18,"turns":6},{"damage":3,"enemies":"Chosen","floor":20,"turns":4},{"damage":28,"enemies":"Centurion and Healer","floor":21,"turns":5},{"damage":33,"enemies":"Shelled Parasite and Fungi","floor":22,"turns":5},{"damage":55,"enemies":"Gremlin Leader","floor":24,"turns":8}],"seed_played":"-6056394222833080922","potions_obtained":[{"floor":2,"key":"Adrenaline Potion"},{"floor":5,"key":"SpeedPotion"},{"floor":8,"key":"Flashbang"},{"floor":16,"key":"Death Potion"},{"floor":20,"key":"SneckoOil"},{"floor":22,"key":"Reflective Coating"}],"is_trial":false,"path_per_floor":["M","M","?","M","M","E","R","E","T","E","R","M","R","?","R","B",null,"M","?","M","M","M","R","E"],"character_chosen":"DEFECT","items_purchased":[],"campfire_rested":5,"item_purchase_floors":[],"current_hp_per_floor":[75,70,70,65,57,29,51,44,44,15,37,23,45,45,67,35,93,84,90,87,59,26,55,0,0],"gold":474,"neow_bonus":"THREE_RARE_CARDS","is_daily":false,"chose_seed":false,"campfire_upgraded":0,"win_rate":0.0,"timestamp":1608627362,"path_taken":["M","?","?","M","M","E","R","E","T","E","R","M","R","?","R","BOSS","M","?","M","M","M","R","E"],"items_purchased_type":[],"build_version":"2020-12-13","purchased_purges":0,"victory":false,"max_hp_per_floor":[75,75,75,75,75,75,75,75,75,75,75,75,75,75,75,75,93,93,99,99,99,99,99,99,99],"card_choices":[{"not_picked":["Hyperbeam","Meteor Strike"],"picked":"Buffer","floor":0},{"not_picked":["Hologram","Compile Driver"],"picked":"Hello World","floor":1},{"not_picked":["ReplayTheSpireMod:Reroute Power","Double Energy"],"picked":"Storm","floor":2},{"not_picked":["Coolheaded","Capacitor"],"picked":"White Noise","floor":4},{"not_picked":["Turbo","Double Energy"],"picked":"Panic Button","floor":5},{"not_picked":["Chaos","Streamline"],"picked":"Gash","floor":6},{"not_picked":["ReplayGash","Scrape"],"picked":"Melter","floor":8},{"not_picked":["ReplayRNGCard","Beam Cell"],"picked":"Chill","floor":10},{"not_picked":["Crystallizer","Fusion"],"picked":"Defragment","floor":12},{"not_picked":["Multi-Cast","Rainbow"],"picked":"Creative AI","floor":16},{"not_picked":["Regret","theDuelist:CurseAging"],"picked":"ReplayTheSpireMod:IOU","floor":17},{"not_picked":["ReplayTheSpireMod:Doomed","Normality"],"picked":"Injury","floor":17},{"not_picked":["Pain","ReplayTheSpireMod:IOU"],"picked":"Shame","floor":17},{"not_picked":["Cold Snap","BasicCrystalCard"],"picked":"Streamline","floor":18},{"not_picked":["Scrape","Glacier"],"picked":"Ball Lightning","floor":20},{"not_picked":["Rebound","Ball Lightning"],"picked":"Hologram+1","floor":21},{"not_picked":["Reprogram+1","Stack"],"picked":"Loop","floor":22}],"player_experience":417184,"relics_obtained":[{"floor":6,"key":"Garlic"},{"floor":8,"key":"ReplayTheSpireMod:Ninjato"},{"floor":9,"key":"Gremlin Food"},{"floor":10,"key":"Replay:Bandana"}],"event_choices":[{"damage_healed":0,"gold_gain":71,"player_choice":"Gained Gold","damage_taken":0,"max_hp_gain":0,"max_hp_loss":0,"event_name":"Golden Wing","floor":14,"gold_loss":0}],"is_beta":false,"boss_relics":[{"not_picked":["Calling Bell","Replay:Drink Me"],"picked":"Replay:Ancient Bell"},{"not_picked":["Bronze Scales","Anchor"],"picked":"Ancient Tea Set"},{"not_picked":["Solar Panel","Cables"],"picked":"Darkstone Periapt"},{"not_picked":["Gambling Chip","WingedGreaves"],"picked":"CaptainsWheel"}],"items_purged_floors":[],"is_endless":false,"potions_floor_spawned":[2,5,8,16,20,22],"killed_by":"Gremlin Leader","ascension_level":2}}