{"host":"8u40nq559zpgb6zp","time":1608651901,"event":{"mods":["Aspiration","Bard","BaseMod","Beaked The Cultist","Better Altar","Better Match","Better Note","Better Sensory Stone","Better Skull","Better Third Choice","BetterRewards","CCEM","Clawfect","Conspire","Duelist Mod","Googly Eyes","Halation","Hermit","Highlight Path","Infinite Spire","Jedi Mod","Jorbs\u0027s Wanderer Trilogy","Mad Scientist","Marisa（霧雨　魔理沙）","Minty Spire (QoL Compilation)","Permanent Neow","Replay The Spire","Shade Mod","Shop Mod","Spicy Shops","StSLib","The Bladedancer","The Construct","The Cursed","The Disciple","The Druid","The Gatherer","The Hierophant","The IronCluck","The Jungle","The Mystic","The Necromancer","The Runesmith","The Senshi","The Servant 0.9.4","The Spell Scribe","The Witch","slay the spire mod where everything is the same but ironclad has a cowboy hat"],"gold_per_floor":[116,116,116,12,31,57,76,104,151,164,164,80,80,94,94,199,199,214,139,153,172,372,372,386,386,436,449,474,474,491,511,511,609,709,727,1002,1018,1037,1114,1114,1205,1205,1205,1293,1293,1293,1293,1393,1393,1393,1393],"floor_reached":50,"playtime":4742,"items_purged":[],"score":530,"play_id":"3065eddd-e2c7-49ed-9505-ed4ada2967e3","local_time":"20201222104501","is_ascension_mode":false,"campfire_choices":[{"data":"Summon_Death_Knight","floor":11,"key":"SMITH"},{"data":"Pandemic","floor":13,"key":"SMITH"},{"data":"Pandemic","floor":15,"key":"SMITH"},{"data":"Summon_Death_Knight","floor":23,"key":"SMITH"},{"data":"Bone_Armory","floor":29,"key":"SMITH"},{"data":"Chill_Blood","floor":32,"key":"SMITH"},{"data":"Summon_Vampire_Lady","floor":40,"key":"SMITH"},{"data":"Reap_The_Weak","floor":42,"key":"SMITH"},{"data":"Reap_The_Weak+1","floor":45,"key":"SMITH"},{"data":"Reap_The_Weak+2","floor":47,"key":"SMITH"},{"data":"Reap_The_Weak+3","floor":49,"key":"SMITH"}],"circlet_count":0,"master_deck":["Strike_W","Strike_W","Strike_W","Defend_W","Defend_W","Defend_W","Defend_W","Negative_Energy_Arrows","Bone_Wall","Pandemic+1","The Bomb","Summon_Lich","Pandemic+1","Summon_Undead","Negative_Energy_Shield","Summon_Death_Knight+1","Pandemic+1","Toxic_Smoke_Screen","Summon_Death_Knight+1","Summon_Lich","Mayhem+1","Negative_Energy_Sphere","Negative_Energy_Shield","Acid_Javelin","Blood_Curse","Bone_Armory+1","Chill_Blood+1","Summon_Vampire_Lady+1","Regret","Negative_Energy_Shield+1","Reap_The_Weak+4","Blood_Curse+1","Violent_Necrosis"],"relics":["Vampire_Amulet","infinitespire:Lychee Nut","ReplayTheSpireMod:CursedCoin","jedi:Pinwheel","Oddly Smooth Stone","aspiration:Lifesprig","aspiration:SecretTechniqueScroll","ReplayTheSpireMod:TigerMarble","Ancient Tea Set","Replay:Wanted Poster","infinitespire:EvilPickle","conspire:InfiniteJournal"],"acts_visited":["Exordium","TheCity","TheBeyond"],"potions_floor_usage":[8,16,28,31,33,33,39,48,50],"damage_taken":[{"damage":2,"enemies":"Jaw Worm","floor":1,"turns":5},{"damage":0,"enemies":"Small Slimes","floor":5,"turns":4},{"damage":27,"enemies":"Lagavulin","floor":6,"turns":9},{"damage":4,"enemies":"Cultist","floor":7,"turns":4},{"damage":6,"enemies":"3 Sentries","floor":8,"turns":4},{"damage":11,"enemies":"Gremlin Gang","floor":10,"turns":4},{"damage":10,"enemies":"Exordium Thugs","floor":12,"turns":5},{"damage":8,"enemies":"Blue Slaver","floor":14,"turns":5},{"damage":19,"enemies":"Slime Boss","floor":16,"turns":6},{"damage":9,"enemies":"3 Byrds","floor":18,"turns":3},{"damage":35,"enemies":"2 Thieves","floor":20,"turns":5},{"damage":5,"enemies":"Snake Plant","floor":21,"turns":3},{"damage":6,"enemies":"3 Cultists","floor":24,"turns":4},{"damage":6,"enemies":"Centurion and Healer","floor":27,"turns":5},{"damage":26,"enemies":"Slavers","floor":28,"turns":5},{"damage":1,"enemies":"Cultist and Chosen","floor":30,"turns":4},{"damage":11,"enemies":"Snake Plant","floor":31,"turns":3},{"damage":50,"enemies":"Pondfish","floor":33,"turns":9},{"damage":0,"enemies":"Orb Walker","floor":35,"turns":4},{"damage":6,"enemies":"3 Shapes","floor":37,"turns":4},{"damage":27,"enemies":"Writhing Mass","floor":38,"turns":5},{"damage":28,"enemies":"4 Shapes","floor":39,"turns":5},{"damage":17,"enemies":"Maw","floor":41,"turns":7},{"damage":6,"enemies":"Spire Growth","floor":44,"turns":5},{"damage":26,"enemies":"3 Darklings","floor":48,"turns":3},{"damage":92,"enemies":"Replay:Hell Engine","floor":50,"turns":10}],"seed_played":"-6441341262446206473","potions_obtained":[{"floor":1,"key":"Venom Potion"},{"floor":5,"key":"Milkshake"},{"floor":7,"key":"Adrenaline Potion"},{"floor":12,"key":"PowerPotion"},{"floor":24,"key":"Block Potion"},{"floor":28,"key":"Adrenaline Potion"},{"floor":31,"key":"LiquidMemories"},{"floor":37,"key":"Explosive Potion"},{"floor":44,"key":"LiquidMemories"}],"is_trial":false,"path_per_floor":["M","?","?","$","M","E","M","E","T","M","R","M","R","M","R","B",null,"M","?","M","M","?","R","M","?","T","M","E","R","M","M","R","B",null,"M","?","M","M","M","R","M","R","T","M","R","?","R","M","R","B"],"character_chosen":"NECROMANCER","items_purchased":["ReplayTheSpireMod:CursedCoin","The Bomb","Summon_Lich"],"campfire_rested":0,"item_purchase_floors":[4,4,4],"current_hp_per_floor":[56,56,56,56,56,31,35,41,41,44,44,44,44,44,44,37,56,54,54,28,31,31,31,43,43,43,47,33,33,42,39,39,26,56,56,56,56,56,39,39,54,54,54,53,53,53,53,38,38,0,0],"gold":1393,"neow_bonus":"ONE_RARE_RELIC","is_daily":false,"chose_seed":false,"campfire_upgraded":11,"win_rate":0.0,"timestamp":1608651901,"path_taken":["M","?","?","$","M","E","?","E","T","M","R","?","R","M","R","BOSS","M","?","?","M","?","R","M","?","T","?","E","R","?","M","R","BOSS","M","?","M","M","?","R","M","R","T","M","R","?","R","M","R","BOSS"],"items_purchased_type":["Relic","Card","Card"],"build_version":"2020-12-13","purchased_purges":0,"victory":false,"max_hp_per_floor":[56,56,56,56,56,56,56,56,56,56,56,56,56,56,56,56,56,56,56,56,56,56,56,56,56,56,56,56,56,56,56,56,56,56,56,56,56,56,56,56,56,56,56,56,56,56,56,56,56,56,56],"card_choices":[{"not_picked":["Negative_Energy_Javelin","Whirlwind_of_Bones"],"picked":"Pandemic","floor":1},{"not_picked":["Consume_Illness","Deaths_Shadow"],"picked":"Pandemic","floor":5},{"not_picked":["Strike_from_Beyond","Slay_Living"],"picked":"Summon_Undead","floor":6},{"not_picked":["Necromantic_Selection","Bone_Bullets"],"picked":"Negative_Energy_Shield","floor":7},{"not_picked":["Negative_Energy_Sphere","Scare"],"picked":"Summon_Death_Knight","floor":8},{"not_picked":["Life_Tap","Death_Coil"],"picked":"Pandemic","floor":10},{"not_picked":["Corrupt","Shade_Step"],"picked":"Toxic_Smoke_Screen","floor":12},{"not_picked":["Consume_Illness","Death_Coil","Blood_for_Blood"],"picked":"SKIP","floor":14},{"not_picked":["Hellfire","Blood_Wake"],"picked":"Summon_Death_Knight","floor":16},{"not_picked":["Bones_to_Steel","Toxic_Smoke_Screen+1"],"picked":"Summon_Lich","floor":18},{"not_picked":["Replay:Dark Deal+1","Apotheosis+1"],"picked":"Mayhem+1","floor":19},{"not_picked":["Bone_Bullets","Vampiric_Strike"],"picked":"Negative_Energy_Sphere","floor":20},{"not_picked":["Deaths_Shadow","Bones_to_Steel+1"],"picked":"Negative_Energy_Shield","floor":21},{"not_picked":["Scare","Negative_Energy_Mist"],"picked":"Acid_Javelin","floor":24},{"not_picked":["Bones_to_Steel","Bone_Prison+1"],"picked":"Blood_Curse","floor":27},{"not_picked":["Death_Knell","Flesh_Made_Foul+1"],"picked":"Bone_Armory","floor":28},{"not_picked":["Negative_Energy_Mist","Negative_Energy_Javelin"],"picked":"Chill_Blood","floor":30},{"not_picked":["Bone_Shift","Epidemic","Shackles_Of_Pain"],"picked":"SKIP","floor":31},{"not_picked":["Summon_Death_Knight","Skeleton_Dragon"],"picked":"Summon_Vampire_Lady","floor":33},{"not_picked":["Shackles_Of_Pain","Negative_Energy_Sphere","Blood_Shield"],"picked":"SKIP","floor":35},{"not_picked":["Blood_Shield","Bone_Armor"],"picked":"Negative_Energy_Shield+1","floor":37},{"not_picked":["Negative_Energy_Burst+1","Bone_Armor+1"],"picked":"Reap_The_Weak","floor":38},{"not_picked":["Vampiric_Strike","Detonate_Bones"],"picked":"Blood_Curse+1","floor":39},{"not_picked":["Blood_Whip+1","Death_Coil","Violent_Necrosis+1"],"picked":"SKIP","floor":41},{"not_picked":["Exploit+1","Scare","Negative_Energy_Bomb"],"picked":"SKIP","floor":44},{"not_picked":["Shackles_Of_Pain+1","Life_Drain"],"picked":"Violent_Necrosis","floor":48}],"player_experience":924984,"relics_obtained":[{"floor":6,"key":"jedi:Pinwheel"},{"floor":8,"key":"Oddly Smooth Stone"},{"floor":9,"key":"aspiration:Lifesprig"},{"floor":26,"key":"ReplayTheSpireMod:TigerMarble"},{"floor":28,"key":"Ancient Tea Set"},{"floor":43,"key":"conspire:InfiniteJournal"}],"event_choices":[{"cards_removed":["Strike_W"],"damage_healed":0,"gold_gain":0,"player_choice":"Purged","damage_taken":0,"max_hp_gain":0,"max_hp_loss":0,"event_name":"Purifier","floor":3,"gold_loss":0},{"damage_healed":0,"gold_gain":0,"player_choice":"2","damage_taken":0,"max_hp_gain":0,"max_hp_loss":0,"event_name":"betterMatch:BetterMatch","floor":19,"gold_loss":0,"cards_obtained":["betterMatch:ColorlessRareCard"]},{"damage_healed":0,"gold_gain":250,"player_choice":"Bet on Owner","damage_taken":0,"max_hp_gain":0,"max_hp_loss":0,"event_name":"The Joust","floor":22,"gold_loss":50},{"damage_healed":0,"gold_gain":0,"player_choice":"Upgraded","damage_taken":0,"max_hp_gain":0,"max_hp_loss":0,"event_name":"Upgrade Shrine","floor":25,"gold_loss":0,"cards_upgraded":["Pandemic"]},{"damage_healed":0,"gold_gain":275,"player_choice":"Desecrate","damage_taken":0,"max_hp_gain":0,"max_hp_loss":0,"event_name":"Golden Shrine","floor":36,"gold_loss":0,"cards_obtained":["Regret"]},{"damage_healed":0,"gold_gain":0,"player_choice":"Leave","damage_taken":0,"max_hp_gain":0,"max_hp_loss":0,"event_name":"conspire:Investor","floor":46,"gold_loss":0}],"is_beta":false,"boss_relics":[{"not_picked":["Cursed Key","halation:Yufonium"],"picked":"aspiration:SecretTechniqueScroll"},{"not_picked":["ReplayTheSpireMod:DimensionalGlitch","Snecko Eye"],"picked":"Replay:Wanted Poster"}],"items_purged_floors":[],"is_endless":false,"potions_floor_spawned":[1,5,7,12,24,28,31,37,44],"killed_by":"Replay:Hell Engine","ascension_level":0}}