{"host":"7khtwbkyze7y134w","time":1608649509,"event":{"mods":["AchievementEnabler","BaseMod","Bestiary","Colored Map","Colored Powertips","Highlight Path","Minty Spire (QoL Compilation)","Quick Restart","Relic Stats","StSLib","SuperFastMode"],"gold_per_floor":[116,116,128,147,147,147,161,171,171,232,265,281,456,79,79,182,182,197,217,142,152,152,185,185,219,219,219,231,231,241,251,251,351,351,367,56,73,83,133,147,147,165,165,165,196,0,12,40,52,64,64],"floor_reached":50,"playtime":1955,"items_purged":["Doubt","Strike_P"],"score":691,"play_id":"84f01b4e-4c46-4051-a1d7-2bba2e6727cc","local_time":"20201222150509","is_ascension_mode":false,"campfire_choices":[{"data":"FlurryOfBlows","floor":6.0,"key":"SMITH"},{"floor":15.0,"key":"REST"},{"data":"1","floor":24.0,"key":"LIFT"},{"data":"2","floor":29.0,"key":"LIFT"},{"data":"FlurryOfBlows","floor":32.0,"key":"SMITH"},{"data":"3","floor":41.0,"key":"LIFT"},{"data":"TalkToTheHand","floor":47.0,"key":"SMITH"},{"data":"Eruption","floor":49.0,"key":"SMITH"}],"circlet_count":0,"master_deck":["Strike_P","Strike_P","Strike_P","Defend_P","Defend_P","Defend_P","Eruption+1","Vigilance","FlurryOfBlows+1","FlurryOfBlows+1","EmptyBody","EmptyFist","TalkToTheHand+1","EmptyFist","EmptyFist","FlurryOfBlows+1","FearNoEvil","CurseOfTheBell","TalkToTheHand+1","ClearTheMind","Adaptation+1","FlurryOfBlows+1","EmptyFist+1","FlurryOfBlows+1","ClearTheMind","FlurryOfBlows+1","EmptyFist+1","FlurryOfBlows+1","EmptyFist+1"],"relics":["PureWater","Potion Belt","HornCleat","Frozen Egg 2","Eternal Feather","Vajra","Orrery","Bag of Preparation","Calling Bell","Bronze Scales","Molten Egg 2","Girya","Bottled Lightning","Bottled Flame","Pear","VioletLotus","Happy Flower","StoneCalendar","Bird Faced Urn","MawBank","Red Mask"],"acts_visited":["Exordium","TheCity","TheBeyond"],"potions_floor_usage":[],"damage_taken":[{"damage":11.0,"enemies":"2 Louse","floor":1.0,"turns":3.0},{"damage":3.0,"enemies":"Jaw Worm","floor":3.0,"turns":5.0},{"damage":2.0,"enemies":"Small Slimes","floor":4.0,"turns":3.0},{"damage":5.0,"enemies":"Exordium Thugs","floor":7.0,"turns":3.0},{"damage":2.0,"enemies":"Looter","floor":8.0,"turns":4.0},{"damage":0.0,"enemies":"Gremlin Nob","floor":10.0,"turns":3.0},{"damage":0.0,"enemies":"Gremlin Nob","floor":11.0,"turns":3.0},{"damage":13.0,"enemies":"Exordium Wildlife","floor":12.0,"turns":3.0},{"damage":0.0,"enemies":"Slime Boss","floor":16.0,"turns":5.0},{"damage":0.0,"enemies":"Spheric Guardian","floor":18.0,"turns":3.0},{"damage":0.0,"enemies":"Chosen","floor":19.0,"turns":4.0},{"damage":0.0,"enemies":"3 Cultists","floor":21.0,"turns":5.0},{"damage":6.0,"enemies":"Book of Stabbing","floor":23.0,"turns":4.0},{"damage":30.0,"enemies":"Slavers","floor":25.0,"turns":5.0},{"damage":0.0,"enemies":"Centurion and Healer","floor":28.0,"turns":4.0},{"damage":0.0,"enemies":"Chosen and Byrds","floor":30.0,"turns":3.0},{"damage":0.0,"enemies":"Snecko","floor":31.0,"turns":3.0},{"damage":56.0,"enemies":"Automaton","floor":33.0,"turns":7.0},{"damage":0.0,"enemies":"Orb Walker","floor":35.0,"turns":1.0},{"damage":2.0,"enemies":"3 Darklings","floor":37.0,"turns":3.0},{"damage":0.0,"enemies":"Writhing Mass","floor":38.0,"turns":5.0},{"damage":4.0,"enemies":"2 Orb Walkers","floor":39.0,"turns":3.0},{"damage":0.0,"enemies":"Jaw Worm Horde","floor":40.0,"turns":3.0},{"damage":0.0,"enemies":"3 Darklings","floor":42.0,"turns":2.0},{"damage":2.0,"enemies":"Giant Head","floor":45.0,"turns":5.0},{"damage":14.0,"enemies":"Transient","floor":48.0,"turns":5.0},{"damage":92,"enemies":"Awakened One","floor":50,"turns":7}],"seed_played":"-5015243681536048133","potions_obtained":[{"floor":3.0,"key":"FearPotion"},{"floor":8.0,"key":"SteroidPotion"},{"floor":10.0,"key":"Strength Potion"},{"floor":11.0,"key":"DistilledChaos"},{"floor":16.0,"key":"Block Potion"},{"floor":18.0,"key":"SteroidPotion"},{"floor":23.0,"key":"DistilledChaos"},{"floor":28.0,"key":"GamblersBrew"},{"floor":30.0,"key":"SteroidPotion"},{"floor":31.0,"key":"SteroidPotion"},{"floor":37.0,"key":"PowerPotion"},{"floor":38.0,"key":"SkillPotion"}],"is_trial":false,"path_per_floor":["M","?","M","M","?","R","M","M","T","?","E","M","?","$","R","B",null,"M","M","$","M","?","E","R","E","T","T","M","R","M","M","R","B",null,"M","$","M","M","?","M","R","M","T","?","E","?","R","M","R","B"],"character_chosen":"WATCHER","items_purchased":["EmptyFist","TalkToTheHand","Orrery","Bag of Preparation","FlurryOfBlows+1","ClearTheMind","Happy Flower"],"campfire_rested":1,"item_purchase_floors":[14,14,14,14,36,36,36],"current_hp_per_floor":[61,61,58,56,49,49,44,42,42,42,42,29,29,29,62,62,72,72,72,72,72,59,53,65,35,45,45,45,57,57,57,69,13,87,87,87,85,85,81,81,87,87,87,87,85,85,87,73,87,0,0],"gold":64,"neow_bonus":"RANDOM_COMMON_RELIC","is_daily":false,"chose_seed":false,"campfire_upgraded":4,"win_rate":0.0,"timestamp":1608649509,"path_taken":["M","?","M","M","?","R","M","M","T","?","E","M","?","$","R","BOSS","M","M","$","M","?","E","R","E","T","?","M","R","M","M","R","BOSS","M","$","M","M","?","M","R","M","T","?","E","?","R","M","R","BOSS"],"items_purchased_type":["Card","Card","Relic","Relic","Card","Card","Relic"],"build_version":"2020-12-13","purchased_purges":2,"victory":false,"max_hp_per_floor":[72,72,72,72,72,72,72,72,72,72,72,72,72,72,72,72,72,72,72,72,72,77,77,77,77,87,87,87,87,87,87,87,87,87,87,87,87,87,87,87,87,87,87,87,87,87,87,87,87,87,87],"relic_stats":{"Happy Flower":[11],"counters":[27,104],"Bronze Scales":[174],"Bird Faced Urn":[2],"Eternal Feather":70,"StoneCalendar":[52],"VioletLotus":[19],"Bag of Preparation":[38],"MawBank":60,"obtain_stats":[{"Potion Belt":0,"Girya":17,"Pear":26,"Happy Flower":36,"Vajra":11,"Eternal Feather":10,"StoneCalendar":39,"Bag of Preparation":14,"Frozen Egg 2":9,"MawBank":45,"Calling Bell":17,"Bottled Flame":25,"HornCleat":5,"Bronze Scales":17,"Bird Faced Urn":43,"Orrery":14,"Molten Egg 2":17,"VioletLotus":34,"Red Mask":46,"Bottled Lightning":23,"PureWater":0},{"Potion Belt":0,"Girya":9,"Pear":14,"Happy Flower":19,"Vajra":7,"Eternal Feather":6,"StoneCalendar":22,"Bag of Preparation":8,"Frozen Egg 2":5,"MawBank":25,"Calling Bell":9,"Bottled Flame":14,"HornCleat":3,"Bronze Scales":9,"Bird Faced Urn":24,"Orrery":8,"Molten Egg 2":9,"VioletLotus":18,"Red Mask":25,"Bottled Lightning":13,"PureWater":0},{"Potion Belt":0,"Girya":32,"Pear":53,"Happy Flower":71,"Vajra":24,"Eternal Feather":21,"StoneCalendar":82,"Bag of Preparation":27,"Frozen Egg 2":18,"MawBank":92,"Calling Bell":32,"Bottled Flame":53,"HornCleat":11,"Bronze Scales":32,"Bird Faced Urn":87,"Orrery":27,"Molten Egg 2":32,"VioletLotus":70,"Red Mask":92,"Bottled Lightning":48,"PureWater":0}]},"card_choices":[{"not_picked":["FlyingSleeves","FollowUp"],"picked":"FlurryOfBlows","floor":1.0},{"not_picked":["FlyingSleeves","Pray","Fasting2"],"picked":"SKIP","floor":3.0},{"not_picked":["Meditate","Protect"],"picked":"FlurryOfBlows","floor":4.0},{"not_picked":["Crescendo","PathToVictory"],"picked":"EmptyBody","floor":7.0},{"not_picked":["FlyingSleeves","JustLucky","CrushJoints"],"picked":"SKIP","floor":8.0},{"not_picked":["BowlingBash","MasterReality+1","Protect"],"picked":"SKIP","floor":11.0},{"not_picked":["Perseverance","SignatureMove","JustLucky"],"picked":"SKIP","floor":12.0},{"not_picked":["Sanctity","Evaluate"],"picked":"EmptyFist","floor":14.0},{"not_picked":["CutThroughFate","Fasting2+1"],"picked":"EmptyFist","floor":14.0},{"not_picked":["LikeWater+1","ClearTheMind"],"picked":"FlurryOfBlows","floor":14.0},{"not_picked":["Halt","Nirvana+1"],"picked":"FearNoEvil","floor":14.0},{"not_picked":["BowlingBash+1","Protect","FollowUp+1"],"picked":"SKIP","floor":18.0},{"not_picked":["CrushJoints+1","Consecrate+1"],"picked":"TalkToTheHand+1","floor":19.0},{"not_picked":["ThirdEye","FlyingSleeves+1"],"picked":"ClearTheMind","floor":21.0},{"not_picked":["Vault","Pray","Evaluate"],"picked":"SKIP","floor":23.0},{"not_picked":["Weave+1","EmptyBody+1"],"picked":"Adaptation+1","floor":25.0},{"not_picked":["SignatureMove+1","Swivel+1"],"picked":"FlurryOfBlows+1","floor":28.0},{"not_picked":["FlyingSleeves+1","Consecrate+1","WaveOfTheHand"],"picked":"SKIP","floor":30.0},{"not_picked":["CutThroughFate+1","JustLucky+1","BowlingBash+1"],"picked":"SKIP","floor":31.0},{"not_picked":["WaveOfTheHand","JustLucky+1"],"picked":"EmptyFist+1","floor":35.0},{"not_picked":["EmptyFist+1","FollowUp+1"],"picked":"FlurryOfBlows+1","floor":37.0},{"not_picked":["ThirdEye+1","JustLucky+1"],"picked":"EmptyFist+1","floor":38.0},{"not_picked":["Consecrate+1","DeceiveReality+1"],"picked":"FlurryOfBlows+1","floor":40.0},{"not_picked":["WindmillStrike+1","Conclude+1","Adaptation+1"],"picked":"SKIP","floor":42.0},{"not_picked":["Weave+1","Ragnarok+1","CutThroughFate+1"],"picked":"SKIP","floor":45.0},{"not_picked":["Halt+1","Meditate+1"],"picked":"EmptyFist+1","floor":48.0}],"player_experience":13396,"relics_obtained":[{"floor":9.0,"key":"Frozen Egg 2"},{"floor":10.0,"key":"Eternal Feather"},{"floor":11.0,"key":"Vajra"},{"floor":17.0,"key":"Bronze Scales"},{"floor":17.0,"key":"Molten Egg 2"},{"floor":17.0,"key":"Girya"},{"floor":23.0,"key":"Bottled Lightning"},{"floor":25.0,"key":"Bottled Flame"},{"floor":26.0,"key":"Pear"},{"floor":39.0,"key":"StoneCalendar"},{"floor":43.0,"key":"Bird Faced Urn"},{"floor":45.0,"key":"MawBank"}],"event_choices":[{"damage_healed":0.0,"max_hp_gain":0.0,"max_hp_loss":0.0,"gold_gain":0.0,"event_name":"Living Wall","player_choice":"Grow","floor":2.0,"gold_loss":0.0,"damage_taken":0.0,"cards_upgraded":["FlurryOfBlows"]},{"damage_healed":0.0,"max_hp_gain":0.0,"max_hp_loss":0.0,"gold_gain":0.0,"event_name":"Scrap Ooze","player_choice":"Success","floor":5.0,"gold_loss":0.0,"damage_taken":7.0,"relics_obtained":["HornCleat"]},{"damage_healed":0.0,"max_hp_gain":0.0,"max_hp_loss":0.0,"gold_gain":30.0,"event_name":"Dead Adventurer","player_choice":"Searched \u00272\u0027 times","floor":10.0,"gold_loss":0.0,"damage_taken":0.0},{"damage_healed":0.0,"max_hp_gain":0.0,"max_hp_loss":0.0,"gold_gain":175.0,"event_name":"Liars Game","player_choice":"AGREE","floor":13.0,"gold_loss":0.0,"damage_taken":0.0,"cards_obtained":["Doubt"]},{"damage_healed":0.0,"max_hp_gain":5.0,"max_hp_loss":0.0,"gold_gain":0.0,"event_name":"Forgotten Altar","player_choice":"Shed Blood","floor":22.0,"gold_loss":0.0,"damage_taken":18.0},{"damage_healed":0.0,"max_hp_gain":0.0,"max_hp_loss":0.0,"gold_gain":0.0,"event_name":"Mysterious Sphere","player_choice":"Fight","floor":39.0,"gold_loss":0.0,"damage_taken":0.0},{"cards_removed":["Defend_P"],"damage_healed":0.0,"max_hp_gain":0.0,"max_hp_loss":0.0,"gold_gain":0.0,"event_name":"Falling","player_choice":"Removed Skill","floor":44.0,"gold_loss":0.0,"damage_taken":0.0},{"damage_healed":0.0,"max_hp_gain":0.0,"max_hp_loss":0.0,"gold_gain":0.0,"event_name":"Tomb of Lord Red Mask","player_choice":"Paid","floor":46.0,"gold_loss":208.0,"damage_taken":0.0,"relics_obtained":["Red Mask"]}],"is_beta":false,"boss_relics":[{"not_picked":["Coffee Dripper","SlaversCollar"],"picked":"Calling Bell"},{"not_picked":["Runic Pyramid","Philosopher\u0027s Stone"],"picked":"VioletLotus"}],"items_purged_floors":[20,36],"is_endless":false,"potions_floor_spawned":[3,8,10,11,16,18,23,28,30,31,37,38],"killed_by":"Awakened One","ascension_level":0}}