{"host":"f0gpob8hq9vgebej","time":1608644977,"event":{"mods":["AchievementEnabler","BaseMod","Googly Eyes","Minty Spire (QoL Compilation)","Quick Restart","SuperFastMode"],"gold_per_floor":[20,36,51,63,80,80,155,169,218,248,260,292,321,353,365,448,460,492,533,545,545],"floor_reached":20,"playtime":703,"items_purged":[],"score":284,"play_id":"1581c425-4b9f-41b4-99e3-3c2fc1869fd0","local_time":"20201222224937","is_ascension_mode":true,"campfire_choices":[{"data":"Blade Dance","floor":6.0,"key":"SMITH"},{"floor":15,"key":"REST"}],"circlet_count":0,"master_deck":["AscendersBane","Strike_G","Strike_G","Strike_G","Strike_G","Defend_G","Defend_G","Defend_G","Defend_G","Defend_G","Survivor","Neutralize","Blade Dance+1","Cloak And Dagger","Backflip","All Out Attack","Venomology","Calculated Gamble","Accuracy","Malaise","Noxious Fumes+1","Acrobatics"],"relics":["Ring of the Snake","Ginger","MawBank","Sozu","Red Mask"],"acts_visited":["Exordium","TheCity"],"potions_floor_usage":[16,16,16,16,19],"damage_taken":[{"damage":0.0,"enemies":"Jaw Worm","floor":1.0,"turns":5.0},{"damage":0.0,"enemies":"2 Louse","floor":2.0,"turns":3.0},{"damage":0.0,"enemies":"Cultist","floor":3.0,"turns":4.0},{"damage":8.0,"enemies":"Large Slime","floor":4.0,"turns":8.0},{"damage":3.0,"enemies":"3 Louse","floor":5.0,"turns":4.0},{"damage":5,"enemies":"Exordium Wildlife","floor":8,"turns":4},{"damage":0,"enemies":"2 Fungi Beasts","floor":10,"turns":3},{"damage":4,"enemies":"Looter","floor":12,"turns":3},{"damage":4,"enemies":"Red Slaver","floor":13,"turns":3},{"damage":1,"enemies":"Large Slime","floor":14,"turns":7},{"damage":25,"enemies":"Slime Boss","floor":16,"turns":7},{"damage":10,"enemies":"Shell Parasite","floor":18,"turns":7},{"damage":49,"enemies":"Masked Bandits","floor":19,"turns":4},{"damage":0,"enemies":"Spheric Guardian","floor":20,"turns":3}],"seed_played":"-435190430855778217","potions_obtained":[{"floor":1.0,"key":"Regen Potion"},{"floor":2.0,"key":"Weak Potion"},{"floor":13,"key":"EntropicBrew"},{"floor":16,"key":"BlessingOfTheForge"}],"is_trial":false,"path_per_floor":["M","M","M","M","M","R","?","M","T","M","?","M","M","M","R","B",null,"M","?","M"],"character_chosen":"THE_SILENT","items_purchased":[],"campfire_rested":1,"item_purchase_floors":[],"current_hp_per_floor":[63,63,63,55,52,52,41,36,36,36,36,32,28,27,48,38,62,52,3,3,3],"gold":545,"neow_bonus":"ONE_RARE_RELIC","is_daily":false,"chose_seed":false,"campfire_upgraded":1,"win_rate":0.0,"timestamp":1608644977,"path_taken":["M","M","M","M","M","R","?","M","T","M","?","M","M","M","R","BOSS","M","?","M"],"items_purchased_type":[],"build_version":"2020-12-13","purchased_purges":0,"victory":false,"max_hp_per_floor":[70,70,70,70,70,70,70,70,70,70,70,70,70,70,70,70,70,70,70,70,70],"card_choices":[{"not_picked":["Caltrops","Expertise"],"picked":"Blade Dance","floor":1.0},{"not_picked":["Poisoned Stab","Eviscerate"],"picked":"Cloak And Dagger","floor":2.0},{"not_picked":["Quick Slash","Predator"],"picked":"Backflip","floor":3.0},{"not_picked":["Riddle With Holes","Distraction","Bane"],"picked":"SKIP","floor":4.0},{"not_picked":["Bouncing Flask","Heel Hook"],"picked":"All Out Attack","floor":5.0},{"not_picked":["Deadly Poison","Masterful Stab","All Out Attack"],"picked":"SKIP","floor":8},{"not_picked":["Poisoned Stab","Backstab"],"picked":"Venomology","floor":10},{"not_picked":["Sucker Punch","Predator","Bane"],"picked":"SKIP","floor":12},{"not_picked":["PiercingWail","Infinite Blades"],"picked":"Calculated Gamble","floor":13},{"not_picked":["Underhanded Strike","Blade Dance"],"picked":"Accuracy","floor":14},{"not_picked":["Doppelganger","Grand Finale"],"picked":"Malaise","floor":16},{"not_picked":["Distraction","Terror"],"picked":"Noxious Fumes+1","floor":18},{"not_picked":["PiercingWail","Quick Slash"],"picked":"Acrobatics","floor":19}],"player_experience":198392,"relics_obtained":[{"floor":9,"key":"MawBank"},{"floor":19,"key":"Red Mask"}],"event_choices":[{"damage_healed":0.0,"max_hp_gain":0.0,"max_hp_loss":0.0,"gold_gain":75.0,"event_name":"World of Goop","player_choice":"Gather Gold","floor":7.0,"gold_loss":0.0,"damage_taken":11.0},{"cards_removed":["Strike_G"],"damage_healed":0,"gold_gain":0,"player_choice":"Forget","damage_taken":0,"max_hp_gain":0,"max_hp_loss":0,"event_name":"Living Wall","floor":11,"gold_loss":0},{"damage_healed":0,"gold_gain":0,"player_choice":"Fought Bandits","damage_taken":0,"max_hp_gain":0,"max_hp_loss":0,"event_name":"Masked Bandits","floor":19,"gold_loss":0}],"is_beta":false,"boss_relics":[{"not_picked":["Ectoplasm","Snecko Eye"],"picked":"Sozu"}],"items_purged_floors":[],"is_endless":false,"potions_floor_spawned":[1,2,13,14,16],"killed_by":"Spheric Guardian","ascension_level":13}}