{"host":"1sep654oresgee70","time":1608673771,"event":{"mods":["2.2 Compatiblity","Aspiration","BaseMod","Better Altar","Better Match","Better Note","Better Sensory Stone","Better Skull","Better Third Choice","Better Vampires","Better-Laid Plans","BetterRewards","Block Reminder","Conspire","Curses Come First","Displayed Cursed Tome","Gold Saver","Hubris","Infinite Spire","Minty Spire (QoL Compilation)","Potion Indicator Mod","Quick Restart","Red Circlet Mod","Replay The Spire","Shop Mod","Spicy Shops","StSLib","The Blue Laboratory","Thieving Mod","Transform Curses","Unceasing Turn Reminder","UnlockEverythingMod"],"gold_per_floor":[405,405,25,40,315,345,360,390,390,405,45,60,60,75,75,175,175,190,40,40,40,70,70,70],"floor_reached":23,"playtime":20882,"items_purged":[],"score":269,"play_id":"c8abe18d-5479-497b-9847-e8a5c5762b81","local_time":"20201222224931","daily_mods":["Allstar","Diverse","DeadlyEvents"],"is_ascension_mode":false,"campfire_choices":[{"floor":15,"key":"REST"}],"circlet_count":0,"master_deck":["Strike_B","Strike_B","Strike_B","Strike_B","Defend_B","Defend_B","Defend_B","Defend_B","Zap","Dualcast","Good Instincts+1","hubris:Insight","Dark Shackles","Secret Weapon+1","Midas Touch+1","ThirdEye","After Image","Regret","Rage","Blade Dance","aspiration:Lunge","ForeignInfluence","TalkToTheHand","Ball Lightning","BasicCrystalCard","Omniscience","Double Energy","EmptyBody","The Bomb","conspire:Banana","Sadistic Nature+1","Hidden Blade"],"relics":["Cracked Core","hubris:TenFootPole","infinitespire:Golems Mask","Runic Capacitor","Guide Book","Question Card","Frozen Egg 2","hubris:MysteriousPyramids","OrangePellets","Carrot","ChewingGum","ReplayTheSpireMod:ShopPack","betterThird:NestCultRelic","Vajra"],"acts_visited":["Exordium","TheCity"],"potions_floor_usage":[16,22,22,23],"damage_taken":[{"damage":1,"enemies":"Jaw Worm","floor":1,"turns":4},{"damage":0,"enemies":"Cultist","floor":4,"turns":3},{"damage":18,"enemies":"3 Sentries","floor":6,"turns":8},{"damage":0,"enemies":"Small Slimes","floor":7,"turns":3},{"damage":2,"enemies":"Lagavulin","floor":8,"turns":6},{"damage":0,"enemies":"3 Louse","floor":10,"turns":2},{"damage":0,"enemies":"Looter","floor":12,"turns":2},{"damage":0,"enemies":"2 Fungi Beasts","floor":14,"turns":2},{"damage":0,"enemies":"Slime Boss","floor":16,"turns":7},{"damage":2,"enemies":"3 Byrds","floor":18,"turns":4},{"damage":73,"enemies":"Slavers","floor":22,"turns":6},{"damage":5,"enemies":"Gremlin Leader","floor":23,"turns":4}],"seed_played":"-7682526130134428503","potions_obtained":[{"floor":6,"key":"blueLaboratory:AbyssPotion"},{"floor":8,"key":"blueLaboratory:ImpenetrablePotion"},{"floor":10,"key":"blueLaboratory:SavagePotion"},{"floor":16,"key":"FocusPotion"},{"floor":22,"key":"Milkshake"}],"is_trial":false,"path_per_floor":["M","?","$","M","?","E","M","E","T","M","$","M","?","M","R","B",null,"M","$","?","?","E","E"],"character_chosen":"DEFECT","items_purchased":["infinitespire:Golems Mask","Runic Capacitor","Guide Book","OrangePellets","Carrot","TalkToTheHand","ReplayTheSpireMod:ShopPack","EmptyBody"],"campfire_rested":1,"item_purchase_floors":[3,3,3,11,11,11,19,19],"current_hp_per_floor":[74,74,74,74,74,56,56,54,54,54,54,54,54,54,75,75,75,73,73,73,73,1,0,0],"gold":70,"neow_bonus":"","is_daily":true,"chose_seed":false,"campfire_upgraded":0,"win_rate":0.0,"timestamp":1608673771,"path_taken":["M","?","$","M","?","E","M","?","T","M","$","M","?","?","R","BOSS","M","$","?","?","?","E"],"items_purchased_type":["Relic","Relic","Relic","Relic","Relic","Card","Relic","Card"],"build_version":"2020-12-13","purchased_purges":0,"victory":false,"max_hp_per_floor":[75,75,75,75,75,75,75,75,75,75,75,75,75,75,75,75,75,75,75,75,75,76,77,77],"card_choices":[{"not_picked":["Reprogram","hubris:CleavingFinish"],"picked":"ThirdEye","floor":1},{"not_picked":["Streamline","BowlingBash"],"picked":"After Image","floor":4},{"not_picked":["ThirdEye","Beam Cell"],"picked":"Rage","floor":6},{"not_picked":["Flex","Replay:BluntJabs","JustLucky"],"picked":"Blade Dance","floor":7},{"not_picked":["Consecrate","Scrape","Nirvana+1"],"picked":"aspiration:Lunge","floor":8},{"not_picked":["ReplayTheSpireMod:Speed Training","Backflip","EmptyMind"],"picked":"ForeignInfluence","floor":10},{"not_picked":["Iron Wave","Hologram","ReplayTheSpireMod:Repulse"],"picked":"Ball Lightning","floor":12},{"not_picked":["Reinforced Body","ClearTheMind","ReplayTheSpireMod:Repulse"],"picked":"BasicCrystalCard","floor":14},{"not_picked":["Die Die Die","Brilliance","Eclipse"],"picked":"Omniscience","floor":16},{"not_picked":["PathToVictory","ForeignInfluence","Expertise+1"],"picked":"Double Energy","floor":18},{"not_picked":["Secret Technique","Crow Ritual","ReplayTheSpireMod:Necrogeddon"],"picked":"The Bomb","floor":19},{"not_picked":["Bandage Up","Survey Options","HandOfGreed"],"picked":"conspire:Banana","floor":19},{"not_picked":["Swift Strike","Deep Breath","Mind Blast"],"picked":"Sadistic Nature","floor":19},{"not_picked":["Heavy Blade","Sunder+1","Endless Agony"],"picked":"Hidden Blade","floor":22}],"player_experience":2343647,"relics_obtained":[{"floor":2,"key":"hubris:TenFootPole"},{"floor":6,"key":"Question Card"},{"floor":8,"key":"Frozen Egg 2"},{"floor":9,"key":"hubris:MysteriousPyramids"},{"floor":22,"key":"Vajra"}],"event_choices":[{"damage_healed":0,"gold_gain":275,"player_choice":"Desecrate","damage_taken":0,"max_hp_gain":0,"max_hp_loss":0,"event_name":"Golden Shrine","floor":5,"gold_loss":0,"cards_obtained":["Regret"]},{"damage_healed":0,"gold_gain":0,"player_choice":"Madness","damage_taken":0,"relics_obtained":["betterThird:NestCultRelic"],"max_hp_gain":0,"max_hp_loss":0,"event_name":"betterThird:BetterNest","floor":20,"gold_loss":0},{"damage_healed":0,"gold_gain":0,"player_choice":"Ignored","damage_taken":0,"max_hp_gain":0,"max_hp_loss":0,"event_name":"Ghosts","floor":21,"gold_loss":0}],"is_beta":false,"boss_relics":[{"not_picked":["Kintsugi","aspiration:FutureDiary"],"picked":"ChewingGum"}],"items_purged_floors":[],"is_endless":false,"potions_floor_spawned":[6,8,10,16,18,22],"killed_by":"Gremlin Leader","ascension_level":0}}