{"host":"8fjsnt81u6xsmhji","time":1608640567,"event":{"mods":["BaseMod","Colored Powertips","Downfall","Glutton Mod","Hermit","Minty Spire (QoL Compilation)","Quick Restart","Somnambulant","StSLib","The Blackbeard","The Bug Knight","The Construct","The Forsaken","The Hierophant","The Mystic"],"gold_per_floor":[119,119,129,147,147,147,177,177,177,177,177,177,193,210,210,307,307,324,342,342,355,373,373,399,399,445,544,578,578,578,591,591,689,739,753,804,804,97,113,113,127,127,151,151,162,178,188,199,199,199],"floor_reached":51,"playtime":3044,"items_purged":[],"score":669,"play_id":"328d84cb-352a-44ae-853e-5ba5a6371f28","local_time":"20201222063607","is_ascension_mode":false,"campfire_choices":[{"data":"hermit:Snapshot","floor":6.0,"key":"SMITH"},{"floor":8.0,"key":"REST"},{"data":"hermit:Brawl","floor":15.0,"key":"SMITH"},{"floor":23.0,"key":"REST"},{"floor":25.0,"key":"REST"},{"floor":29.0,"key":"REST"},{"floor":32.0,"key":"REST"},{"floor":40.0,"key":"REST"},{"floor":42.0,"key":"REST"},{"data":"hermit:FatalDesire","floor":44.0,"key":"SMITH"},{"floor":49.0,"key":"REST"}],"circlet_count":0,"master_deck":["hermit:Strike_Hermit","hermit:Strike_Hermit","hermit:Strike_Hermit","hermit:Defend_Hermit","hermit:Defend_Hermit","hermit:Defend_Hermit","hermit:Defend_Hermit","hermit:Snapshot+1","hermit:Covet","hermit:Deadeye","hermit:Manifest","hermit:Deadeye","hermit:SprayPray","hermit:ShadowCloak+1","hermit:Brawl+1","hermit:FatalDesire+1","hermit:Showdown","hermit:CursedWeapon+1","hermit:Headshot+1","hermit:Grudge+1","theForsaken:PlagueCurse","hermit:CursedWeapon","hermit:FinalCanter","hermit:FlashPowder","hermit:Determination+1","hermit:Quickdraw","hermit:Dissolve","hermit:FromBeyond","hermit:Snipe+1","hermit:Vantage+1","theForsaken:PlagueCurse","hermit:EyeOfTheStorm+1","hermit:Dive+1","hermit:GhostlyPresence"],"relics":["hermit:Momento","theForsaken:Gavel","Pantograph","Regal Pillow","Blood Vial","Cursed Key","Ornamental Fan","Oddly Smooth Stone","Red Mask","Tiny House","Lizard Tail","Kunai","Medical Kit","Pen Nib"],"acts_visited":["Exordium","TheCity","TheBeyond"],"potions_floor_usage":[50,50,50],"damage_taken":[{"damage":6.0,"enemies":"Jaw Worm","floor":1.0,"turns":3.0},{"damage":0.0,"enemies":"Small Slimes","floor":3.0,"turns":3.0},{"damage":0.0,"enemies":"2 Louse","floor":4.0,"turns":3.0},{"damage":19.0,"enemies":"HollowMod:MossKnight","floor":7.0,"turns":11.0},{"damage":11.0,"enemies":"2 Fungi Beasts","floor":13.0,"turns":3.0},{"damage":0.0,"enemies":"Large Slime","floor":14.0,"turns":6.0},{"damage":70.0,"enemies":"The Guardian","floor":16.0,"turns":11.0},{"damage":20.0,"enemies":"2 Thieves","floor":18.0,"turns":5.0},{"damage":11.0,"enemies":"Chosen","floor":19.0,"turns":5.0},{"damage":20.0,"enemies":"Snake Plant","floor":21.0,"turns":5.0},{"damage":13.0,"enemies":"Chosen and Byrds","floor":22.0,"turns":6.0},{"damage":46.0,"enemies":"Slavers","floor":24.0,"turns":6.0},{"damage":34.0,"enemies":"Masked Bandits","floor":28.0,"turns":6.0},{"damage":10.0,"enemies":"Centurion and Healer","floor":31.0,"turns":4.0},{"damage":57.0,"enemies":"Automaton","floor":33.0,"turns":12.0},{"damage":11.0,"enemies":"3 Darklings","floor":35.0,"turns":3.0},{"damage":37.0,"enemies":"2 Orb Walkers","floor":36.0,"turns":5.0},{"damage":15.0,"enemies":"3 Shapes","floor":39.0,"turns":3.0},{"damage":47.0,"enemies":"Spire Growth","floor":41.0,"turns":5.0},{"damage":14.0,"enemies":"Sphere and 2 Shapes","floor":45.0,"turns":4.0},{"damage":14.0,"enemies":"Transient","floor":46.0,"turns":5.0},{"damage":15.0,"enemies":"Spire Growth","floor":47.0,"turns":4.0},{"damage":12.0,"enemies":"Sphere and 2 Shapes","floor":48.0,"turns":5.0},{"damage":75,"enemies":"Awakened One","floor":50,"turns":17}],"seed_played":"8825722617550389685","potions_obtained":[{"floor":3.0,"key":"AttackPotion"},{"floor":7.0,"key":"Explosive Potion"},{"floor":19.0,"key":"CultistPotion"},{"floor":24.0,"key":"Weak Potion"},{"floor":28.0,"key":"hermit:BlackBile"},{"floor":31.0,"key":"Guardian:BlockOnCardUsePotion"},{"floor":34.0,"key":"SkillPotion"},{"floor":35.0,"key":"SkillPotion"},{"floor":36.0,"key":"BlessingOfTheForge"},{"floor":41.0,"key":"champ:CounterPotion"}],"is_trial":false,"path_per_floor":["M","?","M","M","?","R","E","R","T","?","?","T","M","M","R","B",null,"M","M","?","M","M","R","E","R","T","?","?","R","?","M","R","B",null,"M","?","?","$","M","R","M","R","T","R","M","M","M","M","R","B",null],"character_chosen":"HERMIT","items_purchased":["Kunai","hermit:Dissolve","Medical Kit","hermit:FromBeyond"],"campfire_rested":8,"item_purchase_floors":[38,38,38,38],"current_hp_per_floor":[69,74,74,74,74,74,55,79,79,72,72,72,63,65,65,10,80,60,51,51,33,22,61,17,56,56,56,24,63,63,55,80,23,85,74,39,39,39,26,66,21,61,61,61,49,37,24,14,54,6],"gold":199,"neow_bonus":"THREE_CARDS","is_daily":false,"chose_seed":false,"campfire_upgraded":3,"win_rate":0.0,"timestamp":1608640567,"path_taken":["M","?","M","M","?","R","E","R","T","?","?","?","M","M","R","BOSS","M","M","?","M","M","R","E","R","T","?","?","R","?","?","R","BOSS","M","?","?","$","M","R","M","R","T","R","M","M","M","M","R","BOSS"],"items_purchased_type":["Relic","Card","Relic","Card"],"build_version":"2020-12-13","purchased_purges":0,"victory":true,"max_hp_per_floor":[75,80,80,80,80,80,80,80,80,80,80,80,80,80,80,80,80,80,80,80,80,80,80,80,80,80,80,80,80,80,80,80,80,85,85,85,85,85,85,85,85,85,85,85,85,85,85,85,85,85],"card_choices":[{"not_picked":["hermit:CalledShot","hermit:TrackingShot"],"picked":"hermit:Deadeye","floor":0.0},{"not_picked":["hermit:SprayPray","hermit:Snipe"],"picked":"hermit:Manifest","floor":1.0},{"not_picked":["hermit:HoleUp","hermit:LowProfile"],"picked":"hermit:Deadeye","floor":3.0},{"not_picked":["hermit:ItchyTrigger","hermit:Ricochet","hermit:Combo"],"picked":"SKIP","floor":4.0},{"not_picked":["hermit:Ricochet","hermit:HoleUp"],"picked":"hermit:ShadowCloak","floor":7.0},{"not_picked":["hermit:Quickdraw","hermit:PistolWhip"],"picked":"hermit:Vantage","floor":13.0},{"not_picked":["hermit:Gestalt","hermit:Ricochet"],"picked":"hermit:Brawl","floor":14.0},{"not_picked":["hermit:HighNoon","hermit:FinalCanter"],"picked":"hermit:FatalDesire","floor":16.0},{"not_picked":["hermit:Feint","hermit:TrackingShot+1"],"picked":"hermit:Showdown","floor":18.0},{"not_picked":["hermit:LuckOfTheDraw+1","hermit:Spite"],"picked":"hermit:CursedWeapon+1","floor":19.0},{"not_picked":["hermit:Coalescence","hermit:Roulette+1"],"picked":"hermit:Headshot+1","floor":21.0},{"not_picked":["hermit:Vantage+1","hermit:BodyArmor"],"picked":"hermit:Adapt","floor":22.0},{"not_picked":["hermit:TrackingShot+1","hermit:BodyArmor"],"picked":"hermit:Grudge+1","floor":24.0},{"not_picked":["hermit:Spite","hermit:Virtue"],"picked":"hermit:CursedWeapon","floor":31.0},{"not_picked":["hermit:FatalDesire","hermit:HeroicBravado"],"picked":"hermit:FinalCanter","floor":33.0},{"not_picked":["hermit:Deadeye","hermit:DeadMansHand"],"picked":"hermit:FlashPowder","floor":34.0},{"not_picked":["hermit:Dive","hermit:Scavenge+1"],"picked":"hermit:Determination+1","floor":35.0},{"not_picked":["hermit:Manifest+1","hermit:Vantage+1"],"picked":"hermit:Quickdraw","floor":36.0},{"not_picked":["hermit:Grudge+1","hermit:Cheat"],"picked":"hermit:Snipe+1","floor":39.0},{"not_picked":["hermit:TakeCover+1","hermit:Manifest+1"],"picked":"hermit:Vantage+1","floor":41.0},{"not_picked":["hermit:HoleUp","hermit:TrackingShot","hermit:ItchyTrigger"],"picked":"SKIP","floor":45.0},{"not_picked":["hermit:BodyArmor","hermit:EternalForm"],"picked":"hermit:EyeOfTheStorm+1","floor":46.0},{"not_picked":["hermit:Headshot","hermit:Enervate"],"picked":"hermit:Dive+1","floor":47.0},{"not_picked":["hermit:Desperado","hermit:Roulette+1"],"picked":"hermit:GhostlyPresence","floor":48.0}],"player_experience":656295,"relics_obtained":[{"floor":7.0,"key":"theForsaken:Gavel"},{"floor":9.0,"key":"Pantograph"},{"floor":12.0,"key":"Blood Vial"},{"floor":24.0,"key":"Ornamental Fan"},{"floor":26.0,"key":"Oddly Smooth Stone"},{"floor":28.0,"key":"Red Mask"},{"floor":36.0,"key":"Lizard Tail"},{"floor":43.0,"key":"Pen Nib"}],"event_choices":[{"damage_healed":0.0,"max_hp_gain":5.0,"max_hp_loss":0.0,"gold_gain":0.0,"event_name":"Big Fish","player_choice":"Donut","floor":2.0,"gold_loss":0.0,"damage_taken":0.0},{"damage_healed":0.0,"max_hp_gain":0.0,"max_hp_loss":0.0,"gold_gain":0.0,"cards_transformed":["hermit:Strike_Hermit"],"event_name":"Living Wall","player_choice":"Change","floor":5.0,"gold_loss":0.0,"damage_taken":0.0,"cards_obtained":["hermit:SprayPray"]},{"damage_healed":0.0,"max_hp_gain":0.0,"max_hp_loss":0.0,"gold_gain":0.0,"event_name":"Scrap Ooze","player_choice":"Success","floor":10.0,"gold_loss":0.0,"damage_taken":7.0,"relics_obtained":["Regal Pillow"]},{"damage_healed":0.0,"max_hp_gain":0.0,"max_hp_loss":0.0,"gold_gain":0.0,"event_name":"Cursed Tome","player_choice":"Ignored","floor":20.0,"gold_loss":0.0,"damage_taken":0.0},{"damage_healed":0.0,"max_hp_gain":0.0,"max_hp_loss":0.0,"gold_gain":99.0,"event_name":"Nest","player_choice":"Stole From Cult","floor":27.0,"gold_loss":0.0,"damage_taken":0.0},{"damage_healed":0.0,"max_hp_gain":0.0,"max_hp_loss":0.0,"gold_gain":0.0,"event_name":"Masked Bandits","player_choice":"Fought Bandits","floor":28.0,"gold_loss":0.0,"damage_taken":0.0},{"cards_removed":["hermit:Adapt"],"damage_healed":0.0,"max_hp_gain":0.0,"max_hp_loss":0.0,"gold_gain":0.0,"event_name":"Wheel of Change","player_choice":"Card Removal","floor":30.0,"gold_loss":0.0,"damage_taken":0.0},{"damage_healed":0.0,"max_hp_gain":0.0,"max_hp_loss":0.0,"gold_gain":0.0,"event_name":"Mysterious Sphere","player_choice":"Fight","floor":36.0,"gold_loss":0.0,"damage_taken":0.0},{"cards_removed":["hermit:Vantage"],"damage_healed":0.0,"max_hp_gain":0.0,"max_hp_loss":0.0,"gold_gain":0.0,"event_name":"Falling","player_choice":"Removed Skill","floor":37.0,"gold_loss":0.0,"damage_taken":0.0}],"is_beta":false,"boss_relics":[{"not_picked":["Runic Pyramid","hermit:DentedPlate"],"picked":"Cursed Key"},{"not_picked":["Coffee Dripper","Pandora\u0027s Box"],"picked":"Tiny House"}],"items_purged_floors":[],"is_endless":false,"potions_floor_spawned":[3,7,19,24,28,31,35,36,41,46],"ascension_level":0}}