{"host":"a484oiac96svwyi6","time":1608616699,"event":{"mods":["2.2 Compatiblity","AchievementEnabler","Act Like it!","Astrologer","BaseMod","Better Altar","Better Match","Better Sensory Stone","Better Skull","Better Third Choice","Better-Laid Plans","BetterRewards","Block Reminder","Clawfect","Colored Map","Colored Powertips","Conjunction","Conspire","Custom Start","Dio Mod","Displayed Cursed Tome","Duelist Mod","GifTheSpireLib","Gold Saver","Googly Eyes","Hallownest","Hubris","Infinite Spire","Ironclad Rager","Jorbs\u0027s Wanderer Trilogy","Melee Mod","Menagerie","Minty Spire (QoL Compilation)","Quick Restart","RNG Fix","Random Character Button","Relic Filter","Relic Sorter","Relic Stats","Replay The Spire","Retaliation","Shop Mod","Small Relic Pack","Spikes Relics","Spire Birthday Party","StSLib","Stuff the Spire","SuperFastMode","The Fake Hero","The Necromancer","The Poker Player","TheHero","Transform Curses","Uncapped","Virulent Crown","[JumpMod]????","everything is the same but u backflip on backflip","vexMod"],"gold_per_floor":[56528,56528,56528,56538,55864,55891,55891,55904,55904,55919,55919,55947,55494,55519,55519,55593,55593,55607,55623,55623,55623,55643,55643,55659,55659,55705,55715,55114,55114,55041,55054,55054,55130,55130,55150,55175,54432,54432,54432,54432,54432,54490,54558,54558,54583,54606,54581,54604,54604,54604],"floor_reached":51,"playtime":13409,"items_purged":[],"score":1651,"play_id":"82fd06d7-747a-43e9-b3be-60ae94767128","local_time":"20201222005818","is_ascension_mode":true,"campfire_choices":[{"floor":7.0,"key":"REST"},{"floor":11.0,"key":"REST"},{"data":"dioMod:DoubleTime","floor":15.0,"key":"SMITH"},{"floor":23.0,"key":"REST"},{"data":"dioMod:MudaMudaMuda","floor":25.0,"key":"SMITH"},{"data":"dioMod:DoubleTime","floor":32.0,"key":"SMITH"},{"data":"dioMod:TheWalk","floor":40,"key":"SMITH"},{"data":"dioMod:DaggerToss","floor":44,"key":"SMITH"},{"data":"dioMod:DoubleTime","floor":49,"key":"SMITH"}],"circlet_count":0,"master_deck":["AscendersBane","dioMod:Strike","dioMod:Strike","dioMod:Strike","dioMod:Strike","Bite","dioMod:Defend","dioMod:Defend","dioMod:Defend","dioMod:Defend","dioMod:Hiss","dioMod:Hiss","dioMod:BloodShield","dioMod:MudaMudaMuda+1","dioMod:Muda","dioMod:SecretPlan","dioMod:FlyAway","dioMod:FlyAway","dioMod:DoubleTime+1","dioMod:DaggerToss","Conjunction:Offense","Conjunction:Defense","dioMod:TheWalk+1","dioMod:FlyAway","dioMod:BloodShield","dioMod:TripleThreat","Pot Of Greed","Pot Of Greed","Pot Of Greed","dioMod:Minions","dioMod:MudaMudaMuda","dioMod:DominatingPresence","dioMod:Hiss","dioMod:Minions","dioMod:VengefulMuda","dioMod:Muda","dioMod:Freeze","Pot Of Greed","dioMod:TripleThreat+1","dioMod:ComboFever","dioMod:ComboFever","dioMod:DoubleTime+1","dioMod:PathToHeaven","dioMod:TripleThreat+1","dioMod:MudaMudaMuda+1","Replay:Dark Deal","Replay:Dark Deal","dioMod:DaggerToss+1","hubris:DuctTapeCard","dioMod:MudaMudaMuda","Pot Of Greed","dioMod:GoldVial","dioMod:DoubleTime+1","dioMod:FlyAway+1","dioMod:DaggerToss"],"relics":["dioMod:VampireBlood","HowToJump","Pen Nib","vexMod:InvisibilityCloak","BargainBundle","infinitespire:PuzzleCube","MerchantsRug","Eternal Feather","FossilizedHelix","Orichalcum","HandDrill","Conjunction:SoulLantern","Toy Ornithopter","Bloody Idol","Blood Vial","Grinning Jar","Juzu Bracelet","Blue Doll","Orrery","vexMod:MysteryBossChallenge","Runic Dome","vexMod:HeadHunter","CeramicFish","Cauldron","hubris:DuctTape","Replay:Baseball","HornCleat","Replay:Bottled Steam"],"acts_visited":["Exordium","TheCity","TheBeyond"],"potions_floor_usage":[37,50],"damage_taken":[{"damage":15.0,"enemies":"Cultist","floor":1.0,"turns":5.0},{"damage":14.0,"enemies":"Jaw Worm","floor":4.0,"turns":3.0},{"damage":36.0,"enemies":"Replay:BlueRogue","floor":6.0,"turns":7.0},{"damage":7.0,"enemies":"Small Slimes","floor":8.0,"turns":4.0},{"damage":7.0,"enemies":"Gremlin Gang","floor":10.0,"turns":4.0},{"damage":11.0,"enemies":"3 Sentries","floor":12.0,"turns":8.0},{"damage":27.0,"enemies":"Gremlin Nob","floor":14.0,"turns":6.0},{"damage":41.0,"enemies":"The Guardian","floor":16.0,"turns":11.0},{"damage":0.0,"enemies":"Chosen","floor":18.0,"turns":2.0},{"damage":0.0,"enemies":"3 Byrds","floor":19.0,"turns":2.0},{"damage":6.0,"enemies":"conspire:HollyBat","floor":22.0,"turns":6.0},{"damage":5.0,"enemies":"Shelled Parasite and Fungi","floor":24.0,"turns":2.0},{"damage":6.0,"enemies":"Chosen and Byrds","floor":27.0,"turns":4.0},{"damage":19.0,"enemies":"Centurion and Healer","floor":31.0,"turns":5.0},{"damage":63.0,"enemies":"Pondfish","floor":33.0,"turns":13.0},{"damage":59,"enemies":"3 Shapes","floor":35,"turns":3},{"damage":23,"enemies":"conspire:MimicChest","floor":36,"turns":4},{"damage":1,"enemies":"R_Hoarder","floor":42,"turns":5},{"damage":0,"enemies":"Orb Walker","floor":45,"turns":2},{"damage":0,"enemies":"Spire Growth","floor":46,"turns":1},{"damage":18,"enemies":"Sphere and 2 Shapes","floor":48,"turns":3},{"damage":2,"enemies":"hubris:GrandSnecko","floor":50,"turns":3}],"seed_played":"-2359770557293426941","potions_obtained":[{"floor":1.0,"key":"DDmod:CleansePotion"},{"floor":4.0,"key":"Venom Potion"},{"floor":10.0,"key":"FairyPotion"},{"floor":37,"key":"EntropicBrew"},{"floor":37,"key":"Block Potion"}],"is_trial":false,"path_per_floor":["M","?","?","M","$","E","R","M","T","M","R","E","$","E","R","B",null,"M","M","?","?","M","R","M","R","T","M","$","?","$","M","R","B",null,"M","?","$","?","?","R","?","E","T","R","M","M","?","M","R_BF","B",null],"character_chosen":"THE_DEFAULT","items_purchased":["Pen Nib","vexMod:InvisibilityCloak","BargainBundle","infinitespire:PuzzleCube","dioMod:MudaMudaMuda","dioMod:Muda","Swift Strike","dioMod:SecretPlan","dioMod:FlyAway","MerchantsRug","HandDrill","Conjunction:SoulLantern","Juzu Bracelet","Blue Doll","dioMod:MudaMudaMuda","dioMod:DominatingPresence","Orrery","dioMod:TripleThreat+1","dioMod:ComboFever","Replay:Dark Deal","dioMod:DaggerToss","CeramicFish","Cauldron","hubris:DuctTape"],"campfire_rested":3,"item_purchase_floors":[0,5,5,5,5,5,5,5,5,5,13,13,28,28,28,28,28,30,30,37,37,37,37,37],"current_hp_per_floor":[57,57,57,48,48,19,49,50,50,57,70,69,69,46,58,28,60,65,70,17,17,25,61,70,70,70,70,70,70,70,62,70,36,62,21,29,39,39,39,66,66,70,70,70,70,70,70,65,70,70],"gold":54604,"neow_bonus":"","is_daily":false,"chose_seed":false,"campfire_upgraded":6,"win_rate":0.0,"timestamp":1608616698,"path_taken":["M","?","?","M","$","E","R","M","T","M","R","E","$","E","R","BOSS","M","M","?","?","?","R","M","R","T","M","$","?","?","M","R","BOSS","M","?","$","?","?","R","?","E","T","R","M","M","?","M","R_BF","BOSS"],"items_purchased_type":["Relic","Relic","Relic","Relic","Card","Card","Card","Card","Card","Relic","Relic","Relic","Relic","Relic","Card","Card","Relic","Card","Card","Card","Card","Relic","Relic","Relic"],"build_version":"2020-12-13","purchased_purges":0,"victory":true,"max_hp_per_floor":[70,70,70,70,70,70,70,70,70,70,70,70,70,70,70,70,70,70,70,70,70,70,70,70,70,70,70,70,70,70,70,70,70,70,70,70,70,70,70,70,70,70,70,70,70,70,70,70,70,70],"relic_stats":{"Blood Vial":23,"counters":[70,295],"Bloody Idol":47,"CeramicFish":198,"Eternal Feather":88,"Pen Nib":[27],"HandDrill":[16],"Juzu Bracelet":1,"Orichalcum":[162],"obtain_stats":[{"Spirit Poop":22,"StuffTheSpire:BottledEssence":0,"Sling":0,"Blood Vial":26,"vexMod:InvisibilityCloak":0,"infinitespire:ShieldingShard":0,"HandDrill":0,"Replay:Bottled Steam":0,"MerchantsRug":5,"Eternal Feather":0,"StuffTheSpire:Wildfire":0,"Pen Nib":0,"infinitespire:Magic Flask":0,"Akabeko":0,"dioMod:VampireBlood":0,"StuffTheSpire:MayFlowers":0,"infinitespire:Broken Mirror":0,"Bird Faced Urn":0,"Unceasing Top":0,"hubris:Reverence":30,"vexMod:PlasmaPancake":0,"Regal Pillow":0,"Torii":0,"hubris:EmptyBottle":0,"Ancient Tea Set":9,"Pet Ghost":3,"conspire:InfiniteJournal":0,"StuffTheSpire:Gunfinga":0,"Toolbox":0,"hubris:CuriousFeather":0,"Chemical X":0,"Replay:Bottled Eggs":0,"InkBottle":0,"Potion Belt":40,"Lee\u0027s Waffle":0,"hubris:64BitClover":0,"PreservedInsect":15,"Replay:Arrowhead":2,"StuffTheSpire:Mouthbags":0,"Ornamental Fan":0,"Art of War":0,"SpikesRelics:DaevaFist":0,"Garlic":0,"Durian":0,"conspire:DeflatedDodgeball":0,"Ice Cream":0,"ShockBauble":37,"conspire:RoyalGoblet":21,"Gremlin Horn":0,"Centennial Puzzle":43,"Prayer Wheel":0,"Iron Hammer":3,"LugNut":0,"Girya":0,"hubris:DuctTape":0,"vexMod:PaidLearning":0,"OrangePellets":0,"conspire:GiftBox":0,"Onion Ring":0,"hubris:PeanutButter":0,"StuffTheSpire:PointBlank":0,"infinitespire:EmpoweringShard":0,"Mirror":0,"StuffTheSpire:OldFever":19,"Juzu Bracelet":0,"Replay:Mystery Machine":6,"vexMod:Spyglass":0,"conspire:TopHat":0,"Dream Catcher":27,"Nunchaku":11,"hubris:Icosahedron":4,"MiniBlackHole":0,"StuffTheSpire:Nightcore":0,"Guide Book":0,"infinitespire:FocusingShard":0,"Replay:WaspNest":0,"hubris:MedicalManual":0,"vexMod:FocusSash":41,"Medical Kit":0,"Mercury Hourglass":0,"vexMod:Dragonfruit":0,"Strange Spoon":0,"Cauldron":37,"Pondfish Scales":0,"vexMod:BarristanHead":0,"infinitespire:Satchel":45,"StuffTheSpire:CocoNut":0,"Bag of Marbles":0,"Membership Card":2,"FossilizedHelix":0,"hubris:OldNail":0,"infinitespire:BottledMercury":31,"Golden Egg":0,"vexMod:MemoryStick":42,"Conjunction:SoulLantern":13,"Whetstone":0,"Ginger":0,"Boot":0,"relicPack:OneForAll":19,"Replay:Ringing Soul":0,"ZombieTooth":0,"vexMod:CardConverter":0,"infinitespire:Golems Mask":0,"Kunai":0,"conspire:TreasureMap":0,"Pear":9,"GiantMaggot":0,"Counterbalance":0,"hubris:SphereOfDissonance":42,"vexMod:MysteryBossChallenge":34,"Runic Dome":34,"hubris:TenFootPole":10,"infinitespire:PuzzleCube":0,"WizardHat":0,"Lantern":0,"hubris:Metronome":0,"RoseTintedShades":0,"Blue Doll":0,"Rawhide":0,"StuffTheSpire:EmeraldSignet":0,"Bag of Preparation":45,"Replay:Multitool":0,"HeavenlyBonsai":0,"Replay:Rubber Ducky":0,"Shovel":0,"Matryoshka":0,"hubris:ScarierMask":34,"Replay:Lucky Slots":0,"hubris:FunFungus":0,"StuffTheSpire:RedRose":2,"BicycleWheel":0,"hubris:GlazedTorus":0,"StuffTheSpire:TintedRock":0,"StuffTheSpire:Saxophone":0,"StuffTheSpire:Expresso":0,"Thread and Needle":28,"infinitespire:Joker Card":0,"Omamori":0,"infinitespire:CheckeredPen":0,"Frozen Egg 2":0,"Bloody Idol":20,"Orrery":28,"Turnip":0,"Bottled Lightning":0,"ReplayTheSpireMod:Lightbulb":0,"Toy Ornithopter":0,"CeramicFish":0,"Vajra":0,"Lizard Tail":0,"SpikesRelics:ToyHorsey":8,"HornCleat":0,"DollysMirror":41,"conspire:DecoderRing":6,"Strawberry":0,"Toxic Egg 2":0,"vexMod:RetaliationKit":0,"conspire:Dentures":0,"Happy Flower":0,"vexMod:ScavengeHelm":0,"Oddly Smooth Stone":0,"infinitespire:Beetle Shell":31,"Letter Opener":49,"Replay:Kaleidoscope":0,"War Paint":0,"Question Card":0,"Bottled Flame":0,"Replay:Baseball":0,"ReplayTheSpireMod:Shallot":0,"Shuriken":0,"Bronze Scales":0,"Molten Egg 2":26,"Simple Rune":0,"StuffTheSpire:DarkSteelAnvil":0,"Black Star":17,"ReplayTheSpireMod:TigerMarble":0,"hubris:ToyBattleship":0,"Grinning Jar":21,"Meat on the Bone":0,"ReplayFunnel":0,"Darkstone Periapt":0,"SnailShell":0,"RetroEgg":0,"Mango":0,"BrokenLever":0,"hubris:SlimyHat":0,"ClockworkSouvenir":0,"Frozen Eye":0,"Replay:Bandana":0,"Mummified Hand":0,"Pantograph":9,"StuffTheSpire:HeavyRock":0,"Tiny Chest":0,"RollingBoulder":0,"StuffTheSpire:Tea":0,"Gremlin Food":0,"BargainBundle":0,"ReplayTheSpireMod:Ninjato":0,"HowToJump":0,"Replay:Towering Pillar of Hats":0,"Quantum Egg":0,"SuspiciousGoo":0,"Orichalcum":12,"White Beast Statue":14,"Anchor":0,"CaptainsWheel":0,"infinitespire:WardingShard":0,"vexMod:HeadHunter":0,"ChewingGum":34,"Snack Pack":0,"StuffTheSpire:RubySignet":0,"TungstenRod":0},{"Spirit Poop":30,"StuffTheSpire:BottledEssence":42,"Sling":46,"Blood Vial":31,"vexMod:InvisibilityCloak":46,"infinitespire:ShieldingShard":46,"HandDrill":46,"Replay:Bottled Steam":46,"MerchantsRug":50,"Eternal Feather":46,"StuffTheSpire:Wildfire":46,"Pen Nib":46,"infinitespire:Magic Flask":46,"Akabeko":21,"dioMod:VampireBlood":0,"StuffTheSpire:MayFlowers":46,"infinitespire:Broken Mirror":46,"Bird Faced Urn":46,"Unceasing Top":46,"hubris:Reverence":33,"vexMod:PlasmaPancake":46,"Regal Pillow":46,"Torii":46,"hubris:EmptyBottle":46,"Ancient Tea Set":25,"Pet Ghost":1,"conspire:InfiniteJournal":46,"StuffTheSpire:Gunfinga":46,"Toolbox":21,"hubris:CuriousFeather":46,"Chemical X":46,"Replay:Bottled Eggs":46,"InkBottle":46,"Potion Belt":36,"Lee\u0027s Waffle":46,"hubris:64BitClover":46,"PreservedInsect":27,"Replay:Arrowhead":43,"StuffTheSpire:Mouthbags":46,"Ornamental Fan":46,"Art of War":46,"SpikesRelics:DaevaFist":46,"Garlic":46,"Durian":46,"conspire:DeflatedDodgeball":46,"Ice Cream":46,"ShockBauble":35,"conspire:RoyalGoblet":8,"Gremlin Horn":46,"Centennial Puzzle":37,"Prayer Wheel":46,"Iron Hammer":22,"LugNut":46,"Girya":46,"hubris:DuctTape":46,"vexMod:PaidLearning":46,"OrangePellets":46,"conspire:GiftBox":46,"Onion Ring":46,"hubris:PeanutButter":46,"StuffTheSpire:PointBlank":46,"infinitespire:EmpoweringShard":46,"Mirror":46,"StuffTheSpire:OldFever":29,"Juzu Bracelet":46,"Replay:Mystery Machine":2,"vexMod:Spyglass":46,"conspire:TopHat":46,"Dream Catcher":10,"Nunchaku":25,"hubris:Icosahedron":22,"MiniBlackHole":46,"StuffTheSpire:Nightcore":46,"Guide Book":46,"infinitespire:FocusingShard":46,"Replay:WaspNest":46,"hubris:MedicalManual":46,"vexMod:FocusSash":37,"Medical Kit":46,"Mercury Hourglass":46,"vexMod:Dragonfruit":46,"Strange Spoon":46,"Cauldron":65,"Pondfish Scales":46,"vexMod:BarristanHead":46,"infinitespire:Satchel":18,"StuffTheSpire:CocoNut":46,"Bag of Marbles":46,"Membership Card":43,"FossilizedHelix":46,"hubris:OldNail":46,"infinitespire:BottledMercury":12,"Golden Egg":46,"vexMod:MemoryStick":17,"Conjunction:SoulLantern":54,"Whetstone":46,"Ginger":46,"Boot":46,"relicPack:OneForAll":8,"Replay:Ringing Soul":46,"ZombieTooth":46,"vexMod:CardConverter":46,"infinitespire:Golems Mask":46,"Kunai":46,"conspire:TreasureMap":46,"Pear":45,"GiantMaggot":46,"Counterbalance":46,"hubris:SphereOfDissonance":17,"vexMod:MysteryBossChallenge":63,"Runic Dome":63,"hubris:TenFootPole":25,"infinitespire:PuzzleCube":46,"WizardHat":46,"Lantern":46,"hubris:Metronome":46,"RoseTintedShades":42,"Blue Doll":46,"Rawhide":46,"StuffTheSpire:EmeraldSignet":46,"Bag of Preparation":18,"Replay:Multitool":46,"HeavenlyBonsai":46,"Replay:Rubber Ducky":46,"Shovel":21,"Matryoshka":46,"hubris:ScarierMask":13,"Replay:Lucky Slots":46,"hubris:FunFungus":46,"StuffTheSpire:RedRose":22,"BicycleWheel":46,"hubris:GlazedTorus":46,"StuffTheSpire:TintedRock":46,"StuffTheSpire:Saxophone":46,"StuffTheSpire:Expresso":46,"Thread and Needle":32,"infinitespire:Joker Card":46,"Omamori":46,"infinitespire:CheckeredPen":46,"Frozen Egg 2":42,"Bloody Idol":58,"Orrery":61,"Turnip":46,"Bottled Lightning":46,"ReplayTheSpireMod:Lightbulb":46,"Toy Ornithopter":46,"CeramicFish":46,"Vajra":46,"Lizard Tail":46,"SpikesRelics:ToyHorsey":25,"HornCleat":46,"DollysMirror":16,"conspire:DecoderRing":24,"Strawberry":46,"Toxic Egg 2":46,"vexMod:RetaliationKit":46,"conspire:Dentures":46,"Happy Flower":46,"vexMod:ScavengeHelm":46,"Oddly Smooth Stone":46,"infinitespire:Beetle Shell":12,"Letter Opener":41,"Replay:Kaleidoscope":46,"War Paint":46,"Question Card":46,"Bottled Flame":46,"Replay:Baseball":46,"ReplayTheSpireMod:Shallot":46,"Shuriken":46,"Bronze Scales":46,"Molten Egg 2":10,"Simple Rune":46,"StuffTheSpire:DarkSteelAnvil":46,"Black Star":7,"ReplayTheSpireMod:TigerMarble":42,"hubris:ToyBattleship":46,"Grinning Jar":8,"Meat on the Bone":46,"ReplayFunnel":46,"Darkstone Periapt":46,"SnailShell":46,"RetroEgg":46,"Mango":46,"BrokenLever":46,"hubris:SlimyHat":46,"ClockworkSouvenir":46,"Frozen Eye":46,"Replay:Bandana":46,"Mummified Hand":46,"Pantograph":4,"StuffTheSpire:HeavyRock":46,"Tiny Chest":46,"RollingBoulder":46,"StuffTheSpire:Tea":46,"Gremlin Food":46,"BargainBundle":42,"ReplayTheSpireMod:Ninjato":46,"HowToJump":0,"Replay:Towering Pillar of Hats":46,"Quantum Egg":21,"SuspiciousGoo":46,"Orichalcum":54,"White Beast Statue":6,"Anchor":46,"CaptainsWheel":46,"infinitespire:WardingShard":46,"vexMod:HeadHunter":46,"ChewingGum":34,"Snack Pack":46,"StuffTheSpire:RubySignet":46,"TungstenRod":46},{"Spirit Poop":146,"StuffTheSpire:BottledEssence":175,"Sling":190,"Blood Vial":148,"vexMod:InvisibilityCloak":190,"infinitespire:ShieldingShard":190,"HandDrill":190,"Replay:Bottled Steam":190,"MerchantsRug":200,"Eternal Feather":190,"StuffTheSpire:Wildfire":190,"Pen Nib":190,"infinitespire:Magic Flask":190,"Akabeko":118,"dioMod:VampireBlood":0,"StuffTheSpire:MayFlowers":190,"infinitespire:Broken Mirror":190,"Bird Faced Urn":190,"Unceasing Top":190,"hubris:Reverence":154,"vexMod:PlasmaPancake":190,"Regal Pillow":190,"Torii":190,"hubris:EmptyBottle":190,"Ancient Tea Set":129,"Pet Ghost":4,"conspire:InfiniteJournal":190,"StuffTheSpire:Gunfinga":190,"Toolbox":118,"hubris:CuriousFeather":190,"Chemical X":190,"Replay:Bottled Eggs":190,"InkBottle":190,"Potion Belt":160,"Lee\u0027s Waffle":190,"hubris:64BitClover":190,"PreservedInsect":131,"Replay:Arrowhead":176,"StuffTheSpire:Mouthbags":190,"Ornamental Fan":190,"Art of War":190,"SpikesRelics:DaevaFist":190,"Garlic":190,"Durian":190,"conspire:DeflatedDodgeball":190,"Ice Cream":190,"ShockBauble":159,"conspire:RoyalGoblet":42,"Gremlin Horn":190,"Centennial Puzzle":161,"Prayer Wheel":190,"Iron Hammer":121,"LugNut":190,"Girya":190,"hubris:DuctTape":190,"vexMod:PaidLearning":190,"OrangePellets":190,"conspire:GiftBox":190,"Onion Ring":190,"hubris:PeanutButter":190,"StuffTheSpire:PointBlank":190,"infinitespire:EmpoweringShard":190,"Mirror":190,"StuffTheSpire:OldFever":143,"Juzu Bracelet":190,"Replay:Mystery Machine":10,"vexMod:Spyglass":190,"conspire:TopHat":190,"Dream Catcher":52,"Nunchaku":129,"hubris:Icosahedron":121,"MiniBlackHole":190,"StuffTheSpire:Nightcore":190,"Guide Book":190,"infinitespire:FocusingShard":190,"Replay:WaspNest":190,"hubris:MedicalManual":190,"vexMod:FocusSash":161,"Medical Kit":190,"Mercury Hourglass":190,"vexMod:Dragonfruit":190,"Strange Spoon":190,"Cauldron":281,"Pondfish Scales":190,"vexMod:BarristanHead":190,"infinitespire:Satchel":99,"StuffTheSpire:CocoNut":190,"Bag of Marbles":190,"Membership Card":176,"FossilizedHelix":190,"hubris:OldNail":190,"infinitespire:BottledMercury":61,"Golden Egg":190,"vexMod:MemoryStick":91,"Conjunction:SoulLantern":223,"Whetstone":190,"Ginger":190,"Boot":190,"relicPack:OneForAll":42,"Replay:Ringing Soul":190,"ZombieTooth":190,"vexMod:CardConverter":190,"infinitespire:Golems Mask":190,"Kunai":190,"conspire:TreasureMap":190,"Pear":184,"GiantMaggot":190,"Counterbalance":190,"hubris:SphereOfDissonance":91,"vexMod:MysteryBossChallenge":274,"Runic Dome":274,"hubris:TenFootPole":129,"infinitespire:PuzzleCube":190,"WizardHat":190,"Lantern":190,"hubris:Metronome":190,"RoseTintedShades":175,"Blue Doll":190,"Rawhide":190,"StuffTheSpire:EmeraldSignet":190,"Bag of Preparation":99,"Replay:Multitool":190,"HeavenlyBonsai":190,"Replay:Rubber Ducky":190,"Shovel":118,"Matryoshka":190,"hubris:ScarierMask":73,"Replay:Lucky Slots":190,"hubris:FunFungus":190,"StuffTheSpire:RedRose":121,"BicycleWheel":190,"hubris:GlazedTorus":190,"StuffTheSpire:TintedRock":190,"StuffTheSpire:Saxophone":190,"StuffTheSpire:Expresso":190,"Thread and Needle":150,"infinitespire:Joker Card":190,"Omamori":190,"infinitespire:CheckeredPen":190,"Frozen Egg 2":175,"Bloody Idol":244,"Orrery":256,"Turnip":190,"Bottled Lightning":190,"ReplayTheSpireMod:Lightbulb":190,"Toy Ornithopter":190,"CeramicFish":190,"Vajra":190,"Lizard Tail":190,"SpikesRelics:ToyHorsey":129,"HornCleat":190,"DollysMirror":85,"conspire:DecoderRing":126,"Strawberry":190,"Toxic Egg 2":190,"vexMod:RetaliationKit":190,"conspire:Dentures":190,"Happy Flower":190,"vexMod:ScavengeHelm":190,"Oddly Smooth Stone":190,"infinitespire:Beetle Shell":61,"Letter Opener":169,"Replay:Kaleidoscope":190,"War Paint":190,"Question Card":190,"Bottled Flame":190,"Replay:Baseball":190,"ReplayTheSpireMod:Shallot":190,"Shuriken":190,"Bronze Scales":190,"Molten Egg 2":52,"Simple Rune":190,"StuffTheSpire:DarkSteelAnvil":190,"Black Star":37,"ReplayTheSpireMod:TigerMarble":175,"hubris:ToyBattleship":190,"Grinning Jar":42,"Meat on the Bone":190,"ReplayFunnel":190,"Darkstone Periapt":190,"SnailShell":190,"RetroEgg":190,"Mango":190,"BrokenLever":190,"hubris:SlimyHat":190,"ClockworkSouvenir":190,"Frozen Eye":190,"Replay:Bandana":190,"Mummified Hand":190,"Pantograph":15,"StuffTheSpire:HeavyRock":190,"Tiny Chest":190,"RollingBoulder":190,"StuffTheSpire:Tea":190,"Gremlin Food":190,"BargainBundle":175,"ReplayTheSpireMod:Ninjato":190,"HowToJump":0,"Replay:Towering Pillar of Hats":190,"Quantum Egg":118,"SuspiciousGoo":190,"Orichalcum":223,"White Beast Statue":24,"Anchor":190,"CaptainsWheel":190,"infinitespire:WardingShard":190,"vexMod:HeadHunter":190,"ChewingGum":158,"Snack Pack":190,"StuffTheSpire:RubySignet":190,"TungstenRod":190}],"Toy Ornithopter":5},"card_choices":[{"not_picked":["dioMod:TripleThreat","dioMod:Donut"],"picked":"dioMod:Hiss","floor":1.0},{"not_picked":["dioMod:CutDeep","dioMod:HeavyLifting"],"picked":"dioMod:BloodShield","floor":4.0},{"not_picked":["dioMod:BloodTransfusion","dioMod:DisarmingVoice"],"picked":"dioMod:FlyAway","floor":6.0},{"not_picked":["dioMod:BlendIn","dioMod:Diversion"],"picked":"dioMod:DoubleTime","floor":8.0},{"not_picked":["dioMod:BlendIn","dioMod:GoodbyeJojo"],"picked":"dioMod:Muda","floor":10.0},{"not_picked":["dioMod:BloodTransfusion","dioMod:DoubleTime"],"picked":"dioMod:DaggerToss","floor":12.0},{"not_picked":["dioMod:SecretPlan","dioMod:GoodbyeJojo","dioMod:BloodShield"],"picked":"SKIP","floor":14.0},{"not_picked":["dioMod:KonoDioDa","dioMod:RoadRoller"],"picked":"dioMod:TheWalk","floor":16.0},{"not_picked":["dioMod:SecretPlan","dioMod:VengefulMuda"],"picked":"dioMod:FlyAway","floor":18.0},{"not_picked":["dioMod:FlyAway","dioMod:BloodSuck"],"picked":"dioMod:BloodShield","floor":19.0},{"not_picked":["dioMod:VengefulMuda","dioMod:BloodShield+1"],"picked":"dioMod:TripleThreat","floor":22.0},{"not_picked":["dioMod:VengefulMuda","dioMod:BloodSuck","dioMod:FlyAway"],"picked":"SKIP","floor":24.0},{"not_picked":["dioMod:DarkRebirth","dioMod:BloodTransfusion"],"picked":"dioMod:Minions","floor":27.0},{"not_picked":["dioMod:BloodSuck","dioMod:SecretPlan"],"picked":"dioMod:Hiss","floor":28.0},{"not_picked":["dioMod:SadisticLaugh","dioMod:HeavyLifting"],"picked":"dioMod:Minions","floor":28.0},{"not_picked":["dioMod:CoffinBath","dioMod:BloodSuck"],"picked":"dioMod:VengefulMuda","floor":28.0},{"not_picked":["dioMod:WRYYY","dioMod:StreetSign+1"],"picked":"dioMod:Muda","floor":28.0},{"not_picked":["dioMod:BlendIn","dioMod:Despair"],"picked":"dioMod:Freeze","floor":28.0},{"not_picked":["dioMod:Freeze","dioMod:CoffinBath"],"picked":"dioMod:DoubleTime","floor":31.0},{"not_picked":["dioMod:Refresh","dioMod:Despair"],"picked":"dioMod:PathToHeaven","floor":33.0},{"not_picked":["dioMod:Roundabout","dioMod:WRYYY"],"picked":"dioMod:TripleThreat+1","floor":35},{"not_picked":["dioMod:DoubleTime","dioMod:TripleThreat+1"],"picked":"dioMod:MudaMudaMuda","floor":36},{"not_picked":["dioMod:Despair","dioMod:Donut"],"picked":"dioMod:MudaMudaMuda","floor":42},{"not_picked":["dioMod:RoadRoller","dioMod:PathToHeaven"],"picked":"dioMod:GoldVial","floor":42},{"not_picked":["dioMod:BlendIn","dioMod:Freeze"],"picked":"dioMod:DoubleTime","floor":45},{"not_picked":["dioMod:DaggerSpree","dioMod:WRYYY"],"picked":"dioMod:FlyAway+1","floor":46},{"not_picked":["dioMod:BloodTransfusion","dioMod:FlyAway+1"],"picked":"dioMod:DaggerToss","floor":48}],"player_experience":351642,"relics_obtained":[{"floor":6.0,"key":"Eternal Feather"},{"floor":9.0,"key":"FossilizedHelix"},{"floor":12.0,"key":"Orichalcum"},{"floor":14.0,"key":"Toy Ornithopter"},{"floor":26.0,"key":"Grinning Jar"},{"floor":36,"key":"vexMod:HeadHunter"},{"floor":42,"key":"HornCleat"},{"floor":43,"key":"Replay:Bottled Steam"}],"event_choices":[{"damage_healed":0.0,"max_hp_gain":70.0,"max_hp_loss":17.0,"gold_gain":0.0,"event_name":"betterAltar:BetterAltar","player_choice":" Idol Vial ","floor":20.0,"potions_obtained":[],"relics_lost":[],"gold_loss":0.0,"damage_taken":53.0,"relics_obtained":["Bloody Idol","Blood Vial"]},{"damage_healed":0.0,"max_hp_gain":0.0,"max_hp_loss":0.0,"gold_gain":0.0,"event_name":"The Mausoleum","player_choice":"Ignored","floor":21.0,"gold_loss":0.0,"damage_taken":0.0},{"damage_healed":0,"gold_gain":0,"player_choice":"Upgraded","damage_taken":0,"max_hp_gain":0,"max_hp_loss":0,"event_name":"Upgrade Shrine","floor":38,"gold_loss":0,"cards_upgraded":["dioMod:MudaMudaMuda"]}],"is_beta":false,"boss_relics":[{"not_picked":["Astrolabe","relicPack:ShieldShield","conspire:SeveredTorchhead"]},{"not_picked":["vexMod:DeviousBotling","Busted Crown"],"picked":"vexMod:MysteryBossChallenge"}],"items_purged_floors":[],"is_endless":false,"potions_floor_spawned":[1,4,10,16,18,22,24,35,46],"ascension_level":14}}