{"host":"lh9qfzqeqctr28d2","time":1608615508,"event":{"mods":["BaseMod","Minty Spire (QoL Compilation)","Quick Restart","Relic Stats","StSLib"],"gold_per_floor":[119,119,119,138,138,138,173,193,193,205,216,234,234,252,252,357,357,370,370,26,38,54,54,65,65,88,104,122,122,140,140,140,238,238,255,255,255],"floor_reached":36,"playtime":1252,"items_purged":[],"score":415,"play_id":"b33dd7d7-42fa-4f55-b391-607344e92bdf","local_time":"20201222133828","is_ascension_mode":true,"campfire_choices":[{"data":"Neutralize","floor":6,"key":"SMITH"},{"floor":13,"key":"REST"},{"data":"Infinite Blades","floor":15,"key":"SMITH"},{"data":"Envenom","floor":23,"key":"SMITH"},{"floor":29,"key":"REST"},{"floor":32,"key":"REST"}],"circlet_count":0,"master_deck":["Strike_G","Strike_G","Strike_G","Defend_G","Defend_G","Defend_G","Defend_G","Survivor","Neutralize+1","Dagger Spray","Accuracy","Infinite Blades+1","Cloak And Dagger","Flying Knee","Blade Dance","Backstab","Envenom+1","Escape Plan","Cloak And Dagger","Panache","Finisher"],"relics":["Ring of the Snake","NeowsBlessing","TungstenRod","Strawberry","Incense Burner","Sozu","HandDrill","Vajra","Runic Dome"],"acts_visited":["Exordium","TheCity","TheBeyond"],"potions_floor_usage":[16,16],"damage_taken":[{"damage":0,"enemies":"Small Slimes","floor":1,"turns":1},{"damage":0,"enemies":"Jaw Worm","floor":4,"turns":1},{"damage":0,"enemies":"Lagavulin","floor":7,"turns":1},{"damage":0,"enemies":"Cultist","floor":8,"turns":4},{"damage":4,"enemies":"2 Fungi Beasts","floor":10,"turns":4},{"damage":7,"enemies":"Exordium Thugs","floor":11,"turns":4},{"damage":3,"enemies":"Blue Slaver","floor":12,"turns":3},{"damage":0,"enemies":"Exordium Wildlife","floor":14,"turns":2},{"damage":33,"enemies":"The Guardian","floor":16,"turns":9},{"damage":10,"enemies":"2 Thieves","floor":18,"turns":4},{"damage":8,"enemies":"Shell Parasite","floor":21,"turns":3},{"damage":0,"enemies":"Cultist and Chosen","floor":22,"turns":3},{"damage":24,"enemies":"Centurion and Healer","floor":24,"turns":4},{"damage":18,"enemies":"Chosen and Byrds","floor":27,"turns":5},{"damage":0,"enemies":"Cultist and Chosen","floor":28,"turns":3},{"damage":16,"enemies":"Shelled Parasite and Fungi","floor":30,"turns":4},{"damage":33,"enemies":"Collector","floor":33,"turns":6},{"damage":2,"enemies":"3 Shapes","floor":35,"turns":2},{"damage":24,"enemies":"3 Darklings","floor":36,"turns":2}],"seed_played":"-5251165748729691679","potions_obtained":[{"floor":1,"key":"LiquidBronze"},{"floor":10,"key":"Regen Potion"},{"floor":11,"key":"SpeedPotion"},{"floor":16,"key":"Ancient Potion"}],"is_trial":false,"path_per_floor":["M","?","?","M","?","R","E","M","T","M","M","M","R","M","R","B",null,"M","?","$","M","M","R","M","?","T","M","M","R","M","?","R","B",null,"M","M"],"character_chosen":"THE_SILENT","items_purchased":["Panache","HandDrill"],"campfire_rested":3,"item_purchase_floors":[20,20],"current_hp_per_floor":[70,63,45,45,45,45,52,52,52,48,41,38,61,61,61,43,77,67,67,67,59,59,59,35,35,35,17,17,40,24,24,47,14,77,75,51,51],"gold":255,"neow_bonus":"THREE_ENEMY_KILL","is_daily":false,"chose_seed":false,"campfire_upgraded":3,"win_rate":0.0,"timestamp":1608615508,"path_taken":["M","?","?","M","?","R","E","M","T","?","M","?","R","M","R","BOSS","M","?","$","M","M","R","M","?","T","M","M","R","?","?","R","BOSS","M","M"],"items_purchased_type":["Card","Relic"],"build_version":"2020-12-13","purchased_purges":0,"victory":false,"max_hp_per_floor":[70,70,70,70,70,70,77,77,77,77,77,77,77,77,77,77,77,77,77,77,77,77,77,77,77,77,77,77,77,77,77,77,77,77,77,77,77],"relic_stats":{"Sozu":2,"counters":[19,64],"HandDrill":[12],"obtain_stats":[{"Sozu":17,"Runic Dome":34,"NeowsBlessing":0,"Strawberry":7,"Vajra":26,"Incense Burner":9,"HandDrill":20,"TungstenRod":3,"Ring of the Snake":0},{"Sozu":9,"Runic Dome":17,"NeowsBlessing":0,"Strawberry":3,"Vajra":13,"Incense Burner":4,"HandDrill":10,"TungstenRod":1,"Ring of the Snake":0},{"Sozu":29,"Runic Dome":61,"NeowsBlessing":0,"Strawberry":3,"Vajra":43,"Incense Burner":7,"HandDrill":33,"TungstenRod":1,"Ring of the Snake":0}],"TungstenRod":39,"Ring of the Snake":[38]},"card_choices":[{"not_picked":["Endless Agony","Underhanded Strike"],"picked":"Dagger Spray","floor":1},{"not_picked":["Finisher","Poisoned Stab"],"picked":"Accuracy","floor":4},{"not_picked":["Reflex","Deflect"],"picked":"Infinite Blades","floor":7},{"not_picked":["Expertise","Backflip"],"picked":"Cloak And Dagger","floor":8},{"not_picked":["Prepared","Footwork"],"picked":"Flying Knee","floor":10},{"not_picked":["Slice","Deflect"],"picked":"Blade Dance","floor":11},{"not_picked":["Dagger Throw","Masterful Stab"],"picked":"Backstab","floor":12},{"not_picked":["Skewer","Acrobatics","Backflip"],"picked":"SKIP","floor":14},{"not_picked":["Unload","Die Die Die"],"picked":"Envenom","floor":16},{"not_picked":["Outmaneuver+1","Deflect"],"picked":"Escape Plan","floor":18},{"not_picked":["Outmaneuver","Sucker Punch","Concentrate"],"picked":"SKIP","floor":21},{"not_picked":["Backflip","Dash","Dodge and Roll"],"picked":"SKIP","floor":22},{"not_picked":["Sucker Punch","Acrobatics","Eviscerate"],"picked":"SKIP","floor":24},{"not_picked":["Outmaneuver","PiercingWail","Dagger Spray"],"picked":"SKIP","floor":27},{"not_picked":["Flying Knee","Deadly Poison","Outmaneuver"],"picked":"SKIP","floor":28},{"not_picked":["Reflex","Flechettes"],"picked":"Finisher","floor":30},{"not_picked":["Flying Knee","Dodge and Roll+1","Bane"],"picked":"SKIP","floor":35}],"player_experience":257988,"relics_obtained":[{"floor":7,"key":"Strawberry"},{"floor":9,"key":"Incense Burner"},{"floor":26,"key":"Vajra"}],"event_choices":[{"cards_removed":["Strike_G"],"damage_healed":0,"gold_gain":0,"player_choice":"Card Removal","damage_taken":7,"max_hp_gain":0,"max_hp_loss":0,"event_name":"Golden Wing","floor":2,"gold_loss":0},{"damage_healed":0,"gold_gain":0,"player_choice":"Success","damage_taken":18,"relics_obtained":["TungstenRod"],"max_hp_gain":0,"max_hp_loss":0,"event_name":"Scrap Ooze","floor":3,"gold_loss":0},{"cards_removed":["Defend_G"],"damage_healed":0,"gold_gain":0,"player_choice":"Forget","damage_taken":0,"max_hp_gain":0,"max_hp_loss":0,"event_name":"Living Wall","floor":5,"gold_loss":0},{"damage_healed":0,"gold_gain":0,"player_choice":"Read","damage_taken":0,"max_hp_gain":0,"max_hp_loss":0,"event_name":"The Library","floor":19,"gold_loss":0,"cards_obtained":["Cloak And Dagger"]},{"cards_removed":["Strike_G"],"damage_healed":0,"gold_gain":0,"player_choice":"Purged","damage_taken":0,"max_hp_gain":0,"max_hp_loss":0,"event_name":"Purifier","floor":25,"gold_loss":0},{"damage_healed":0,"gold_gain":0,"player_choice":"Ignored","damage_taken":0,"max_hp_gain":0,"max_hp_loss":0,"event_name":"Vampires","floor":31,"gold_loss":0}],"is_beta":false,"boss_relics":[{"not_picked":["Astrolabe","Black Star"],"picked":"Sozu"},{"not_picked":["Calling Bell","Runic Pyramid"],"picked":"Runic Dome"}],"items_purged_floors":[],"is_endless":false,"potions_floor_spawned":[1,10,11,12,16,24,30],"killed_by":"3 Darklings","ascension_level":1}}