{"host":"5ty8fyb0ngp9gspj","time":1608629078,"event":{"mods":["2.2 Compatiblity","AchievementEnabler","Act Like it!","BaseMod","Colored Map","Downfall","Minty Spire (QoL Compilation)","Rare Cards Sparkle","StSLib"],"gold_per_floor":[116,128,60,60,113,113,140,155,155,95,126,1,20,34,34,135,135,151,36,46,46,46,74,74,104,149,149,178,197,197,197,197],"floor_reached":31,"playtime":977,"items_purged":["Defend_P"],"score":421,"play_id":"1b2a8500-adae-4f0c-b751-2a954d6c0360","local_time":"20201222202438","is_ascension_mode":true,"campfire_choices":[{"data":"Crescendo","floor":6,"key":"SMITH"},{"data":"Vault","floor":15,"key":"SMITH"},{"floor":24,"key":"RECALL"},{"floor":30,"key":"REST"}],"circlet_count":0,"master_deck":["Strike_P","Strike_P","Strike_P","Strike_P","Defend_P","Defend_P","Eruption","Vigilance+1","FlurryOfBlows","Crescendo+1","Conclude","Wireheading","Consecrate","FearNoEvil","Vault+1","Indignation+1","ConjureBlade","DeceiveReality+1","Weave+1","Wish","Swivel","Collect+1","FlyingSleeves+1"],"relics":["PureWater","NeowsBlessing","The Courier","Bird Faced Urn","Letter Opener","champ:Barbells","sneckomod:SneckoTalon","PreservedInsect","White Beast Statue","Peace Pipe","Damaru","Vajra"],"acts_visited":["Exordium","TheCity"],"potions_floor_usage":[11,18,31],"damage_taken":[{"damage":0,"enemies":"Cultist","floor":1,"turns":1},{"damage":0,"enemies":"Jaw Worm","floor":2,"turns":1},{"damage":0,"enemies":"Gremlin Nob","floor":7,"turns":1},{"damage":0,"enemies":"Small Slimes","floor":8,"turns":2},{"damage":0,"enemies":"3 Sentries","floor":11,"turns":2},{"damage":1,"enemies":"Exordium Thugs","floor":13,"turns":3},{"damage":7,"enemies":"Blue Slaver","floor":14,"turns":2},{"damage":0,"enemies":"Slime Boss","floor":16,"turns":6},{"damage":10,"enemies":"Chosen","floor":18,"turns":3},{"damage":0,"enemies":"2 Thieves","floor":20,"turns":1},{"damage":13,"enemies":"Gremlin Leader","floor":23,"turns":4},{"damage":12,"enemies":"Slavers","floor":25,"turns":3},{"damage":16,"enemies":"Book of Stabbing","floor":28,"turns":4},{"damage":24,"enemies":"Shelled Parasite and Fungi","floor":29,"turns":6},{"damage":24,"enemies":"3 Cultists","floor":31,"turns":2}],"seed_played":"-8327122597864963471","potions_obtained":[{"floor":2,"key":"Strength Potion"},{"floor":13,"key":"Dexterity Potion"},{"floor":14,"key":"SneckoOil"},{"floor":16,"key":"FearPotion"},{"floor":23,"key":"Dexterity Potion"}],"is_trial":false,"path_per_floor":["M","M","$","?","T","R","E","M","T","$","E","$","M","M","R","B",null,"M","$","M","?","$","E","R","E","T","?","E","M","R","M"],"character_chosen":"WATCHER","items_purchased":["Conclude","champ:Barbells","PreservedInsect"],"campfire_rested":1,"item_purchase_floors":[3,12,19],"current_hp_per_floor":[72,72,72,72,72,72,72,72,72,72,72,72,71,64,64,66,72,62,62,62,62,62,51,51,39,39,39,25,1,22,0,0],"gold":197,"neow_bonus":"THREE_ENEMY_KILL","is_daily":false,"chose_seed":false,"campfire_upgraded":2,"win_rate":0.0,"timestamp":1608629078,"path_taken":["M","?","$","?","?","R","E","M","T","?","E","$","M","M","R","BOSS","M","$","M","?","?","E","R","E","T","?","E","?","R","M"],"items_purchased_type":["Card","Relic","Relic"],"build_version":"2020-12-13","purchased_purges":1,"victory":false,"max_hp_per_floor":[72,72,72,72,72,72,72,72,72,72,72,72,72,72,72,72,72,72,72,72,72,72,72,72,72,72,72,72,72,72,72,72],"card_choices":[{"not_picked":["Crescendo","CrushJoints"],"picked":"FlurryOfBlows","floor":1},{"not_picked":["Halt","BowlingBash"],"picked":"Crescendo","floor":2},{"not_picked":["Halt","Judgement"],"picked":"Wireheading","floor":7},{"not_picked":["BowlingBash","JustLucky"],"picked":"Consecrate","floor":8},{"not_picked":["EmptyBody","LikeWater"],"picked":"FearNoEvil","floor":11},{"not_picked":["FlurryOfBlows","Conclude"],"picked":"Vault","floor":13},{"not_picked":["Fasting2","Protect"],"picked":"Indignation","floor":14},{"not_picked":["MasterReality","DevaForm"],"picked":"ConjureBlade","floor":16},{"not_picked":["PathToVictory+1","Protect"],"picked":"DeceiveReality+1","floor":18},{"not_picked":["FearNoEvil","ThirdEye","PathToVictory"],"picked":"SKIP","floor":20},{"not_picked":["FollowUp","Indignation"],"picked":"Wish","floor":23},{"not_picked":["ThirdEye","CrushJoints"],"picked":"Swivel","floor":25},{"not_picked":["CrushJoints","Wallop"],"picked":"Collect+1","floor":28},{"not_picked":["EmptyBody","Perseverance"],"picked":"FlyingSleeves+1","floor":29}],"player_experience":319206,"relics_obtained":[{"floor":7,"key":"The Courier"},{"floor":9,"key":"Bird Faced Urn"},{"floor":11,"key":"Letter Opener"},{"floor":23,"key":"White Beast Statue"},{"floor":25,"key":"Peace Pipe"},{"floor":26,"key":"Damaru"},{"floor":28,"key":"Vajra"}],"event_choices":[{"damage_healed":0,"gold_gain":0,"player_choice":"Ignored","damage_taken":0,"max_hp_gain":0,"max_hp_loss":0,"event_name":"Liars Game","floor":4,"gold_loss":0},{"damage_healed":0,"gold_gain":0,"cards_transformed":["Defend_P"],"player_choice":"Transformed","damage_taken":0,"max_hp_gain":0,"max_hp_loss":0,"event_name":"Transmorgrifier","floor":21,"gold_loss":0,"cards_obtained":["Weave"]},{"damage_healed":0,"gold_gain":0,"player_choice":"Bought 0 Potions","damage_taken":0,"max_hp_gain":0,"max_hp_loss":0,"event_name":"The Woman in Blue","floor":27,"gold_loss":0}],"is_beta":false,"boss_relics":[{"not_picked":["Busted Crown","Velvet Choker"],"picked":"sneckomod:SneckoTalon"}],"items_purged_floors":[10],"is_endless":false,"potions_floor_spawned":[2,13,14,16,20,23,25,28,29],"killed_by":"3 Cultists","ascension_level":1}}