{"host":"373g0ui1bgeshz9m","time":1608676014,"event":{"mods":["Act Like it!","Aspiration","BaseMod","Beaked The Cultist","Better Third Choice","Colored Map","Conspire","Downfall","Halation","Hermit","Hubris","Infinite Spire","Jorbs\u0027s Wanderer Trilogy","Minty Spire (QoL Compilation)","Pale of the Ancients","Permanent Neow","Quick Restart","Replay The Spire","Shade Mod","Shop Mod","Spikes Relics","StSLib","The Animator","The Bladedancer","The Bug Knight","The Construct","The Cursed","The Factory","The Florist","The Judge","The Jungle","The Necromancer","The Sage","The Wild Card","Trackpad","vexMod"],"gold_per_floor":[111,5,20,74,85,117,172,172,172,172,185,204,229,245,245,344,344,359,374,374,374,388,388,423,423,477,308,321,321,347,367,367,367,367],"floor_reached":33,"playtime":1590,"items_purged":[],"score":338,"play_id":"606fd783-7db8-4522-8266-e88090e1c40f","local_time":"20201222172654","is_ascension_mode":true,"campfire_choices":[{"data":"Cloudkill","floor":10.0,"key":"SMITH"},{"data":"Slay_Living","floor":15.0,"key":"SMITH"},{"data":"Requiem","floor":23.0,"key":"SMITH"},{"floor":25.0,"key":"REST"},{"data":"Thousand_Bone_Knives","floor":32.0,"key":"SMITH"}],"circlet_count":0,"master_deck":["Strike_W","Strike_W","Strike_W","Defend_W","Defend_W","Defend_W","Defend_W","Negative_Energy_Arrows","Bone_Wall","Slay_Living+1","Cloudkill+1","Cloudkill+1","Spectral_Armor","Uncharnel","Stop_Heart","Acid_Javelin","Bone_Prison","Vampiric_Strike","Negative_Energy_Mist","Requiem+1","Siphon_Strength","Life_Drain+1","Thousand_Bone_Knives+1","Feint","Grasp_Heart"],"relics":["Vampire_Amulet","aspiration:Nostalgia","Sizzling Blood","infinitespire:CursedDice","Eternal Feather","Mercury Hourglass","hubris:OldNail","GiantMaggot","Replay:Wax Seal","Frozen Egg 2"],"acts_visited":["Exordium","TheCity"],"potions_floor_usage":[33],"damage_taken":[{"damage":5.0,"enemies":"Jaw Worm","floor":1.0,"turns":5.0},{"damage":9.0,"enemies":"2 Louse","floor":3.0,"turns":2.0},{"damage":5.0,"enemies":"Small Slimes","floor":5.0,"turns":3.0},{"damage":20.0,"enemies":"3 Sentries","floor":6.0,"turns":6.0},{"damage":4.0,"enemies":"Gremlin Gang","floor":11.0,"turns":3.0},{"damage":15.0,"enemies":"Large Slime","floor":12.0,"turns":4.0},{"damage":32.0,"enemies":"Gremlin Nob","floor":13.0,"turns":4.0},{"damage":1.0,"enemies":"3 Louse","floor":14.0,"turns":3.0},{"damage":4.0,"enemies":"Hexaghost","floor":16.0,"turns":8.0},{"damage":23.0,"enemies":"2 Thieves","floor":18.0,"turns":4.0},{"damage":4.0,"enemies":"Chosen","floor":19.0,"turns":4.0},{"damage":11.0,"enemies":"Snake Plant","floor":22.0,"turns":4.0},{"damage":46.0,"enemies":"Gremlin Leader","floor":24.0,"turns":6.0},{"damage":12.0,"enemies":"Centurion and Healer","floor":28.0,"turns":6.0},{"damage":27.0,"enemies":"Nightmare","floor":30.0,"turns":8.0},{"damage":7.0,"enemies":"Cultist and Chosen","floor":31.0,"turns":4.0},{"damage":100,"enemies":"LordOfAnnihilation","floor":33,"turns":13}],"seed_played":"291072824277075921","potions_obtained":[{"floor":5.0,"key":"Dexterity Potion"},{"floor":11.0,"key":"LifebloodPotion"},{"floor":12.0,"key":"AttackPotion"}],"is_trial":false,"path_per_floor":["M","$","M","?","M","E","?","?","T","R","M","M","E","M","R","B",null,"M","M","?","?","M","R","E","R","T","$","M","?","NM","M","R","B"],"character_chosen":"NECROMANCER","items_purchased":["Cloudkill","Feint"],"campfire_rested":1,"item_purchase_floors":[2,27],"current_hp_per_floor":[79,79,78,78,79,69,69,69,69,78,79,72,48,57,69,75,79,64,68,68,68,69,79,43,78,78,78,79,79,64,71,79,0,0],"gold":367,"neow_bonus":"NOSTALGIA","is_daily":false,"chose_seed":false,"campfire_upgraded":4,"win_rate":0.0,"timestamp":1608676014,"path_taken":["M","$","M","?","M","E","?","?","T","R","M","?","E","M","R","BOSS","M","M","?","?","M","R","E","R","T","?","?","?","NM","M","R","BOSS"],"items_purchased_type":["Card","Card"],"build_version":"2020-12-13","purchased_purges":0,"victory":false,"max_hp_per_floor":[79,79,79,79,79,79,79,79,79,79,79,79,79,79,79,79,79,79,79,79,79,79,79,79,79,79,79,79,79,79,79,79,79,79],"card_choices":[{"not_picked":["Siphon_Strength","Blood_Is_Power"],"picked":"Slay_Living","floor":1.0},{"not_picked":["Bone_Bullets","Summon_Undead"],"picked":"Spectral_Armor","floor":3.0},{"not_picked":["Epidemic","Bones_to_Steel"],"picked":"Uncharnel","floor":5.0},{"not_picked":["Necromantic_Selection","Bones_to_Steel","Death_Coil"],"picked":"SKIP","floor":6.0},{"not_picked":["Consume_Illness","Necromantic_Selection"],"picked":"Stop_Heart","floor":7.0},{"not_picked":["Chill_Blood","Shackles_Of_Pain"],"picked":"Acid_Javelin","floor":7.0},{"not_picked":["Shade_Step","Bone_Spikes"],"picked":"Bone_Prison","floor":11.0},{"not_picked":["Negative_Energy_Javelin","Toxic_Smoke_Screen"],"picked":"Vampiric_Strike","floor":12.0},{"not_picked":["Whirlwind_of_Bones","Epidemic","Pandemic"],"picked":"SKIP","floor":13.0},{"not_picked":["Consume_Illness","Blood_for_Blood"],"picked":"Negative_Energy_Mist","floor":14.0},{"not_picked":["Hellfire","Negative_Energy_Bomb"],"picked":"Requiem","floor":16.0},{"not_picked":["Death_Coil","Finger_Of_Death"],"picked":"Siphon_Strength","floor":18.0},{"not_picked":["Death_March_Dance","Pandemic+1"],"picked":"Life_Drain+1","floor":19.0},{"not_picked":["Acid_Javelin","Exploit"],"picked":"Thousand_Bone_Knives","floor":22.0},{"not_picked":["Death_March_Dance+1","Blood_Shield","Negative_Energy_Shield+1"],"picked":"SKIP","floor":24.0},{"not_picked":["Blood_Wake","Death_Coil+1","Bone_Bullets"],"picked":"SKIP","floor":28.0},{"not_picked":["Bone_Shift+1","Scare+1"],"picked":"Grasp_Heart","floor":30.0},{"not_picked":["Negative_Energy_Javelin","Epidemic","Shade_Step"],"picked":"SKIP","floor":31.0}],"player_experience":319206,"relics_obtained":[{"floor":6.0,"key":"infinitespire:CursedDice"},{"floor":7.0,"key":"Eternal Feather"},{"floor":9.0,"key":"Mercury Hourglass"},{"floor":13.0,"key":"hubris:OldNail"},{"floor":24.0,"key":"GiantMaggot"},{"floor":26.0,"key":"Replay:Wax Seal"},{"floor":30.0,"key":"Frozen Egg 2"}],"event_choices":[{"damage_healed":0.0,"max_hp_gain":0.0,"max_hp_loss":0.0,"gold_gain":54.0,"event_name":"Golden Wing","player_choice":"Gained Gold","floor":4.0,"gold_loss":0.0,"damage_taken":0.0},{"damage_healed":0.0,"max_hp_gain":0.0,"max_hp_loss":0.0,"gold_gain":0.0,"event_name":"Accursed Blacksmith","player_choice":"Forge","floor":8.0,"gold_loss":0.0,"damage_taken":0.0,"cards_upgraded":["Cloudkill"]},{"damage_healed":0.0,"max_hp_gain":0.0,"max_hp_loss":0.0,"gold_gain":0.0,"event_name":"conspire:Investor","player_choice":"Leave","floor":20.0,"gold_loss":0.0,"damage_taken":0.0},{"cards_removed":["Strike_W"],"damage_healed":0.0,"max_hp_gain":0.0,"max_hp_loss":0.0,"gold_gain":0.0,"event_name":"Purifier","player_choice":"Purged","floor":29.0,"gold_loss":0.0,"damage_taken":0.0}],"is_beta":false,"boss_relics":[{"not_picked":["halation:PinkAlligatorPlush","vexMod:CursedCompass","Abe\u0027s Treasure"]}],"items_purged_floors":[],"is_endless":false,"potions_floor_spawned":[5,11,12,13,14,19,30,31],"killed_by":"LordOfAnnihilation","ascension_level":1}}