{"host":"y76clbnovzmw9ubx","time":1608676266,"event":{"mods":["AchievementEnabler","BaseMod","Minty Spire (QoL Compilation)","Permanent Neow","Relic Stats"],"gold_per_floor":[167,167,177,187,187,220,237,266,266,266,279,290,324,344,344,344,344],"floor_reached":16,"playtime":842,"items_purged":[],"score":248,"play_id":"d96fc1b7-3f23-4cc4-b0e3-0b37321697b6","local_time":"20201222173106","is_ascension_mode":true,"campfire_choices":[{"data":"Bash","floor":10,"key":"SMITH"},{"data":"Heavy Blade","floor":15,"key":"SMITH"}],"circlet_count":0,"master_deck":["AscendersBane","Strike_R","Strike_R","Strike_R","Strike_R","Strike_R","Defend_R","Defend_R","Defend_R+1","Defend_R","Bash+1","Pommel Strike","Second Wind","Reckless Charge","Heavy Blade+1","Battle Trance"],"relics":["Tiny House","Mango","Potion Belt","Eternal Feather"],"acts_visited":["Exordium"],"potions_floor_usage":[6,8,13,16,16],"damage_taken":[{"damage":4,"enemies":"Jaw Worm","floor":1,"turns":5},{"damage":3,"enemies":"Cultist","floor":3,"turns":4},{"damage":9,"enemies":"Small Slimes","floor":4,"turns":4},{"damage":8,"enemies":"Gremlin Nob","floor":6,"turns":3},{"damage":4,"enemies":"2 Fungi Beasts","floor":7,"turns":4},{"damage":30,"enemies":"3 Sentries","floor":8,"turns":12},{"damage":8,"enemies":"Large Slime","floor":11,"turns":6},{"damage":7,"enemies":"Looter","floor":12,"turns":3},{"damage":14,"enemies":"Lagavulin","floor":13,"turns":7},{"damage":4,"enemies":"Red Slaver","floor":14,"turns":4},{"damage":35,"enemies":"The Guardian","floor":16,"turns":8}],"seed_played":"-3902499966096036409","potions_obtained":[{"floor":0,"key":"GamblersBrew"},{"floor":3,"key":"ColorlessPotion"},{"floor":4,"key":"AttackPotion"},{"floor":7,"key":"SteroidPotion"},{"floor":12,"key":"HeartOfIron"},{"floor":14,"key":"Strength Potion"}],"is_trial":false,"path_per_floor":["M","?","M","M","?","E","M","E","T","R","M","M","E","M","R","B"],"character_chosen":"IRONCLAD","items_purchased":[],"campfire_rested":0,"item_purchase_floors":[],"current_hp_per_floor":[69,69,66,57,80,86,82,52,52,52,44,37,23,19,28,0,0],"gold":344,"neow_bonus":"BOSS_RELIC","is_daily":false,"chose_seed":false,"campfire_upgraded":2,"win_rate":0.0,"timestamp":1608676266,"path_taken":["M","?","M","M","?","E","M","E","T","R","M","M","E","M","R","BOSS"],"items_purchased_type":[],"build_version":"2020-12-13","purchased_purges":0,"victory":false,"max_hp_per_floor":[80,80,80,80,80,94,94,94,94,94,94,94,94,94,94,94,94],"relic_stats":{"counters":[11,60],"Eternal Feather":9,"obtain_stats":[{"Potion Belt":8,"Tiny House":0,"Mango":6,"Eternal Feather":13,"Burning Blood":0},{"Potion Belt":6,"Tiny House":0,"Mango":4,"Eternal Feather":9,"Burning Blood":0},{"Potion Belt":32,"Tiny House":0,"Mango":16,"Eternal Feather":48,"Burning Blood":0}]},"card_choices":[{"not_picked":["Flex","Sword Boomerang"],"picked":"Pommel Strike","floor":0},{"not_picked":["Sentinel","Pommel Strike","Havoc"],"picked":"SKIP","floor":1},{"not_picked":["Clothesline","Warcry","Thunderclap"],"picked":"SKIP","floor":3},{"not_picked":["Thunderclap","Warcry"],"picked":"Evolve","floor":4},{"not_picked":["Shrug It Off","Hemokinesis"],"picked":"Second Wind","floor":6},{"not_picked":["Entrench","Thunderclap","Exhume"],"picked":"SKIP","floor":7},{"not_picked":["Seeing Red","Dropkick","Havoc"],"picked":"SKIP","floor":8},{"not_picked":["Sword Boomerang","Warcry"],"picked":"Reckless Charge","floor":11},{"not_picked":["Clash","Headbutt","Dropkick"],"picked":"SKIP","floor":12},{"not_picked":["Berserk","Evolve"],"picked":"Heavy Blade","floor":13},{"not_picked":["Pommel Strike","Dual Wield"],"picked":"Battle Trance","floor":14}],"player_experience":2953784,"relics_obtained":[{"floor":6,"key":"Mango"},{"floor":8,"key":"Potion Belt"},{"floor":13,"key":"Eternal Feather"}],"event_choices":[{"damage_healed":0,"gold_gain":0,"player_choice":"Fled","damage_taken":0,"max_hp_gain":0,"max_hp_loss":0,"event_name":"Scrap Ooze","floor":2,"gold_loss":0},{"cards_removed":["Evolve"],"damage_healed":23,"gold_gain":0,"player_choice":"Offered Uncommon","damage_taken":0,"max_hp_gain":0,"max_hp_loss":0,"event_name":"Bonfire Elementals","floor":5,"gold_loss":0}],"is_beta":false,"boss_relics":[],"items_purged_floors":[],"is_endless":false,"potions_floor_spawned":[3,4,7,12,14],"killed_by":"The Guardian","ascension_level":20}}