{"host":"y76clbnovzmw9ubx","time":1608601523,"event":{"mods":["AchievementEnabler","BaseMod","Minty Spire (QoL Compilation)","Permanent Neow","Relic Stats"],"gold_per_floor":[364,377,101,113,13,13,24,24,24,53,109,109,109,142,142,236,236,256,256,270,294,319,352,352,352,352],"floor_reached":25,"playtime":909,"items_purged":["Strike_B","Strike_B"],"score":462,"play_id":"31f096bf-819d-4d68-939c-d32d73861c1d","local_time":"20201221204523","is_ascension_mode":true,"campfire_choices":[{"data":"Hyperbeam","floor":6,"key":"SMITH"},{"data":"Beam Cell","floor":8,"key":"SMITH"},{"data":"Leap","floor":13,"key":"SMITH"},{"data":"Melter","floor":15,"key":"SMITH"},{"floor":24,"key":"REST"}],"circlet_count":0,"master_deck":["AscendersBane","Strike_B","Defend_B","Defend_B","Defend_B","Defend_B","Zap","Dualcast","Beam Cell+1","Melter+1","Hyperbeam+1","Leap+1","Rebound+1","Go for the Eyes+1","Echo Form","Recycle","Recycle","Turbo","Hologram","Buffer"],"relics":["Cracked Core","Molten Egg 2","Mummified Hand","Bronze Scales","Golden Idol","PreservedInsect","Cursed Key","Orichalcum"],"acts_visited":["Exordium","TheCity"],"potions_floor_usage":[11,14,16],"damage_taken":[{"damage":3,"enemies":"2 Louse","floor":1,"turns":3},{"damage":16,"enemies":"Small Slimes","floor":2,"turns":4},{"damage":0,"enemies":"Cultist","floor":4,"turns":3},{"damage":0,"enemies":"Blue Slaver","floor":7,"turns":2},{"damage":10,"enemies":"3 Sentries","floor":10,"turns":3},{"damage":2,"enemies":"Gremlin Nob","floor":11,"turns":3},{"damage":10,"enemies":"Lagavulin","floor":14,"turns":3},{"damage":13,"enemies":"Hexaghost","floor":16,"turns":8},{"damage":17,"enemies":"2 Thieves","floor":18,"turns":3},{"damage":3,"enemies":"3 Byrds","floor":20,"turns":2},{"damage":0,"enemies":"Snecko","floor":21,"turns":2},{"damage":6,"enemies":"3 Cultists","floor":22,"turns":2},{"damage":10,"enemies":"Book of Stabbing","floor":23,"turns":4},{"damage":31,"enemies":"Slavers","floor":25,"turns":1}],"seed_played":"-6604844789650041844","potions_obtained":[{"floor":4,"key":"Weak Potion"},{"floor":10,"key":"PowerPotion"},{"floor":11,"key":"LiquidBronze"},{"floor":14,"key":"Explosive Potion"},{"floor":18,"key":"BlessingOfTheForge"}],"is_trial":false,"path_per_floor":["M","M","$","M","$","R","M","R","T","E","?","?","R","E","R","B",null,"M","?","M","M","M","E","R","E"],"character_chosen":"DEFECT","items_purchased":["Hyperbeam","Leap"],"campfire_rested":1,"item_purchase_floors":[3,3],"current_hp_per_floor":[61,45,45,45,45,45,45,45,45,35,33,33,33,23,23,10,46,29,29,26,26,20,10,27,0,0],"gold":352,"neow_bonus":"TWO_FIFTY_GOLD","is_daily":false,"chose_seed":false,"campfire_upgraded":4,"win_rate":0.0,"timestamp":1608601523,"path_taken":["M","M","$","M","$","R","M","R","T","E","?","?","R","E","R","BOSS","M","?","M","?","M","E","R","E"],"items_purchased_type":["Card","Card"],"build_version":"2020-12-13","purchased_purges":2,"victory":false,"max_hp_per_floor":[64,64,64,64,64,64,64,64,64,64,64,58,58,58,58,58,58,58,58,58,58,58,58,58,58,58],"relic_stats":{"counters":[14,43],"Mummified Hand":[3],"Golden Idol":50,"Bronze Scales":[94],"PreservedInsect":83,"Orichalcum":[0],"Cursed Key":0,"obtain_stats":[{"Mummified Hand":10,"Golden Idol":12,"Bronze Scales":11,"Molten Egg 2":9,"PreservedInsect":14,"Orichalcum":23,"Cracked Core":0,"Cursed Key":17},{"Mummified Hand":5,"Golden Idol":6,"Bronze Scales":6,"Molten Egg 2":4,"PreservedInsect":7,"Orichalcum":13,"Cracked Core":0,"Cursed Key":8},{"Mummified Hand":15,"Golden Idol":18,"Bronze Scales":18,"Molten Egg 2":12,"PreservedInsect":21,"Orichalcum":42,"Cracked Core":0,"Cursed Key":29}]},"card_choices":[{"not_picked":["Turbo","Gash"],"picked":"Beam Cell","floor":1},{"not_picked":["White Noise","Conserve Battery"],"picked":"Melter","floor":2},{"not_picked":["Gash","Conserve Battery","Heatsinks"],"picked":"SKIP","floor":4},{"not_picked":["Streamline","Barrage","Aggregate"],"picked":"SKIP","floor":7},{"not_picked":["Hologram","Beam Cell+1"],"picked":"Rebound+1","floor":10},{"not_picked":["Conserve Battery","Coolheaded"],"picked":"Go for the Eyes+1","floor":14},{"not_picked":["Biased Cognition","Electrodynamics"],"picked":"Echo Form","floor":16},{"not_picked":["Streamline+1","Loop"],"picked":"Recycle","floor":18},{"not_picked":["Conserve Battery","Storm"],"picked":"Turbo","floor":20},{"not_picked":["Beam Cell+1","Aggregate"],"picked":"Hologram","floor":21},{"not_picked":["Rip and Tear+1","Barrage+1"],"picked":"Buffer","floor":22},{"not_picked":["Gash+1","Heatsinks","Cold Snap+1"],"picked":"SKIP","floor":23}],"player_experience":2947744,"relics_obtained":[{"floor":9,"key":"Molten Egg 2"},{"floor":10,"key":"Mummified Hand"},{"floor":11,"key":"Bronze Scales"},{"floor":14,"key":"PreservedInsect"},{"floor":23,"key":"Orichalcum"}],"event_choices":[{"damage_healed":0,"gold_gain":0,"player_choice":"Searched \u00271\u0027 times","damage_taken":0,"max_hp_gain":0,"max_hp_loss":0,"event_name":"Dead Adventurer","floor":11,"gold_loss":0},{"damage_healed":0,"gold_gain":0,"player_choice":"Lose Max HP","damage_taken":0,"relics_obtained":["Golden Idol"],"max_hp_gain":0,"max_hp_loss":6,"event_name":"Golden Idol","floor":12,"gold_loss":0},{"damage_healed":0,"gold_gain":0,"cards_transformed":["Strike_B"],"player_choice":"Transformed","damage_taken":0,"max_hp_gain":0,"max_hp_loss":0,"event_name":"Transmorgrifier","floor":19,"gold_loss":0,"cards_obtained":["Recycle"]}],"is_beta":false,"boss_relics":[{"not_picked":["Ectoplasm","Busted Crown"],"picked":"Cursed Key"}],"items_purged_floors":[3,5],"is_endless":false,"potions_floor_spawned":[4,10,11,14,18,20],"killed_by":"Slavers","ascension_level":20}}