{"host":"kgj3hkp928synzkd","time":1608661441,"event":{"mods":["2.2 Compatiblity","A Magickal Journey","AchievementEnabler","Act Like it!","AlwaysNeverKeys","BaseMod","Better Altar","Better Match","Better Note","Better Sensory Stone","Better Synergies","Better Third Choice","Better Vampires","Block Reminder","Colored Map","Colored Powertips","Conspire","Curses Come First","Disable Question Mark Monsters","Downfall","GifTheSpireLib","Googly Eyes","Gremlin Skip","GungeonMod","Hallownest","Infinite Spire","Luminous","Marisa????????","Marked Mod","Minty Spire (QoL Compilation)","Permanent Neow","Quick Restart","Random Character Button","Rare Cards Sparkle","Replay The Spire","Spicy Shops","StSLib","SuperFastMode","The Bug Knight","The Exalted","Uncapped"],"gold_per_floor":[214,214,289,289,308,308,343,343,343,343,343,361,389,409,409,507,507,518,518,529,373,390,418,418,448,473,490,490,490,490,501,501,596,596,608,883,522,537,549,549,272,288,288,288,308,308,308,308,308,308,308],"floor_reached":50,"playtime":2907,"items_purged":["Regret"],"score":513,"play_id":"c971c53c-e1bf-4039-8ea7-9e158f9a306e","local_time":"20201222132401","is_ascension_mode":false,"campfire_choices":[{"floor":6,"key":"REST"},{"floor":8,"key":"REST"},{"floor":15,"key":"REST"},{"floor":24,"key":"REST"},{"floor":28,"key":"REST"},{"data":"HollowMod:SlysStrikes","floor":32,"key":"SMITH"},{"floor":40,"key":"REST"},{"floor":44,"key":"RECALL"},{"data":"HollowMod:SoulVessel","floor":49,"key":"SMITH"}],"circlet_count":0,"master_deck":["HollowMod:NailStrikeStart","HollowMod:NailStrikeStart","HollowMod:NailStrikeStart","HollowMod:NailStrikeStart","HollowMod:QuickDashStart","HollowMod:QuickDashStart","HollowMod:QuickDashStart","HollowMod:QuickDashStart","HollowMod:FocusHealStart+1","HollowMod:PogoStrike","HollowMod:DashSlash","HollowMod:HornetsHelp","HollowMod:SoulShaman","HollowMod:SoulVessel+1","HollowMod:SharpenedNail","HollowMod:SlysStrikes+1","HollowMod:DoubleDash+1","HollowMod:GoodIntentions","HollowMod:LifebloodCocoon+1","HollowMod:HeavyBlow+1","HollowMod:CycloneSlash","Parasite","Doubt"],"relics":["HollowMod:VesselMask","WarpedTongs","Meat on the Bone","Question Card","Strawberry","DemoMod:OrangeGuonStone","Sozu","Juzu Bracelet","MealTicket","Toxic Egg 2","Bag of Marbles","Replay:Baseball","Ice Cream","Membership Card","Singing Bowl"],"acts_visited":["Exordium","TheCity","TheBeyond"],"potions_floor_usage":[23,23,35],"damage_taken":[{"damage":3,"enemies":"Jaw Worm","floor":1,"turns":4},{"damage":24,"enemies":"Small Slimes","floor":5,"turns":6},{"damage":40,"enemies":"Gremlin Nob","floor":7,"turns":5},{"damage":4,"enemies":"Cultist","floor":12,"turns":4},{"damage":45,"enemies":"Lagavulin","floor":13,"turns":12},{"damage":5,"enemies":"2 Fungi Beasts","floor":14,"turns":3},{"damage":27,"enemies":"HollowMod:FalseKnight","floor":16,"turns":11},{"damage":24,"enemies":"2 Thieves","floor":18,"turns":4},{"damage":25,"enemies":"HollowMod:HuskSentry","floor":20,"turns":5},{"damage":5,"enemies":"conspire:HollyBat","floor":22,"turns":7},{"damage":58,"enemies":"Gremlin Leader","floor":23,"turns":7},{"damage":29,"enemies":"conspire:SneckoGhost","floor":25,"turns":10},{"damage":3,"enemies":"Snecko","floor":27,"turns":6},{"damage":3,"enemies":"Chosen and Byrds","floor":31,"turns":6},{"damage":26,"enemies":"HollowMod:NKGrimm","floor":33,"turns":14},{"damage":23,"enemies":"3 Darklings","floor":35,"turns":6},{"damage":8,"enemies":"3 Shapes","floor":38,"turns":5},{"damage":20,"enemies":"Transient","floor":39,"turns":5},{"damage":28,"enemies":"Sphere and 2 Shapes","floor":42,"turns":6},{"damage":25,"enemies":"Writhing Mass","floor":45,"turns":8},{"damage":90,"enemies":"conspire:OrnateMirror","floor":50,"turns":14}],"seed_played":"-1734465717833340986","potions_obtained":[{"floor":7,"key":"LiquidMemories"},{"floor":12,"key":"Death Potion"},{"floor":13,"key":"hexamod:EctoCoolerPotion"},{"floor":16,"key":"FearPotion"}],"is_trial":false,"path_per_floor":["M","$","?","?","M","R","E","R","T","?","?","M","E","M","R","B",null,"M","T","M","$","M","E","R","E","T","M","R","AVR","?","M","R","B",null,"M","?","$","M","M","R","$","M","T","R","M","?","?","?","R","B"],"character_chosen":"THE_BUGKNIGHT","items_purchased":["MealTicket","Ice Cream","Membership Card","Singing Bowl"],"campfire_rested":6,"item_purchase_floors":[21,37,41,41],"current_hp_per_floor":[75,75,64,64,50,72,32,54,54,54,61,63,42,49,73,58,82,58,58,45,45,52,16,40,29,29,38,62,62,62,65,65,49,82,65,65,80,72,58,82,82,56,56,56,45,86,86,86,86,0,0],"gold":308,"neow_bonus":"HUNDRED_GOLD","is_daily":false,"chose_seed":false,"campfire_upgraded":2,"win_rate":0.0,"timestamp":1608661441,"path_taken":["M","$","?","?","?","R","E","R","T","?","?","M","E","M","R","BOSS","M","?","M","$","M","E","R","E","T","M","R","AVR","?","M","R","BOSS","M","?","$","M","M","R","$","M","T","R","M","?","?","?","R","BOSS"],"items_purchased_type":["Relic","Relic","Relic","Relic"],"build_version":"2020-12-13","purchased_purges":1,"victory":false,"max_hp_per_floor":[75,75,75,75,75,75,75,75,75,75,82,82,82,82,82,82,82,82,82,82,82,82,82,82,82,82,82,82,82,82,82,82,82,82,82,82,82,82,82,82,82,84,84,84,86,86,86,86,86,86,86],"card_choices":[{"not_picked":["HollowMod:CoiledNail","HollowMod:HowlingWraiths","HollowMod:HuntersJournal"],"picked":"SKIP","floor":1},{"not_picked":["HollowMod:LifebloodCocoon","HollowMod:SoulEater"],"picked":"HollowMod:DashSlash","floor":5},{"not_picked":["HollowMod:ShadowDash","HollowMod:SoulVessel"],"picked":"HollowMod:HornetsHelp","floor":7},{"not_picked":["HollowMod:SharpenedShadows","HollowMod:PureNailStrike","HollowMod:ShadowDash"],"picked":"HollowMod:SoulShaman","floor":12},{"not_picked":["HollowMod:MothsMistake","HollowMod:InfectedAttack","HollowMod:RecoilStrike"],"picked":"HollowMod:SoulVessel","floor":13},{"not_picked":["HollowMod:TaintedHusks","HollowMod:BlackTendrils","HollowMod:InfectedCysts"],"picked":"HollowMod:SharpenedNail","floor":14},{"not_picked":["HollowMod:MidwifesHunger","HollowMod:Hiveblood","HollowMod:SoulMaster"],"picked":"HollowMod:SlysStrikes","floor":16},{"not_picked":["HollowMod:DesolateDive","HollowMod:DreamGate","HollowMod:InfectionAssault","HollowMod:CornifersMapStart"],"picked":"SKIP","floor":18},{"not_picked":["HollowMod:SharpenedNail","HollowMod:RecoilStrike+1","HollowMod:HowlingWraiths"],"picked":"HollowMod:DoubleDash+1","floor":20},{"not_picked":["HollowMod:DungDefenderAura","HollowMod:NewLittleFool","HollowMod:HowlingWraiths"],"picked":"HollowMod:GoodIntentions","floor":22},{"not_picked":["HollowMod:SharpenedNail","HollowMod:CornifersMapStart+1","HollowMod:DashSlash"],"picked":"HollowMod:LifebloodCocoon+1","floor":23},{"not_picked":["HollowMod:SoulSplash+1","HollowMod:HornetsHelp","HollowMod:DescendingDark"],"picked":"HollowMod:HeavyBlow+1","floor":25},{"not_picked":["HollowMod:GoodIntentions+1","HollowMod:GreatSlash","HollowMod:NewJinnsSoul+1"],"picked":"HollowMod:CycloneSlash","floor":27},{"not_picked":["HollowMod:VengefulVoid+1","HollowMod:QuirrelsAssistance","HollowMod:LifebloodCocoon+1","HollowMod:ZotesMagnificence"],"picked":"SKIP","floor":31},{"not_picked":["HollowMod:HeavyBlow","HollowMod:WraithStrike+1","HollowMod:NewLittleFool+1","HollowMod:CornifersMapStart+1"],"picked":"SKIP","floor":35},{"not_picked":["HollowMod:GrimmsGift+1","HollowMod:CoiledNail","HollowMod:SiblingsShadow+1","HollowMod:DashSlash+1"],"picked":"SKIP","floor":38},{"not_picked":["HollowMod:CloakDash+1","HollowMod:CoiledNail+1","HollowMod:BrokenVessel+1","HollowMod:InfectedCysts+1"],"picked":"SKIP","floor":39},{"not_picked":["HollowMod:InfectedCysts+1","HollowMod:ElderbugsWisdom","HollowMod:SharpenedNail+1","HollowMod:GoodIntentions+1"],"picked":"Singing Bowl","floor":42},{"not_picked":["HollowMod:CoiledNail","HollowMod:SoulSplash+1","HollowMod:LifebloodCocoon+1","HollowMod:ShadowDash+1"],"picked":"Singing Bowl","floor":45}],"player_experience":288547,"relics_obtained":[{"floor":7,"key":"Meat on the Bone"},{"floor":9,"key":"Question Card"},{"floor":13,"key":"DemoMod:OrangeGuonStone"},{"floor":19,"key":"Juzu Bracelet"},{"floor":23,"key":"Toxic Egg 2"},{"floor":25,"key":"Bag of Marbles"},{"floor":26,"key":"Replay:Baseball"}],"event_choices":[{"damage_healed":0,"gold_gain":75,"player_choice":"Gold","damage_taken":11,"max_hp_gain":0,"max_hp_loss":0,"event_name":"betterThird:BetterGoop","floor":3,"gold_loss":0},{"damage_healed":0,"gold_gain":0,"player_choice":"Rummage","damage_taken":0,"relics_obtained":["WarpedTongs"],"max_hp_gain":0,"max_hp_loss":0,"event_name":"Accursed Blacksmith","floor":4,"gold_loss":0,"cards_obtained":["Pain"]},{"damage_healed":0,"gold_gain":0,"player_choice":"Gave Potion","damage_taken":0,"relics_obtained":["Strawberry"],"max_hp_gain":0,"max_hp_loss":0,"event_name":"WeMeetAgain","floor":11,"gold_loss":0},{"cards_removed":["Pain"],"damage_healed":0,"gold_gain":0,"player_choice":"Purged","damage_taken":0,"max_hp_gain":0,"max_hp_loss":0,"event_name":"Purifier","floor":30,"gold_loss":0},{"damage_healed":0,"gold_gain":275,"player_choice":"Desecrate","damage_taken":0,"max_hp_gain":0,"max_hp_loss":0,"event_name":"Golden Shrine","floor":36,"gold_loss":0,"cards_obtained":["Regret"]},{"damage_healed":41,"gold_gain":0,"player_choice":"Heal","damage_taken":0,"max_hp_gain":0,"max_hp_loss":0,"event_name":"MindBloom","floor":46,"gold_loss":0,"cards_obtained":["Doubt"]},{"damage_healed":0,"gold_gain":0,"player_choice":"Got Potions","damage_taken":0,"max_hp_gain":0,"max_hp_loss":0,"event_name":"Lab","floor":48,"gold_loss":0}],"is_beta":false,"boss_relics":[{"not_picked":["Replay:Wanted Poster","Cursed Key"],"picked":"Sozu"},{"not_picked":["ReplayTheSpireMod:SealedPack","Velvet Choker","SacredBark"]}],"items_purged_floors":[37],"is_endless":false,"potions_floor_spawned":[7,12,13,16,20,22,33,38,45],"killed_by":"conspire:OrnateMirror","ascension_level":0}}