{"host":"yk6rxbjfjo5kivd3","time":1608677347,"event":{"mods":["BaseMod","Downfall","Googly Eyes","GungeonMod","Hermit","Lobotomy","Minty Spire (QoL Compilation)","Potionbrewer","Replay The Spire","Robot Space Explorer","StSLib","The Blackbeard","The Cursed","The Disciple","The Hierophant","The Necromancer","The Runesmith","The Servant 0.9.4"],"gold_per_floor":[99,99,24,199,199,226,226,226,245,245,255,284,302,402,414,515,515,515,532,546,37,37,37,60,60,85,85,112,112,112,147,147,147,147],"floor_reached":32,"playtime":2576,"items_purged":["Slimebound:Tackle","Doubt"],"score":248,"play_id":"31cbd1ed-9891-4593-8f20-3520d45fd311","local_time":"20201223024907","is_ascension_mode":false,"campfire_choices":[{"data":"Slimebound:CorrosiveSpit","floor":1,"key":"SMITH"},{"data":"Slimebound:ProtectTheBoss","floor":10,"key":"SMITH"},{"floor":18,"key":"RECALL"},{"data":"Slimebound:Replication","floor":25,"key":"SMITH"},{"data":"Slimebound:LeechEnergy","floor":25,"key":"SMITH"},{"data":"Slimebound:Split","floor":30,"key":"SMITH"},{"data":"Slimebound:RainOfGoop","floor":30,"key":"SMITH"}],"circlet_count":0,"master_deck":["Slimebound:Strike_Slimebound+1","Slimebound:Strike_Slimebound+1","Slimebound:Defend_Slimebound","Slimebound:Defend_Slimebound","Slimebound:Defend_Slimebound","Slimebound:Defend_Slimebound","Slimebound:Split+1","Slimebound:CorrosiveSpit+1","Slimebound:RainOfGoop+1","Slimebound:DisruptingSlam","Slimebound:SlimeSpikes","Slimebound:ProtectTheBoss+1","Slimebound:SamplingLick","Slimebound:SelfFormingGoo+1","Slimebound:SplitBruiser","Slimebound:Repurpose","Slimebound:MassRepurpose","Slimebound:LeechEnergy+1","Slimebound:Replication+1","Slimebound:Equalize+1","Slimebound:SplitMire","Delirium","Slimebound:Gluttony+1","Slimebound:PressTheAttack+1","Slimebound:Overexert"],"relics":["Slimebound:AbsorbEndCombat","downfall:HeartsMalice","ReplayTheSpireMod:Shallot","Whetstone","Philosopher\u0027s Stone","Membership Card","Replay:Arrowhead","Ancient Tea Set","MutagenicStrength","ReplayTheSpireMod:Ring of Challenge","ReplayTheSpireMod:Ring of Collecting","Omamori","ReplayTheSpireMod:Ring of Addiction","SacredBark","Chameleon Ring","Anchor"],"acts_visited":["Exordium","TheCity"],"potions_floor_usage":[12,12,16,16,16,20,26,26,26,28,28,28,28,31],"damage_taken":[{"damage":0,"enemies":"Cultist","floor":2,"turns":1},{"damage":0,"enemies":"downfall:FleeingMerchant","floor":3,"turns":1},{"damage":0,"enemies":"Small Slimes","floor":5,"turns":1},{"damage":9,"enemies":"Replay:BlueRogue","floor":6,"turns":8},{"damage":4,"enemies":"Jaw Worm","floor":9,"turns":3},{"damage":4,"enemies":"Blue Slaver","floor":11,"turns":4},{"damage":15,"enemies":"Lagavulin","floor":12,"turns":10},{"damage":14,"enemies":"Lots of Slimes","floor":13,"turns":3},{"damage":4,"enemies":"2 Fungi Beasts","floor":15,"turns":2},{"damage":57,"enemies":"downfall:Ironclad","floor":16,"turns":12},{"damage":21,"enemies":"Chosen","floor":19,"turns":6},{"damage":36,"enemies":"3 Byrds","floor":20,"turns":7},{"damage":13,"enemies":"downfall:FleeingMerchant","floor":21,"turns":4},{"damage":19,"enemies":"Centurion and Healer","floor":26,"turns":4},{"damage":12,"enemies":"Snake Plant","floor":28,"turns":4},{"damage":65,"enemies":"3 Cultists","floor":31,"turns":6},{"damage":43,"enemies":"Snecko","floor":32,"turns":4}],"seed_played":"6168646616825057153","potions_obtained":[{"floor":6,"key":"BlessingOfTheForge"},{"floor":11,"key":"Weak Potion"},{"floor":12,"key":"Ancient Potion"},{"floor":13,"key":"potionbrewer:HastePotion"},{"floor":15,"key":"potionbrewer:DiscountPotion"},{"floor":16,"key":"Swift Potion"},{"floor":24,"key":"Explosive Potion"},{"floor":26,"key":"potionbrewer:SplittingPotion"},{"floor":28,"key":"LifebloodPotion"}],"is_trial":false,"path_per_floor":["R","M","$","?","M","E","T","?","M","R","M","E","M","?","M","B",null,"R","M","M","$","?","?","T","R","M","?","M","?","R","M","M"],"character_chosen":"SLIMEBOUND","items_purchased":["Membership Card","Replay:Arrowhead","Ancient Tea Set","champ:CounterPotion","FearPotion","Slimebound:SplitMire"],"campfire_rested":0,"item_purchase_floors":[21,21,21,21,21,21],"current_hp_per_floor":[60,60,60,60,60,60,60,60,60,60,60,53,49,49,53,31,60,60,51,41,50,50,50,50,50,47,47,60,54,54,19,0,0,0],"gold":147,"neow_bonus":"THREE_ENEMY_KILL","is_daily":false,"chose_seed":false,"campfire_upgraded":6,"win_rate":0.0,"timestamp":1608677347,"path_taken":["R","M","$","?","M","E","T","?","M","R","?","E","M","?","M","BOSS","R","M","M","$","?","?","T","R","M","?","?","?","R","M","M"],"items_purchased_type":["Relic","Relic","Relic","Potion","Potion","Card"],"build_version":"2020-12-13","purchased_purges":2,"victory":false,"max_hp_per_floor":[60,60,60,60,60,60,60,60,60,60,60,60,60,60,60,60,60,60,60,60,60,60,60,60,60,60,60,60,60,60,60,60,60,60],"card_choices":[{"not_picked":["Slimebound:RollThrough","Slimebound:PressTheAttack"],"picked":"Slimebound:RainOfGoop","floor":2},{"not_picked":["Slimebound:Chomp","Slimebound:LeechingTouch"],"picked":"Slimebound:DisruptingSlam","floor":3},{"not_picked":["Slimebound:ComboTackle","Slimebound:ViciousTackle"],"picked":"Slimebound:SlimeSpikes","floor":5},{"not_picked":["Slimebound:TongueLash","Slimebound:Gluttony"],"picked":"Slimebound:ProtectTheBoss","floor":6},{"not_picked":["Slimebound:RollThrough","Slimebound:FinishingTackle","Slimebound:PressTheAttack"],"picked":"SKIP","floor":9},{"not_picked":["Slimebound:LivingWall","Slimebound:PressTheAttack"],"picked":"Slimebound:SamplingLick","floor":11},{"not_picked":["Slimebound:LevelUp","Slimebound:SplitAcid"],"picked":"Slimebound:SelfFormingGoo","floor":12},{"not_picked":["Slimebound:RollThrough","Slimebound:LeechEnergy"],"picked":"Slimebound:SplitBruiser","floor":13},{"not_picked":["Slimebound:PressTheAttack","Slimebound:TongueLash"],"picked":"Slimebound:Repurpose","floor":15},{"not_picked":["Slimebound:LeechLife","Slimebound:SelfFormingGoo"],"picked":"Slimebound:MassRepurpose","floor":16},{"not_picked":["Slimebound:RollThrough+1","Slimebound:Schlurp+1"],"picked":"Slimebound:LeechEnergy","floor":19},{"not_picked":["Slimebound:ViciousTackle","Slimebound:GoopSpray"],"picked":"Slimebound:Replication","floor":20},{"not_picked":["Slimebound:Schlurp","Slimebound:LivingWall"],"picked":"Slimebound:Equalize+1","floor":21},{"not_picked":["Slimebound:PressTheAttack","Slimebound:SplitLeeching"],"picked":"Slimebound:Gluttony+1","floor":26},{"not_picked":["Slimebound:GoopSpray","Slimebound:ForwardTackle"],"picked":"Slimebound:PressTheAttack+1","floor":28},{"not_picked":["Slimebound:Prepare","Slimebound:PressTheAttack"],"picked":"Slimebound:Overexert","floor":31}],"player_experience":1262870,"relics_obtained":[{"floor":6,"key":"ReplayTheSpireMod:Shallot"},{"floor":12,"key":"Whetstone"},{"floor":23,"key":"ReplayTheSpireMod:Ring of Challenge"},{"floor":23,"key":"ReplayTheSpireMod:Ring of Collecting"},{"floor":24,"key":"Omamori"},{"floor":24,"key":"ReplayTheSpireMod:Ring of Addiction"},{"floor":24,"key":"SacredBark"},{"floor":24,"key":"Chameleon Ring"}],"event_choices":[{"damage_healed":0,"gold_gain":0,"player_choice":"Inject Mutagens","damage_taken":0,"relics_obtained":["MutagenicStrength"],"max_hp_gain":0,"max_hp_loss":0,"event_name":"Drug Dealer","floor":22,"gold_loss":0},{"damage_healed":0,"gold_gain":0,"player_choice":"Upgraded","damage_taken":0,"max_hp_gain":0,"max_hp_loss":0,"event_name":"Upgrade Shrine","floor":27,"gold_loss":0,"cards_upgraded":["Slimebound:SelfFormingGoo"]},{"damage_healed":0,"gold_gain":0,"player_choice":"Anchor","damage_taken":0,"relics_obtained":["Anchor"],"max_hp_gain":0,"max_hp_loss":0,"event_name":"blackbeard:ShipwreckEvent","floor":29,"gold_loss":0}],"is_beta":false,"boss_relics":[{"not_picked":["Painkiller Herb","Honey Jar"],"picked":"Philosopher\u0027s Stone"}],"items_purged_floors":[3,21],"is_endless":false,"potions_floor_spawned":[6,11,12,13,15,16,26,28],"killed_by":"Snecko","ascension_level":0}}