{"host":"h0xw20cia6ppa69g","time":1608633582,"event":{"mods":["AchievementEnabler","BaseMod","Colored Map","Filter the Spire","Googly Eyes","Minty Spire (QoL Compilation)","Relic Stats","StSLib","The Awakened One except there are too many feathers","everything is the same but u backflip on backflip"],"gold_per_floor":[112,112,112,127,127,127,139,172,249,284,297,297,307,307,307,407,407,420,270,287,301,301,301,329,341,341,341,366,29,29,42,42,146,146,161,1160,1187,1203,1203,1231,1258,1258,1281,1281,1309,607,636,57,57,57,57,57,8,41,41],"floor_reached":56,"playtime":2860,"items_purged":["Normality","Normality"],"score":1514,"play_id":"bbf2ca00-945f-402e-8b51-97f61fd364fd","local_time":"20201222043942","is_ascension_mode":true,"campfire_choices":[{"data":"Spot Weakness","floor":6.0,"key":"SMITH"},{"data":"Havoc","floor":15.0,"key":"SMITH"},{"data":"Havoc","floor":23.0,"key":"SMITH"},{"data":"Blood for Blood","floor":32.0,"key":"PURGE"},{"floor":42.0,"key":"RECALL"},{"data":"Evolve","floor":44.0,"key":"SMITH"},{"data":"Demon Form","floor":49.0,"key":"SMITH"},{"data":"Feel No Pain","floor":52.0,"key":"SMITH"}],"circlet_count":0,"master_deck":["Bash","Pummel","Warcry","Spot Weakness+1","Metallicize","Evolve+1","True Grit","Havoc+1","True Grit","Burning Pact","Offering","Bludgeon","Havoc+1","Impervious","Reaper","Disarm","Body Slam+1","Havoc+1","Havoc+1","Flame Barrier","Shrug It Off+1","Second Wind","Shockwave","Cleave","Exhume","Spot Weakness+1","Demon Form+1","Feel No Pain+1","Shockwave","PanicButton","Feel No Pain+1","Burning Pact","Panache"],"relics":["Burning Blood","Dead Branch","HornCleat","Blood Vial","Pantograph","Peace Pipe","Pandora\u0027s Box","Orrery","Enchiridion","Tiny Chest","Letter Opener","Toy Ornithopter","WingedGreaves","Coffee Dripper","Bag of Preparation","Pear","Vajra","Art of War","Magic Flower","Sling","Akabeko","ClockworkSouvenir","Orichalcum"],"acts_visited":["Exordium","TheCity","TheBeyond","TheEnding"],"potions_floor_usage":[55,55],"damage_taken":[{"damage":5.0,"enemies":"2 Louse","floor":1.0,"turns":3.0},{"damage":5.0,"enemies":"Small Slimes","floor":4.0,"turns":4.0},{"damage":6.0,"enemies":"Jaw Worm","floor":7.0,"turns":3.0},{"damage":0.0,"enemies":"Gremlin Nob","floor":8.0,"turns":3.0},{"damage":15.0,"enemies":"Lagavulin","floor":10.0,"turns":5.0},{"damage":3.0,"enemies":"Looter","floor":11.0,"turns":3.0},{"damage":10.0,"enemies":"Large Slime","floor":13.0,"turns":7.0},{"damage":32.0,"enemies":"Slime Boss","floor":16.0,"turns":7.0},{"damage":6.0,"enemies":"Shell Parasite","floor":18.0,"turns":3.0},{"damage":6.0,"enemies":"Chosen","floor":20.0,"turns":5.0},{"damage":11.0,"enemies":"Centurion and Healer","floor":21.0,"turns":5.0},{"damage":22.0,"enemies":"Slavers","floor":24.0,"turns":4.0},{"damage":16.0,"enemies":"Shelled Parasite and Fungi","floor":25.0,"turns":4.0},{"damage":6.0,"enemies":"Book of Stabbing","floor":28.0,"turns":6.0},{"damage":0.0,"enemies":"Snecko","floor":31.0,"turns":6.0},{"damage":15.0,"enemies":"Champ","floor":33.0,"turns":7.0},{"damage":10.0,"enemies":"Orb Walker","floor":35.0,"turns":2.0},{"damage":6.0,"enemies":"3 Darklings","floor":38.0,"turns":3.0},{"damage":9.0,"enemies":"Nemesis","floor":40.0,"turns":9.0},{"damage":6.0,"enemies":"Giant Head","floor":41.0,"turns":4.0},{"damage":10.0,"enemies":"Nemesis","floor":45.0,"turns":5.0},{"damage":15.0,"enemies":"Reptomancer","floor":47.0,"turns":6.0},{"damage":11.0,"enemies":"Donu and Deca","floor":50.0,"turns":6.0},{"damage":6.0,"enemies":"Shield and Spear","floor":54.0,"turns":4.0},{"damage":79,"enemies":"The Heart","floor":55,"turns":7}],"seed_played":"-6152867208938828008","potions_obtained":[{"floor":1.0,"key":"Energy Potion"},{"floor":7.0,"key":"AttackPotion"},{"floor":10.0,"key":"DistilledChaos"},{"floor":11.0,"key":"Fire Potion"},{"floor":25.0,"key":"FearPotion"},{"floor":40.0,"key":"Weak Potion"}],"is_trial":false,"path_per_floor":["M","?","?","M","T","R","M","E","T","E","M","?","M","?","R","B",null,"M","$","M","M","?","R","E","M","T","?","E","$","?","M","R","B",null,"M","?","T","M","?","E","E","R","T","R","E","$","E","$","R","B",null,"R","$","E","B",null],"character_chosen":"IRONCLAD","items_purchased":["Orrery","WingedGreaves","Shockwave","Shockwave","PanicButton","Magic Flower","Sling","SteroidPotion","ClockworkSouvenir","Feel No Pain","Burning Pact","Panache","FearPotion"],"campfire_rested":0,"item_purchase_floors":[19,29,29,46,46,46,46,46,48,48,48,48,53],"current_hp_per_floor":[57,57,57,58,58,58,58,64,64,57,62,67,65,65,65,59,85,85,85,85,85,69,69,55,47,47,47,68,68,68,85,85,81,85,81,81,81,85,85,95,95,95,95,95,91,91,89,89,89,95,95,95,95,95,88],"gold":41,"neow_bonus":"ONE_RARE_RELIC","is_daily":false,"chose_seed":false,"campfire_upgraded":6,"win_rate":0.0,"timestamp":1608633582,"path_taken":["M","?","?","M","?","R","M","E","T","E","M","?","M","?","R","BOSS","M","$","M","M","?","R","E","M","T","?","E","$","?","M","R","BOSS","M","?","?","?","?","E","E","R","T","R","E","$","E","$","R","BOSS","R","$","E","BOSS"],"items_purchased_type":["Relic","Relic","Card","Card","Card","Relic","Relic","Potion","Relic","Card","Card","Card","Potion"],"build_version":"2020-12-13","purchased_purges":2,"victory":true,"max_hp_per_floor":[80,80,80,80,80,80,80,80,80,80,80,85,85,85,85,85,85,85,85,85,85,85,85,85,85,85,85,85,85,85,85,85,85,85,85,85,85,85,85,95,95,95,95,95,95,95,95,95,95,95,95,95,95,95,95],"relic_stats":{"counters":[25,121],"Dead Branch":[369],"Magic Flower":[27],"Bag of Preparation":[16],"Letter Opener":[315],"Orichalcum":[0],"Burning Blood":124,"Blood Vial":19,"Peace Pipe":3,"Pantograph":26,"Pandora\u0027s Box":["Bludgeon","Sever Soul","Havoc","Impervious","Reaper","Bludgeon","Rupture"],"Tiny Chest":1,"Art of War":[5],"obtain_stats":[{"Pear":40,"Dead Branch":0,"Enchiridion":22,"Vajra":41,"Magic Flower":46,"Bag of Preparation":37,"Letter Opener":26,"Orichalcum":54,"Sling":46,"Burning Blood":0,"Akabeko":47,"ClockworkSouvenir":48,"Blood Vial":8,"Peace Pipe":10,"HornCleat":5,"Pantograph":9,"Orrery":19,"Pandora\u0027s Box":17,"Tiny Chest":24,"WingedGreaves":29,"Coffee Dripper":34,"Art of War":45,"Toy Ornithopter":28},{"Pear":19,"Dead Branch":0,"Enchiridion":11,"Vajra":20,"Magic Flower":21,"Bag of Preparation":17,"Letter Opener":13,"Orichalcum":24,"Sling":21,"Burning Blood":0,"Akabeko":22,"ClockworkSouvenir":22,"Blood Vial":4,"Peace Pipe":5,"HornCleat":2,"Pantograph":4,"Orrery":9,"Pandora\u0027s Box":8,"Tiny Chest":12,"WingedGreaves":14,"Coffee Dripper":16,"Art of War":21,"Toy Ornithopter":14},{"Pear":89,"Dead Branch":0,"Enchiridion":48,"Vajra":93,"Magic Flower":98,"Bag of Preparation":77,"Letter Opener":56,"Orichalcum":114,"Sling":98,"Burning Blood":0,"Akabeko":104,"ClockworkSouvenir":104,"Blood Vial":13,"Peace Pipe":18,"HornCleat":7,"Pantograph":13,"Orrery":38,"Pandora\u0027s Box":35,"Tiny Chest":52,"WingedGreaves":62,"Coffee Dripper":75,"Art of War":98,"Toy Ornithopter":62}],"Toy Ornithopter":8},"card_choices":[{"not_picked":["Ghostly Armor","Flame Barrier"],"picked":"Pummel","floor":1.0},{"not_picked":["Flex","Rupture"],"picked":"Spot Weakness","floor":4.0},{"not_picked":["Thunderclap","Rampage"],"picked":"Metallicize","floor":7.0},{"not_picked":["Shrug It Off","Dual Wield"],"picked":"Evolve","floor":8.0},{"not_picked":["Heavy Blade","Rupture"],"picked":"True Grit","floor":10.0},{"not_picked":["Cleave","Heavy Blade"],"picked":"Havoc","floor":11.0},{"not_picked":["Spot Weakness","Anger"],"picked":"True Grit","floor":13.0},{"not_picked":["Barricade","Bludgeon"],"picked":"Offering","floor":16.0},{"not_picked":["Carnage","Fire Breathing","Pommel Strike"],"picked":"SKIP","floor":18.0},{"not_picked":["Pommel Strike","Perfected Strike"],"picked":"Disarm","floor":19.0},{"not_picked":["Burning Pact","Shrug It Off"],"picked":"Body Slam+1","floor":19.0},{"not_picked":["Anger","Bloodletting"],"picked":"Havoc+1","floor":19.0},{"not_picked":["Combust","Iron Wave+1"],"picked":"Havoc+1","floor":19.0},{"not_picked":["Warcry+1","Double Tap"],"picked":"Flame Barrier","floor":19.0},{"not_picked":["Pommel Strike+1","Cleave+1","Thunderclap"],"picked":"SKIP","floor":20.0},{"not_picked":["Perfected Strike","Clash","Sword Boomerang"],"picked":"SKIP","floor":21.0},{"not_picked":["Brutality","Battle Trance","Thunderclap"],"picked":"SKIP","floor":24.0},{"not_picked":["Flex","Anger"],"picked":"Shrug It Off+1","floor":25.0},{"not_picked":["Clothesline","Thunderclap+1"],"picked":"Second Wind","floor":28.0},{"not_picked":["Wild Strike","Blood for Blood","Body Slam"],"picked":"SKIP","floor":31.0},{"not_picked":["Impervious","Bludgeon"],"picked":"Exhume","floor":33.0},{"not_picked":["Clothesline","Clash+1"],"picked":"Spot Weakness+1","floor":35.0},{"not_picked":["Wild Strike","Iron Wave","Battle Trance"],"picked":"SKIP","floor":38.0},{"not_picked":["Flex+1","Sword Boomerang"],"picked":"Demon Form","floor":40.0},{"not_picked":["Anger+1","Limit Break"],"picked":"Feel No Pain+1","floor":41.0},{"not_picked":["Flex+1","Clash+1","Cleave+1"],"picked":"SKIP","floor":45.0},{"not_picked":["Rupture+1","Twin Strike","Anger+1"],"picked":"SKIP","floor":47.0},{"not_picked":["Ghostly Armor","Flex","Wild Strike"],"picked":"SKIP","floor":54.0}],"player_experience":3533803,"relics_obtained":[{"floor":5.0,"key":"HornCleat"},{"floor":8.0,"key":"Blood Vial"},{"floor":9.0,"key":"Pantograph"},{"floor":10.0,"key":"Peace Pipe"},{"floor":22.0,"key":"Enchiridion"},{"floor":24.0,"key":"Tiny Chest"},{"floor":26.0,"key":"Letter Opener"},{"floor":28.0,"key":"Toy Ornithopter"},{"floor":37.0,"key":"Bag of Preparation"},{"floor":40.0,"key":"Pear"},{"floor":41.0,"key":"Vajra"},{"floor":45.0,"key":"Art of War"},{"floor":47.0,"key":"Akabeko"},{"floor":54.0,"key":"Orichalcum"}],"event_choices":[{"damage_healed":0.0,"max_hp_gain":0.0,"max_hp_loss":0.0,"gold_gain":0.0,"event_name":"Liars Game","player_choice":"Ignored","floor":2.0,"gold_loss":0.0,"damage_taken":0.0},{"damage_healed":0.0,"max_hp_gain":0.0,"max_hp_loss":0.0,"gold_gain":0.0,"cards_transformed":["Strike_R"],"event_name":"Living Wall","player_choice":"Change","floor":3.0,"gold_loss":0.0,"damage_taken":0.0,"cards_obtained":["Warcry"]},{"damage_healed":0.0,"max_hp_gain":5.0,"max_hp_loss":0.0,"gold_gain":0.0,"event_name":"Big Fish","player_choice":"Donut","floor":12.0,"gold_loss":0.0,"damage_taken":0.0},{"damage_healed":0.0,"max_hp_gain":0.0,"max_hp_loss":0.0,"gold_gain":0.0,"cards_transformed":["Strike_R"],"event_name":"Transmorgrifier","player_choice":"Transformed","floor":14.0,"gold_loss":0.0,"damage_taken":0.0,"cards_obtained":["Burning Pact"]},{"damage_healed":0.0,"max_hp_gain":0.0,"max_hp_loss":0.0,"gold_gain":0.0,"event_name":"Cursed Tome","player_choice":"Obtained Book","floor":22.0,"gold_loss":0.0,"damage_taken":16.0},{"damage_healed":0.0,"max_hp_gain":0.0,"max_hp_loss":0.0,"gold_gain":0.0,"event_name":"Back to Basics","player_choice":"Simplicity","floor":27.0,"gold_loss":0.0,"damage_taken":0.0,"cards_upgraded":[]},{"damage_healed":0.0,"max_hp_gain":0.0,"max_hp_loss":0.0,"gold_gain":0.0,"cards_transformed":["Rupture","Sever Soul"],"event_name":"Drug Dealer","player_choice":"Became Test Subject","floor":30.0,"gold_loss":0.0,"damage_taken":0.0,"cards_obtained":["Cleave","Blood for Blood"]},{"damage_healed":0.0,"max_hp_gain":0.0,"max_hp_loss":0.0,"gold_gain":999.0,"event_name":"MindBloom","player_choice":"Gold","floor":36.0,"gold_loss":0.0,"damage_taken":0.0,"cards_obtained":["Normality","Normality"]},{"cards_removed":["Bludgeon"],"damage_healed":0.0,"max_hp_gain":0.0,"max_hp_loss":0.0,"gold_gain":0.0,"event_name":"Falling","player_choice":"Removed Attack","floor":39.0,"gold_loss":0.0,"damage_taken":0.0}],"is_beta":false,"boss_relics":[{"not_picked":["SlaversCollar","Tiny House"],"picked":"Pandora\u0027s Box"},{"not_picked":["Busted Crown","Cursed Key"],"picked":"Coffee Dripper"}],"items_purged_floors":[46,48],"is_endless":false,"potions_floor_spawned":[1,7,10,11,20,25,40,47],"ascension_level":1}}