{"host":"ymmeoa1x24ihslbm","time":1608613486,"event":{"mods":["AchievementEnabler","BaseMod","Colored Map","Colored Powertips","Defuse TimeMaze Blight","Highlight Path","Minty Spire (QoL Compilation)","Permanent Neow","Quick Restart","StSLib","Unceasing Turn Reminder"],"gold_per_floor":[118,118,118,133,146,180,180,205,205,205,233,233,243,274,274,369,369,383,363,374,392,392,392,392,392],"floor_reached":24,"playtime":1083,"items_purged":[],"score":288,"play_id":"0451713e-c6e1-498a-9e66-57dcfac18d9e","local_time":"20201222060446","is_ascension_mode":true,"campfire_choices":[{"data":"Consecrate","floor":7,"key":"SMITH"},{"data":"ThirdEye","floor":10,"key":"SMITH"},{"data":"Vigilance","floor":12,"key":"SMITH"},{"data":"FlurryOfBlows","floor":15,"key":"SMITH"},{"data":"Worship","floor":23,"key":"SMITH"}],"circlet_count":0,"master_deck":["Strike_P","Strike_P","Strike_P","Strike_P","Defend_P","Defend_P","Defend_P+1","Defend_P+1","Eruption+1","Vigilance+1","Consecrate+1","FlurryOfBlows+1","ThirdEye+1","Alpha","Worship+1","Evaluate+1","Ghostly","Ghostly","Ghostly","Ghostly","Ghostly"],"relics":["PureWater","Gambling Chip","Question Card","Pantograph","Odd Mushroom","Molten Egg 2","SacredBark"],"acts_visited":["Exordium","TheCity"],"potions_floor_usage":[4,6,8,14,14,21],"damage_taken":[{"damage":3.0,"enemies":"2 Louse","floor":1.0,"turns":3.0},{"damage":0,"enemies":"Jaw Worm","floor":4,"turns":2},{"damage":0,"enemies":"Cultist","floor":5,"turns":2},{"damage":0,"enemies":"Gremlin Nob","floor":6,"turns":2},{"damage":14,"enemies":"3 Sentries","floor":8,"turns":5},{"damage":0,"enemies":"The Mushroom Lair","floor":11,"turns":2},{"damage":0,"enemies":"3 Louse","floor":13,"turns":1},{"damage":1,"enemies":"Gremlin Nob","floor":14,"turns":4},{"damage":20,"enemies":"The Guardian","floor":16,"turns":16},{"damage":18,"enemies":"Shell Parasite","floor":18,"turns":5},{"damage":24,"enemies":"Spheric Guardian","floor":20,"turns":4},{"damage":18,"enemies":"Snecko","floor":21,"turns":5},{"damage":2,"enemies":"Book of Stabbing","floor":24,"turns":4}],"seed_played":"-6860371526223473365","potions_obtained":[{"floor":3.0,"key":"SteroidPotion"},{"floor":3.0,"key":"PowerPotion"},{"floor":3.0,"key":"Swift Potion"},{"floor":8,"key":"Dexterity Potion"},{"floor":11,"key":"Energy Potion"},{"floor":13,"key":"Block Potion"},{"floor":18,"key":"PowerPotion"},{"floor":19,"key":"SpeedPotion"},{"floor":20,"key":"Fire Potion"}],"is_trial":false,"path_per_floor":["M","?","?","M","M","E","R","E","T","R","?","R","M","E","R","B",null,"M","?","M","M","?","R","E"],"character_chosen":"WATCHER","items_purchased":[],"campfire_rested":0,"item_purchase_floors":[],"current_hp_per_floor":[69,55,55,55,55,55,55,41,41,41,41,41,41,40,40,45,72,54,54,30,12,12,12,10,10],"gold":392,"neow_bonus":"UPGRADE_CARD","is_daily":false,"chose_seed":false,"campfire_upgraded":5,"win_rate":0.0,"timestamp":1608613486,"path_taken":["M","?","?","M","?","E","R","E","T","R","?","R","M","E","R","BOSS","M","?","M","?","?","R","E"],"items_purchased_type":[],"build_version":"2020-12-13","purchased_purges":0,"victory":false,"max_hp_per_floor":[72,72,72,72,72,72,72,72,72,72,72,72,72,72,72,72,72,72,72,72,72,36,36,36,36],"card_choices":[{"not_picked":["Crescendo","DeceiveReality"],"picked":"Consecrate","floor":1.0},{"not_picked":["FlyingSleeves","Crescendo","ReachHeaven"],"picked":"SKIP","floor":4},{"not_picked":["Adaptation","EmptyBody","Consecrate"],"picked":"SKIP","floor":5},{"not_picked":["FearNoEvil","BowlingBash"],"picked":"FlurryOfBlows","floor":6},{"not_picked":["Nirvana","CrushJoints"],"picked":"ThirdEye","floor":8},{"not_picked":["BowlingBash","CutThroughFate","ClearTheMind","Consecrate"],"picked":"SKIP","floor":13},{"not_picked":["Evaluate","WaveOfTheHand","Perseverance","Crescendo"],"picked":"SKIP","floor":14},{"not_picked":["DevaForm","ConjureBlade","MasterReality"],"picked":"Alpha","floor":16},{"not_picked":["BowlingBash+1","Halt","CrushJoints+1"],"picked":"Worship","floor":18},{"not_picked":["PathToVictory+1","FollowUp+1","SashWhip+1"],"picked":"Evaluate+1","floor":20},{"not_picked":["FlurryOfBlows+1","Adaptation","Halt","CrushJoints+1"],"picked":"SKIP","floor":21}],"player_experience":596308,"relics_obtained":[{"floor":6,"key":"Gambling Chip"},{"floor":8,"key":"Question Card"},{"floor":9,"key":"Pantograph"},{"floor":11,"key":"Odd Mushroom"},{"floor":14,"key":"Molten Egg 2"}],"event_choices":[{"damage_healed":0.0,"max_hp_gain":0.0,"max_hp_loss":0.0,"gold_gain":0.0,"event_name":"Shining Light","player_choice":"Entered Light","floor":2.0,"gold_loss":0.0,"damage_taken":14.0,"cards_upgraded":["Defend_P","Defend_P"]},{"damage_healed":0.0,"max_hp_gain":0.0,"max_hp_loss":0.0,"gold_gain":0.0,"event_name":"Lab","player_choice":"Got Potions","floor":3.0,"gold_loss":0.0,"damage_taken":0.0},{"damage_healed":0,"gold_gain":0,"player_choice":"Fought Mushrooms","damage_taken":0,"max_hp_gain":0,"max_hp_loss":0,"event_name":"Mushrooms","floor":11,"gold_loss":0},{"damage_healed":0,"gold_gain":0,"player_choice":"Bought 1 Potion","damage_taken":0,"max_hp_gain":0,"max_hp_loss":0,"event_name":"The Woman in Blue","floor":19,"gold_loss":0},{"damage_healed":0,"gold_gain":0,"player_choice":"Became a Ghost","damage_taken":0,"max_hp_gain":0,"max_hp_loss":36,"event_name":"Ghosts","floor":22,"gold_loss":0,"cards_obtained":["Ghostly","Ghostly","Ghostly","Ghostly","Ghostly"]}],"is_beta":false,"boss_relics":[{"not_picked":["Busted Crown","Runic Dome"],"picked":"SacredBark"}],"items_purged_floors":[],"is_endless":false,"potions_floor_spawned":[8,11,13,18,20],"killed_by":"Book of Stabbing","ascension_level":2}}