{"host":"qwttrqaysb380yri","time":1608666353,"event":{"mods":["BaseMod","Custom Start","Minty Spire (QoL Compilation)","Permanent Neow","Puzzle Mod","Relic Stats","StSLib","The Cursed","The Hierophant"],"gold_per_floor":[115,129,145,71,91,92,92,92,92,118,118,114,114,157,157,226,226,260,64,149,64,41,78,148,148,148,1,67,67,93,77,77],"floor_reached":31,"playtime":1190,"items_purged":["hierophant:Punish"],"score":461,"play_id":"ff89e072-2527-4b94-a8a9-bd905141e513","local_time":"20201222204553","is_ascension_mode":true,"campfire_choices":[{"data":"hierophant:MirrorShield","floor":8.0,"key":"SMITH"},{"floor":13.0,"key":"REST"},{"floor":15.0,"key":"REST"},{"floor":25,"key":"REST"},{"data":"hierophant:HammerAndAnvil","floor":29,"key":"SMITH"}],"circlet_count":0,"master_deck":["AscendersBane","hierophant:ChurchCoffers+1","hierophant:OrnateBuckler","hierophant:SealAway","hierophant:Zeal","hierophant:MirrorShield+1","hierophant:HolyVerse","hierophant:Smite","hierophant:SecretStash","hierophant:Zeal","hierophant:Rebuild","hierophant:Doubloon","hierophant:Dazzle","hierophant:AuricForm","hierophant:RepressedViolence","hierophant:RustyCrate","hierophant:Anathema","hierophant:OrnateBuckler","hierophant:FlamingChariot","hierophant:Shelter","hierophant:Doubloon","hierophant:FieryStrike","hierophant:Doubloon","hierophant:Doubloon","hierophant:Empathy","hierophant:Rebuild","hierophant:OrnateBuckler","hierophant:Encroach","hierophant:ThreeLashes","hierophant:HammerAndAnvil+1","hierophant:OrnateBuckler","hierophant:Martyrdom"],"relics":["hierophant:PropheticMaskRelic","Bag of Preparation","Golden Idol","Prayer Wheel","Pandora\u0027s Box","HandDrill","Eternal Feather","Mercury Hourglass","FossilizedHelix","MealTicket"],"acts_visited":["Exordium","TheCity"],"potions_floor_usage":[24,30],"damage_taken":[{"damage":2.0,"enemies":"Jaw Worm","floor":1.0,"turns":3.0},{"damage":0.0,"enemies":"2 Louse","floor":2.0,"turns":2.0},{"damage":0.0,"enemies":"Cultist","floor":3.0,"turns":3.0},{"damage":8.0,"enemies":"Blue Slaver","floor":5.0,"turns":4.0},{"damage":26.0,"enemies":"Gremlin Nob","floor":6.0,"turns":4.0},{"damage":22.0,"enemies":"Lagavulin","floor":10.0,"turns":7.0},{"damage":7.0,"enemies":"Looter","floor":12.0,"turns":3.0},{"damage":1.0,"enemies":"Red Slaver","floor":14.0,"turns":5.0},{"damage":30.0,"enemies":"Slime Boss","floor":16.0,"turns":13.0},{"damage":4.0,"enemies":"Chosen","floor":18.0,"turns":3.0},{"damage":0,"enemies":"Spheric Guardian","floor":20,"turns":3},{"damage":27,"enemies":"Slavers","floor":23,"turns":9},{"damage":12,"enemies":"Snake Plant","floor":24,"turns":3},{"damage":9,"enemies":"Centurion and Healer","floor":28,"turns":7},{"damage":55,"enemies":"Book of Stabbing","floor":30,"turns":7},{"damage":0,"enemies":"3 Cultists","floor":31,"turns":2}],"seed_played":"1345614857290134745","potions_obtained":[{"floor":1.0,"key":"Explosive Potion"},{"floor":11.0,"key":"FearPotion"},{"floor":12.0,"key":"Block Potion"},{"floor":16.0,"key":"Ancient Potion"},{"floor":20,"key":"EssenceOfSteel"}],"is_trial":false,"path_per_floor":["M","M","M","$","M","E","?","R","T","E","?","M","R","M","R","B",null,"M","$","M","?","$","E","M","R","T","$","M","R","E","M"],"character_chosen":"HIEROPHANT","items_purchased":["hierophant:MirrorShield","HandDrill","hierophant:OrnateBuckler","hierophant:Encroach","Block Potion","hierophant:OrnateBuckler"],"campfire_rested":3,"item_purchase_floors":[4,19,19,22,27,27],"current_hp_per_floor":[66,66,66,66,58,32,32,32,32,10,10,3,23,22,42,12,54,50,50,50,50,50,23,11,49,49,49,40,58,3,3,3],"gold":77,"neow_bonus":"UPGRADE_CARD","is_daily":false,"chose_seed":false,"campfire_upgraded":2,"win_rate":0.0,"timestamp":1608666353,"path_taken":["M","M","M","$","M","E","?","R","T","E","?","?","R","M","R","BOSS","M","$","M","?","$","E","M","R","T","$","M","R","E","M"],"items_purchased_type":["Card","Relic","Card","Card","Potion","Card"],"build_version":"2020-12-13","purchased_purges":1,"victory":false,"max_hp_per_floor":[75,75,75,75,75,75,68,68,68,68,68,68,68,68,68,68,68,68,68,68,68,68,68,68,68,68,68,68,68,68,68,68],"relic_stats":{"counters":[16,78],"Golden Idol":67,"Prayer Wheel":6,"Pandora\u0027s Box":["hierophant:RepressedViolence","hierophant:RustyCrate","hierophant:Anathema","hierophant:OrnateBuckler","hierophant:FlamingChariot","hierophant:Shelter","hierophant:Doubloon","hierophant:FieryStrike"],"Eternal Feather":36,"MealTicket":0,"Bag of Preparation":[22],"HandDrill":[10],"obtain_stats":[{"Golden Idol":7,"hierophant:PropheticMaskRelic":0,"Prayer Wheel":10,"Pandora\u0027s Box":17,"Eternal Feather":21,"MealTicket":30,"Bag of Preparation":6,"HandDrill":19,"FossilizedHelix":26,"Mercury Hourglass":23},{"Golden Idol":5,"hierophant:PropheticMaskRelic":0,"Prayer Wheel":6,"Pandora\u0027s Box":9,"Eternal Feather":11,"MealTicket":15,"Bag of Preparation":5,"HandDrill":10,"FossilizedHelix":13,"Mercury Hourglass":12},{"Golden Idol":16,"hierophant:PropheticMaskRelic":0,"Prayer Wheel":23,"Pandora\u0027s Box":44,"Eternal Feather":50,"MealTicket":76,"Bag of Preparation":16,"HandDrill":47,"FossilizedHelix":62,"Mercury Hourglass":59}],"Mercury Hourglass":[78]},"card_choices":[{"not_picked":["hierophant:CursedGold","hierophant:AuricBeam"],"picked":"hierophant:OrnateBuckler","floor":1.0},{"not_picked":["hierophant:Martyrdom","hierophant:FieryStrike"],"picked":"hierophant:SealAway","floor":2.0},{"not_picked":["hierophant:SealAway","hierophant:Encroach"],"picked":"hierophant:Zeal","floor":3.0},{"not_picked":["hierophant:Anathema","hierophant:Doomsaying"],"picked":"hierophant:HolyVerse","floor":5.0},{"not_picked":["hierophant:DeathKnell","hierophant:DisplayOfPower"],"picked":"hierophant:Smite","floor":6.0},{"not_picked":["hierophant:Chorus","hierophant:Doomsaying"],"picked":"hierophant:SecretStash","floor":10.0},{"not_picked":["hierophant:Chorus","hierophant:AuricBeam"],"picked":"hierophant:Zeal","floor":12.0},{"not_picked":["hierophant:Alms","hierophant:OrnateJavelin"],"picked":"hierophant:Rebuild","floor":12.0},{"not_picked":["hierophant:TollTheBells","hierophant:Upheaval"],"picked":"hierophant:Dazzle","floor":14.0},{"not_picked":["hierophant:FlamingChariot","hierophant:Encroach","hierophant:WrathOfGod"],"picked":"SKIP","floor":14.0},{"not_picked":["hierophant:LocustPlague","hierophant:MintersHammer"],"picked":"hierophant:AuricForm","floor":16.0},{"not_picked":["hierophant:DisplayOfPower","hierophant:AuricShield"],"picked":"hierophant:Empathy","floor":18.0},{"not_picked":["hierophant:RepressedViolence","hierophant:SecretStash"],"picked":"hierophant:Rebuild","floor":18.0},{"not_picked":["hierophant:Remorse","hierophant:FlamingChariot","hierophant:PassingBell"],"picked":"SKIP","floor":20},{"not_picked":["hierophant:RustyCrate","hierophant:AuricBeam","hierophant:Determination"],"picked":"SKIP","floor":20},{"not_picked":["hierophant:FieryStrike","hierophant:RepressedViolence"],"picked":"hierophant:ThreeLashes","floor":23},{"not_picked":["hierophant:SealAway","hierophant:Doubloon"],"picked":"hierophant:HammerAndAnvil","floor":24},{"not_picked":["hierophant:Doubloon","hierophant:HolyVerse","hierophant:Bribe+1"],"picked":"SKIP","floor":24},{"not_picked":["hierophant:Glossolalia","hierophant:MorningPrayer","hierophant:EyeForCoin"],"picked":"SKIP","floor":28},{"not_picked":["hierophant:PassingBell","hierophant:Smite","hierophant:OrnateJavelin"],"picked":"SKIP","floor":28},{"not_picked":["hierophant:Empathy+1","hierophant:Racketeering"],"picked":"hierophant:Martyrdom","floor":30}],"player_experience":1938092,"relics_obtained":[{"floor":6.0,"key":"Bag of Preparation"},{"floor":10.0,"key":"Prayer Wheel"},{"floor":23,"key":"Mercury Hourglass"},{"floor":26,"key":"FossilizedHelix"},{"floor":30,"key":"MealTicket"}],"event_choices":[{"damage_healed":0.0,"max_hp_gain":0.0,"max_hp_loss":7.0,"gold_gain":0.0,"event_name":"Golden Idol","player_choice":"Lose Max HP","floor":7.0,"gold_loss":0.0,"damage_taken":0.0,"relics_obtained":["Golden Idol"]},{"damage_healed":0.0,"max_hp_gain":0.0,"max_hp_loss":0.0,"gold_gain":0.0,"event_name":"Lab","player_choice":"Got Potions","floor":11.0,"gold_loss":0.0,"damage_taken":0.0},{"damage_healed":0,"gold_gain":0,"player_choice":"Obtained Relic","damage_taken":0,"relics_obtained":["Eternal Feather"],"max_hp_gain":0,"max_hp_loss":0,"event_name":"Addict","floor":21,"gold_loss":85}],"is_beta":false,"boss_relics":[{"not_picked":["Empty Cage","SlaversCollar"],"picked":"Pandora\u0027s Box"}],"items_purged_floors":[27],"is_endless":false,"potions_floor_spawned":[1,12,16,20,28],"killed_by":"3 Cultists","ascension_level":15}}