{"host":"j204k34h42bd6fas","time":1608675555,"event":{"mods":["Aspiration","BaseMod","Colored Map","Colored Powertips","Conspire","Hubris","Infinite Spire","Mimic Mod","Minty Spire (QoL Compilation)","Potionbrewer","Rare Cards Sparkle","Relic Stats","Replay The Spire","Say the Spire","StSLib","The Cursed","The Judge"],"gold_per_floor":[119,157,157,26,44,79,79,108,108,125,176,192,192,208,208,208,208],"floor_reached":16,"playtime":479,"items_purged":[],"score":132,"play_id":"f13b5877-56f3-4f45-b4b8-5f506bd9a1ce","local_time":"20201222171915","is_ascension_mode":true,"campfire_choices":[{"floor":7,"key":"REST"},{"floor":13,"key":"REST"},{"floor":15,"key":"REST"}],"circlet_count":0,"master_deck":["Strike_G+1","Strike_G","Strike_G","Strike_G","Strike_G","Defend_G","Defend_G","Defend_G","Defend_G","Defend_G","Survivor","Neutralize+1","ReplayTheSpireMod:Speed Training","Tactician","Accuracy","Accuracy","conspire:DoublingDagger","Prepared","Dagger Throw","Blade Dance","Sneak Up","conspire:PoisonWeapons","Bullet Time"],"relics":["Ring of the Snake","NeowsBlessing","Pen Nib","Blood Vial","Vajra","hubris:TinFlute","aspiration:TomeofQuesting"],"acts_visited":["Exordium"],"potions_floor_usage":[8,16,16,16],"damage_taken":[{"damage":0,"enemies":"Cultist","floor":1,"turns":1},{"damage":0,"enemies":"Small Slimes","floor":2,"turns":2},{"damage":0,"enemies":"Small Slimes","floor":5,"turns":1},{"damage":41,"enemies":"3 Sentries","floor":6,"turns":12},{"damage":34,"enemies":"Gremlin Nob","floor":8,"turns":5},{"damage":3,"enemies":"Jaw Worm","floor":10,"turns":4},{"damage":1,"enemies":"Blue Slaver","floor":12,"turns":3},{"damage":0,"enemies":"3 Louse","floor":14,"turns":3},{"damage":52,"enemies":"Hexaghost","floor":16,"turns":9}],"seed_played":"-4234473339923445413","potions_obtained":[{"floor":5,"key":"ColorlessPotion"},{"floor":8,"key":"LiquidBronze"},{"floor":10,"key":"potionbrewer:ToxicPotion"},{"floor":14,"key":"AttackPotion"}],"is_trial":false,"path_per_floor":["M","MIM","?","$","M","E","R","E","T","M","T","M","R","M","R","B"],"character_chosen":"THE_SILENT","items_purchased":["Accuracy","conspire:DoublingDagger"],"campfire_rested":3,"item_purchase_floors":[4,4],"current_hp_per_floor":[70,70,56,56,56,15,36,4,4,3,3,4,25,27,48,0,0],"gold":208,"neow_bonus":"THREE_ENEMY_KILL","is_daily":false,"chose_seed":false,"campfire_upgraded":0,"win_rate":0.0,"timestamp":1608675555,"path_taken":["M","?","?","?","M","E","R","E","T","M","?","?","R","M","R","BOSS"],"items_purchased_type":["Card","Card"],"build_version":"2020-12-13","purchased_purges":0,"victory":false,"max_hp_per_floor":[70,70,70,70,70,70,70,70,70,70,70,70,70,70,70,70,70],"relic_stats":{"Blood Vial":10,"counters":[9,40],"Pen Nib":[6],"obtain_stats":[{"Blood Vial":6,"NeowsBlessing":0,"Vajra":8,"aspiration:TomeofQuesting":11,"Pen Nib":2,"hubris:TinFlute":9,"Ring of the Snake":0},{"Blood Vial":4,"NeowsBlessing":0,"Vajra":5,"aspiration:TomeofQuesting":6,"Pen Nib":2,"hubris:TinFlute":5,"Ring of the Snake":0},{"Blood Vial":16,"NeowsBlessing":0,"Vajra":21,"aspiration:TomeofQuesting":25,"Pen Nib":3,"hubris:TinFlute":21,"Ring of the Snake":0}],"Ring of the Snake":[18]},"card_choices":[{"not_picked":["Dagger Throw","Dodge and Roll"],"picked":"ReplayTheSpireMod:Speed Training","floor":1},{"not_picked":["Deadly Poison","Dagger Throw"],"picked":"Tactician","floor":2},{"not_picked":["Flying Knee","PiercingWail"],"picked":"Prepared","floor":5},{"not_picked":["Deadly Poison","ReplayTheSpireMod:Necrosis"],"picked":"Dagger Throw","floor":6},{"not_picked":["Catalyst","Outmaneuver"],"picked":"Blade Dance","floor":8},{"not_picked":["Deflect","Deadly Poison"],"picked":"Sneak Up","floor":10},{"not_picked":["hubris:SlightOfHand","Eviscerate"],"picked":"conspire:PoisonWeapons","floor":12},{"not_picked":["Blade Dance","PiercingWail"],"picked":"Bullet Time","floor":14}],"player_experience":279811,"relics_obtained":[{"floor":2,"key":"Pen Nib"},{"floor":6,"key":"Blood Vial"},{"floor":8,"key":"Vajra"},{"floor":9,"key":"hubris:TinFlute"},{"floor":11,"key":"aspiration:TomeofQuesting"}],"event_choices":[{"damage_healed":0,"gold_gain":0,"player_choice":"Entered Light","damage_taken":14,"max_hp_gain":0,"max_hp_loss":0,"event_name":"Shining Light","floor":3,"gold_loss":0,"cards_upgraded":["Strike_G","Neutralize"]}],"is_beta":false,"boss_relics":[],"items_purged_floors":[],"is_endless":false,"potions_floor_spawned":[5,8,10,14],"killed_by":"Hexaghost","ascension_level":4}}