{"host":"27cnk69rbdk9vsnt","time":1608641592,"event":{"mods":["BaseMod","Beaked The Cultist","Duelist Mod","Ekko","Energized Spire","Glutton Mod","JesterMod","Jorbs\u0027s Wanderer Trilogy","Mimic Mod","Minty Spire (QoL Compilation)","Shop Mod","StSLib","The Elementalist","Thieving Mod"],"gold_per_floor":[116,116,136,152,166,198,198,226,226,226,240,240,259,276,276,372,372,389,409,409,409,409,409,419,419,419,44,61,71,71,86,86,182,182,197,272,282,282,282,317,317,327,327,353,453,494,522,558,558,558,558],"floor_reached":50,"playtime":2361,"items_purged":["elementalist:Defend_Elemblue"],"score":616,"play_id":"37772a5d-94a2-4b10-acd1-4645bf49549b","local_time":"20201222135312","is_ascension_mode":false,"campfire_choices":[{"data":"1","floor":10,"key":"LIFT"},{"data":"2","floor":12,"key":"LIFT"},{"floor":15,"key":"REST"},{"data":"3","floor":23,"key":"LIFT"},{"data":"elementalist:Solar_Form","floor":25,"key":"SMITH"},{"floor":30,"key":"REST"},{"data":"elementalist:Strike+Elemblue","floor":32,"key":"PURGE"},{"data":"elementalist:Defend_Elemblue","floor":41,"key":"PURGE"},{"floor":49,"key":"RECALL"}],"circlet_count":0,"master_deck":["elementalist:Fire_Emblem","elementalist:Fire_Emblem","elementalist:Fire_Emblem","elementalist:Defend_Elemblue","elementalist:Defend_Elemblue","elementalist:Defend_Elemblue","elementalist:Firestrike","elementalist:Earthstrike","elementalist:Waterstrike","elementalist:Airstrike","elementalist:Crystal_Chalk+1","elementalist:Prepared_Sand","elementalist:Cauterize","elementalist:Cauterize","elementalist:Blaze","elementalist:Burning_Soul+1","elementalist:Flame","elementalist:Emberveil","elementalist:Blaze","elementalist:Kiln","elementalist:Gaian_Form","elementalist:Inferno","elementalist:Caution+1","elementalist:Mist+1","elementalist:Solar_Form+1","elementalist:Inferno","elementalist:Flame","elementalist:Emberveil","elementalist:Widdershins_Conversion","elementalist:Solar_Form","elementalist:Blaze+1","elementalist:Ferruchemy","elementalist:Flame+1","elementalist:Blaze+1","elementalist:Solar_Form+1","Discovery","elementalist:Flame+1","elementalist:Stone_to_Mud","elementalist:Emberveil","elementalist:Momentum+1","elementalist:Prepared_Sand+1"],"relics":["elementalistmod:MagusStaff","elementalistmod:RedRibbon","elementalistmod:RedRibbon","Akabeko","Peace Pipe","Girya","Philosopher\u0027s Stone","elementalistmod:YellowCirclet","beaked:ShinyBauble","Medical Kit","Potion Belt","SacredBark","Incense Burner","FossilizedHelix","Bottled Tornado","Orichalcum"],"acts_visited":["Exordium","TheCity","TheBeyond"],"potions_floor_usage":[6,6,8,18,33,33,33,33,37,40,46,47,47,47,50],"damage_taken":[{"damage":0,"enemies":"Small Slimes","floor":1,"turns":3},{"damage":1,"enemies":"Cultist","floor":3,"turns":4},{"damage":5,"enemies":"Jaw Worm","floor":4,"turns":4},{"damage":0,"enemies":"Exordium Wildlife","floor":5,"turns":3},{"damage":70,"enemies":"Lagavulin","floor":6,"turns":12},{"damage":12,"enemies":"Gremlin Nob","floor":8,"turns":3},{"damage":0,"enemies":"2 Fungi Beasts","floor":11,"turns":2},{"damage":7,"enemies":"Blue Slaver","floor":13,"turns":4},{"damage":0,"enemies":"3 Louse","floor":14,"turns":1},{"damage":8,"enemies":"The Guardian","floor":16,"turns":7},{"damage":3,"enemies":"2 Thieves","floor":18,"turns":3},{"damage":0,"enemies":"Spheric Guardian","floor":19,"turns":3},{"damage":33,"enemies":"Snake Plant","floor":24,"turns":4},{"damage":0,"enemies":"Shelled Parasite and Fungi","floor":28,"turns":1},{"damage":5,"enemies":"Snecko","floor":29,"turns":4},{"damage":0,"enemies":"Centurion and Healer","floor":31,"turns":1},{"damage":33,"enemies":"Collector","floor":33,"turns":5},{"damage":19,"enemies":"3 Darklings","floor":35,"turns":5},{"damage":37,"enemies":"Mind Bloom Boss Battle","floor":36,"turns":5},{"damage":1,"enemies":"3 Shapes","floor":37,"turns":4},{"damage":0,"enemies":"Nemesis","floor":40,"turns":1},{"damage":17,"enemies":"Spire Growth","floor":42,"turns":3},{"damage":16,"enemies":"Maw","floor":46,"turns":6},{"damage":18,"enemies":"Reptomancer","floor":47,"turns":4},{"damage":37,"enemies":"Transient","floor":48,"turns":5},{"damage":53,"enemies":"Awakened One","floor":50,"turns":5}],"seed_played":"5675670885804842571","potions_obtained":[{"floor":3,"key":"LiquidMemories"},{"floor":4,"key":"Regen Potion"},{"floor":5,"key":"Regen Potion"},{"floor":13,"key":"AttackPotion"},{"floor":14,"key":"FearPotion"},{"floor":18,"key":"Swift Potion"},{"floor":24,"key":"EntropicBrew"},{"floor":31,"key":"Regen Potion"},{"floor":36,"key":"Swift Potion"},{"floor":37,"key":"DuplicationPotion"},{"floor":42,"key":"FairyPotion"},{"floor":46,"key":"Dexterity Potion"},{"floor":48,"key":"Swift Potion"}],"is_trial":false,"path_per_floor":["M","?","M","M","M","E","?","E","T","R","M","R","M","M","R","B",null,"M","M","?","?","?","R","M","R","T","$","M","M","R","M","R","B",null,"M","?","M","?","?","E","R","M","T","T","?","M","E","M","R","B"],"character_chosen":"THE_ELEMENTALIST","items_purchased":["Medical Kit","Potion Belt"],"campfire_rested":2,"item_purchase_floors":[27,27],"current_hp_per_floor":[70,70,69,64,64,39,39,27,27,27,27,27,20,20,41,33,70,67,67,67,67,67,67,34,34,34,34,34,29,50,50,50,31,70,51,15,14,14,62,62,62,45,45,45,45,33,15,40,40,0,0],"gold":558,"neow_bonus":"UPGRADE_CARD","is_daily":false,"chose_seed":false,"campfire_upgraded":1,"win_rate":0.0,"timestamp":1608641592,"path_taken":["M","?","?","M","M","E","?","E","T","R","M","R","?","M","R","BOSS","M","M","?","?","?","R","M","R","T","$","M","M","R","M","R","BOSS","M","?","M","?","?","E","R","M","T","?","?","M","E","M","R","BOSS"],"items_purchased_type":["Relic","Relic"],"build_version":"2020-12-13","purchased_purges":1,"victory":false,"max_hp_per_floor":[70,70,70,70,70,70,70,70,70,70,70,70,70,70,70,70,70,70,70,70,70,70,70,70,70,70,70,70,70,70,70,70,70,70,70,71,71,71,62,62,62,62,62,62,62,66,66,71,71,71,71],"card_choices":[{"not_picked":["elementalist:Mist","elementalist:Etherstrike"],"picked":"elementalist:Prepared_Sand","floor":1},{"not_picked":["elementalist:Overheat","elementalist:Blaze"],"picked":"elementalist:Cauterize","floor":3},{"not_picked":["elementalist:Etherstrike","elementalist:Caution"],"picked":"elementalist:Cauterize","floor":4},{"not_picked":["elementalist:Flame","elementalist:Etherstrike"],"picked":"elementalist:Blaze","floor":5},{"not_picked":["elementalist:Stone_to_Mud","elementalist:Blaze"],"picked":"elementalist:Burning_Soul","floor":6},{"not_picked":["elementalist:Cyclone","elementalist:Prepared_Sand"],"picked":"elementalist:Flame","floor":8},{"not_picked":["elementalist:Confluence","elementalist:Concentricity"],"picked":"elementalist:Blaze","floor":11},{"not_picked":["elementalist:Overheat","elementalist:Ignition"],"picked":"elementalist:Kiln","floor":13},{"not_picked":["elementalist:Spout","elementalist:Blaze"],"picked":"elementalist:Gaian_Form","floor":14},{"not_picked":["elementalist:Accelerant","elementalist:Burning_Soul"],"picked":"elementalist:Inferno","floor":16},{"not_picked":["elementalist:Flame","elementalist:Geomancy"],"picked":"elementalist:Caution+1","floor":18},{"not_picked":["elementalist:Stone_to_Mud","elementalist:Breeze"],"picked":"elementalist:Mist+1","floor":19},{"not_picked":["elementalist:Prepared_Sand","elementalist:Monument"],"picked":"elementalist:Flame","floor":24},{"not_picked":["elementalist:Stone_to_Mud","elementalist:Accelerant"],"picked":"elementalist:Emberveil","floor":28},{"not_picked":["elementalist:Overheat","elementalist:Monument"],"picked":"elementalist:Widdershins_Conversion","floor":29},{"not_picked":["elementalist:Cauterize+1","elementalist:Aegis"],"picked":"elementalist:Solar_Form","floor":31},{"not_picked":["elementalist:Dragon_Bigram","elementalist:Heavensfall"],"picked":"elementalist:Ferruchemy","floor":33},{"not_picked":["elementalist:Geomancy","elementalist:Prepared_Sand+1"],"picked":"elementalist:Flame+1","floor":35},{"not_picked":["elementalist:Overheat+1","elementalist:Cauterize"],"picked":"elementalist:Blaze+1","floor":36},{"not_picked":["elementalist:Etherstrike+1","elementalist:Confluence+1"],"picked":"elementalist:Solar_Form+1","floor":37},{"not_picked":["Mind Blast","HandOfGreed"],"picked":"Discovery","floor":38},{"not_picked":["elementalist:Breeze+1","elementalist:Cauterize"],"picked":"elementalist:Flame+1","floor":40},{"not_picked":["elementalist:Etherstrike","elementalist:Ignition"],"picked":"elementalist:Stone_to_Mud","floor":42},{"not_picked":["elementalist:Overheat","elementalist:Prepared_Sand"],"picked":"elementalist:Emberveil","floor":46},{"not_picked":["elementalist:Fission_Lance+1","elementalist:Rising_Tides+1"],"picked":"elementalist:Momentum+1","floor":47},{"not_picked":["elementalist:Wirbelwight","elementalist:Overheat"],"picked":"elementalist:Prepared_Sand+1","floor":48}],"player_experience":516151,"relics_obtained":[{"floor":6,"key":"Akabeko"},{"floor":8,"key":"Peace Pipe"},{"floor":9,"key":"Girya"},{"floor":26,"key":"beaked:ShinyBauble"},{"floor":36,"key":"Incense Burner"},{"floor":40,"key":"FossilizedHelix"},{"floor":43,"key":"Bottled Tornado"},{"floor":47,"key":"Orichalcum"}],"event_choices":[{"damage_healed":0,"gold_gain":0,"player_choice":"Upgraded","damage_taken":0,"max_hp_gain":0,"max_hp_loss":0,"event_name":"Upgrade Shrine","floor":7,"gold_loss":0,"cards_upgraded":["elementalist:Burning_Soul"]},{"damage_healed":0,"gold_gain":0,"player_choice":"Ignored","damage_taken":0,"max_hp_gain":0,"max_hp_loss":0,"event_name":"Vampires","floor":20,"gold_loss":0},{"damage_healed":0,"gold_gain":0,"player_choice":"Read","damage_taken":0,"max_hp_gain":0,"max_hp_loss":0,"event_name":"The Library","floor":21,"gold_loss":0,"cards_obtained":["elementalist:Solar_Form"]},{"damage_healed":0,"gold_gain":0,"player_choice":"Fight","damage_taken":0,"max_hp_gain":0,"max_hp_loss":0,"event_name":"MindBloom","floor":36,"gold_loss":0},{"damage_healed":0,"gold_gain":0,"player_choice":"Memory 1","damage_taken":0,"max_hp_gain":0,"max_hp_loss":0,"event_name":"SensoryStone","floor":38,"gold_loss":0},{"damage_healed":62,"gold_gain":0,"player_choice":"Heal","damage_taken":0,"max_hp_gain":0,"max_hp_loss":9,"event_name":"The Moai Head","floor":39,"gold_loss":0},{"damage_healed":0,"gold_gain":100,"player_choice":"Pray","damage_taken":0,"max_hp_gain":0,"max_hp_loss":0,"event_name":"Golden Shrine","floor":45,"gold_loss":0}],"is_beta":false,"boss_relics":[{"not_picked":["Cursed Key","energizedSpire:CursedPentagram"],"picked":"Philosopher\u0027s Stone"},{"not_picked":["energizedSpire:StickyHand","energizedSpire:MagnifyingGlass"],"picked":"SacredBark"}],"items_purged_floors":[27],"is_endless":false,"potions_floor_spawned":[3,4,5,13,14,18,24,31,36,37,42,46,48],"killed_by":"Awakened One","ascension_level":0}}