{"host":"usewcu4ohw2wtmxk","time":1608624995,"event":{"mods":["BaseMod","Minty Spire (QoL Compilation)","Permanent Neow","Quick Restart","Relic Stats","UnlockEverythingMod"],"gold_per_floor":[119,119,79,95,95,95,126,126,208,222,247,272,295,51,51,51,51],"floor_reached":16,"playtime":319,"items_purged":["Strike_B"],"score":254,"play_id":"7355bf67-e601-4ab0-886f-e8dbf939ce78","local_time":"20201222161635","is_ascension_mode":true,"campfire_choices":[{"data":"Coolheaded","floor":6.0,"key":"SMITH"},{"data":"Dualcast","floor":8.0,"key":"SMITH"},{"data":"Skim","floor":15.0,"key":"SMITH"}],"circlet_count":0,"master_deck":["AscendersBane","Strike_B","Strike_B","Strike_B","Defend_B","Defend_B","Defend_B","Defend_B","Zap","Dualcast+1","White Noise","Coolheaded+1","Skim+1","Cold Snap","Ball Lightning"],"relics":["Cracked Core","NeowsBlessing","Golden Idol","Ornamental Fan","Thread and Needle","Meat on the Bone","ClockworkSouvenir"],"acts_visited":["Exordium"],"potions_floor_usage":[],"damage_taken":[{"damage":0.0,"enemies":"Small Slimes","floor":1.0,"turns":1.0},{"damage":0.0,"enemies":"Cultist","floor":4.0,"turns":1.0},{"damage":0.0,"enemies":"3 Sentries","floor":7.0,"turns":1.0},{"damage":3.0,"enemies":"Jaw Worm","floor":10.0,"turns":3.0},{"damage":0.0,"enemies":"Blue Slaver","floor":11.0,"turns":5.0},{"damage":0.0,"enemies":"2 Fungi Beasts","floor":12.0,"turns":4.0},{"damage":10.0,"enemies":"Large Slime","floor":13.0,"turns":10.0},{"damage":27,"enemies":"Slime Boss","floor":16,"turns":6}],"seed_played":"7265588195765788775","potions_obtained":[{"floor":1.0,"key":"PotionOfCapacity"},{"floor":3.0,"key":"EntropicBrew"},{"floor":3.0,"key":"Regen Potion"},{"floor":7.0,"key":"Fruit Juice"},{"floor":10.0,"key":"DuplicationPotion"}],"is_trial":false,"path_per_floor":["M","?","?","M","?","R","E","R","T","M","M","M","M","$","R","B"],"character_chosen":"DEFECT","items_purchased":["ClockworkSouvenir"],"campfire_rested":0,"item_purchase_floors":[14],"current_hp_per_floor":[64,64,64,64,59,59,59,59,59,61,61,61,51,51,51,24,24],"gold":51,"neow_bonus":"THREE_ENEMY_KILL","is_daily":false,"chose_seed":false,"campfire_upgraded":3,"win_rate":0.0,"timestamp":1608624995,"path_taken":["M","?","?","?","?","R","E","R","T","M","M","M","M","$","R","BOSS"],"items_purchased_type":["Relic"],"build_version":"2020-12-13","purchased_purges":1,"victory":false,"max_hp_per_floor":[71,64,64,64,64,64,64,64,64,69,69,69,69,69,69,69,69],"relic_stats":{"counters":[8,31],"Golden Idol":27,"Ornamental Fan":[8],"obtain_stats":[{"NeowsBlessing":0,"Golden Idol":2,"Ornamental Fan":5,"Thread and Needle":7,"Cracked Core":0,"Meat on the Bone":9,"ClockworkSouvenir":14},{"NeowsBlessing":0,"Golden Idol":1,"Ornamental Fan":2,"Thread and Needle":3,"Cracked Core":0,"Meat on the Bone":3,"ClockworkSouvenir":7},{"NeowsBlessing":0,"Golden Idol":1,"Ornamental Fan":2,"Thread and Needle":3,"Cracked Core":0,"Meat on the Bone":3,"ClockworkSouvenir":25}],"Meat on the Bone":0},"card_choices":[{"not_picked":["Melter","Tempest"],"picked":"White Noise","floor":1.0},{"not_picked":["Rip and Tear","Conserve Battery"],"picked":"Coolheaded","floor":4.0},{"not_picked":["Hyperbeam","Steam"],"picked":"Skim","floor":7.0},{"not_picked":["Stack","Go for the Eyes"],"picked":"Cold Snap","floor":10.0},{"not_picked":["Turbo","FTL","Leap"],"picked":"SKIP","floor":11.0},{"not_picked":["Doom and Gloom","Redo","Steam"],"picked":"SKIP","floor":12.0},{"not_picked":["Doom and Gloom","Redo","Steam"],"picked":"SKIP","floor":12.0},{"not_picked":["Rip and Tear","Stack"],"picked":"Ball Lightning","floor":13.0}],"player_experience":219768,"relics_obtained":[{"floor":7.0,"key":"Thread and Needle"},{"floor":9.0,"key":"Meat on the Bone"}],"event_choices":[{"damage_healed":0.0,"max_hp_gain":0.0,"max_hp_loss":7.0,"gold_gain":0.0,"event_name":"Golden Idol","player_choice":"Lose Max HP","floor":2.0,"gold_loss":0.0,"damage_taken":0.0,"relics_obtained":["Golden Idol"]},{"damage_healed":0.0,"max_hp_gain":0.0,"max_hp_loss":0.0,"gold_gain":0.0,"event_name":"The Woman in Blue","player_choice":"Bought 3 Potions","floor":3.0,"gold_loss":0.0,"damage_taken":0.0},{"damage_healed":0.0,"max_hp_gain":0.0,"max_hp_loss":0.0,"gold_gain":0.0,"event_name":"Scrap Ooze","player_choice":"Success","floor":5.0,"gold_loss":0.0,"damage_taken":5.0,"relics_obtained":["Ornamental Fan"]}],"is_beta":false,"boss_relics":[],"items_purged_floors":[14],"is_endless":false,"potions_floor_spawned":[1,7,10,12],"killed_by":"Slime Boss","ascension_level":20}}