{"host":"30jsp143e4v19aze","time":1608667663,"event":{"mods":["BaseMod","Colored Map","Colored Powertips","Curses Come First","DeckTracker","Highlight Path","Minty Spire (QoL Compilation)","Quick Restart","Relic Stats","StSLib"],"gold_per_floor":[116,191,191,191,191,226,226,262,262,315,335,353,353,11,11,105,105,123,36,61,92,107,148,148,182,182,182,196,196,220,268,268,373,454,484,817,862,155,172,172,209,209,209,209,228,228,243,268,268,268],"floor_reached":51,"playtime":2641,"items_purged":["Strike_G","Deadly Poison"],"score":1571,"play_id":"e5fe5101-494d-4804-99e5-30003d3c5353","local_time":"20201222210743","is_ascension_mode":true,"campfire_choices":[{"data":"Dagger Spray","floor":7,"key":"SMITH"},{"data":"Predator","floor":13,"key":"SMITH"},{"floor":15,"key":"REST"},{"floor":24,"key":"REST"},{"floor":32,"key":"REST"},{"floor":40,"key":"REST"},{"floor":42,"key":"REST"},{"floor":44,"key":"DIG"},{"floor":46,"key":"DIG"},{"floor":49,"key":"REST"}],"circlet_count":0,"master_deck":["AscendersBane","Survivor","Neutralize","Dagger Spray+1","Quick Slash","PiercingWail","Predator+1","Dagger Spray","Footwork","Bullet Time","Flying Knee","Adrenaline","Dagger Spray+1","Terror","PiercingWail","Finisher","Backflip","Noxious Fumes","Dodge and Roll+1","Wraith Form v2","Night Terror","Doppelganger","Crippling Poison","Caltrops","Reflex","Glass Knife","Setup","PiercingWail","Adrenaline","Blade Dance","Infinite Blades","PiercingWail","Adrenaline","Leg Sweep"],"relics":["Ring of the Snake","NeowsBlessing","Akabeko","Bronze Scales","White Beast Statue","Pear","Whetstone","Philosopher\u0027s Stone","Red Mask","Tough Bandages","Art of War","Mummified Hand","CeramicFish","Pandora\u0027s Box","Torii","Potion Belt","Cauldron","Lantern","Anchor","Shovel","Paper Crane","Tingsha","Calipers"],"acts_visited":["Exordium","TheCity","TheBeyond"],"potions_floor_usage":[10,16,21,23,23,31,33,33,41,41,47,47,47,50],"damage_taken":[{"damage":0,"enemies":"Jaw Worm","floor":1,"turns":1},{"damage":0,"enemies":"3 Sentries","floor":6,"turns":1},{"damage":0,"enemies":"Gremlin Nob","floor":8,"turns":1},{"damage":41,"enemies":"Lagavulin","floor":10,"turns":9},{"damage":0,"enemies":"2 Louse","floor":11,"turns":1},{"damage":2,"enemies":"Small Slimes","floor":12,"turns":3},{"damage":21,"enemies":"The Guardian","floor":16,"turns":11},{"damage":5,"enemies":"Shell Parasite","floor":18,"turns":4},{"damage":6,"enemies":"2 Thieves","floor":20,"turns":2},{"damage":16,"enemies":"Masked Bandits","floor":21,"turns":4},{"damage":0,"enemies":"Centurion and Healer","floor":22,"turns":5},{"damage":17,"enemies":"Slavers","floor":23,"turns":5},{"damage":22,"enemies":"Book of Stabbing","floor":25,"turns":4},{"damage":7,"enemies":"3 Cultists","floor":28,"turns":4},{"damage":0,"enemies":"Chosen and Byrds","floor":30,"turns":4},{"damage":0,"enemies":"Gremlin Leader","floor":31,"turns":6},{"damage":28,"enemies":"Automaton","floor":33,"turns":10},{"damage":20,"enemies":"3 Darklings","floor":35,"turns":3},{"damage":13,"enemies":"2 Orb Walkers","floor":37,"turns":4},{"damage":7,"enemies":"Orb Walker","floor":39,"turns":3},{"damage":15,"enemies":"Reptomancer","floor":41,"turns":3},{"damage":25,"enemies":"4 Shapes","floor":45,"turns":6},{"damage":16,"enemies":"Transient","floor":47,"turns":6},{"damage":0,"enemies":"Mind Bloom Boss Battle","floor":48,"turns":6},{"damage":28,"enemies":"Donu and Deca","floor":50,"turns":12}],"seed_played":"-656034423958629413","potions_obtained":[{"floor":6,"key":"ColorlessPotion"},{"floor":8,"key":"GhostInAJar"},{"floor":10,"key":"Explosive Potion"},{"floor":12,"key":"LiquidMemories"},{"floor":16,"key":"Poison Potion"},{"floor":18,"key":"FearPotion"},{"floor":21,"key":"Dexterity Potion"},{"floor":23,"key":"SpeedPotion"},{"floor":25,"key":"FearPotion"},{"floor":30,"key":"CunningPotion"},{"floor":31,"key":"Strength Potion"},{"floor":33,"key":"Ancient Potion"},{"floor":35,"key":"SneckoOil"},{"floor":37,"key":"DistilledChaos"},{"floor":38,"key":"CunningPotion"},{"floor":38,"key":"SteroidPotion"},{"floor":41,"key":"Fire Potion"},{"floor":45,"key":"Regen Potion"},{"floor":47,"key":"LiquidMemories"},{"floor":48,"key":"DuplicationPotion"}],"is_trial":false,"path_per_floor":["M","?","?","?","?","E","R","E","T","E","M","M","R","$","R","B",null,"M","$","M","?","M","E","R","E","T","?","M","?","M","E","R","B",null,"M","?","?","$","M","R","E","R","T","R","M","R","M","?","R","B",null],"character_chosen":"THE_SILENT","items_purchased":["Footwork","Bullet Time","Flying Knee","Terror","Infinite Blades","Potion Belt","Cauldron","Lantern","PiercingWail"],"campfire_rested":6,"item_purchase_floors":[14,14,14,19,38,38,38,38,38],"current_hp_per_floor":[59,48,30,52,52,52,52,52,62,21,21,19,19,19,40,19,57,52,52,46,30,30,13,34,12,12,26,19,19,19,19,40,12,56,36,36,23,23,16,37,22,43,43,43,18,18,17,17,38,10],"gold":268,"neow_bonus":"THREE_ENEMY_KILL","is_daily":false,"chose_seed":false,"campfire_upgraded":2,"win_rate":0.0,"timestamp":1608667663,"path_taken":["M","?","?","?","?","E","R","E","T","E","M","M","R","$","R","BOSS","M","$","M","?","M","E","R","E","T","?","M","?","M","E","R","BOSS","M","?","?","$","M","R","E","R","T","R","?","R","M","?","R","BOSS"],"items_purchased_type":["Card","Card","Card","Card","Card","Relic","Relic","Relic","Card"],"build_version":"2020-12-13","purchased_purges":2,"victory":true,"max_hp_per_floor":[66,66,66,66,60,60,60,60,70,70,70,70,70,70,70,70,70,70,70,70,70,70,70,70,70,70,70,70,70,70,70,70,70,70,70,70,70,70,70,70,70,70,70,70,70,70,70,70,70,70],"relic_stats":{"Torii":12,"counters":[25,118],"CeramicFish":144,"Tingsha":[6],"Whetstone":["Strike_G","Strike_G"],"Tough Bandages":[18],"Shovel":2,"Mummified Hand":[38],"Bronze Scales":[342],"Pandora\u0027s Box":["Doppelganger","Crippling Poison","Deadly Poison","Caltrops","Reflex","Glass Knife","Setup","PiercingWail","Adrenaline"],"Art of War":[4],"obtain_stats":[{"Potion Belt":38,"Lantern":38,"Pear":9,"Calipers":48,"NeowsBlessing":0,"Torii":37,"Golden Idol":5,"CeramicFish":31,"Tingsha":46,"Whetstone":10,"Paper Crane":44,"Akabeko":3,"White Beast Statue":8,"Cauldron":38,"Tough Bandages":23,"Anchor":41,"Shovel":43,"Mummified Hand":26,"Bronze Scales":6,"Philosopher\u0027s Stone":17,"Pandora\u0027s Box":34,"Red Mask":21,"Art of War":25,"Ring of the Snake":0},{"Potion Belt":19,"Lantern":19,"Pear":3,"Calipers":24,"NeowsBlessing":0,"Torii":19,"Golden Idol":1,"CeramicFish":16,"Tingsha":22,"Whetstone":4,"Paper Crane":21,"Akabeko":1,"White Beast Statue":3,"Cauldron":19,"Tough Bandages":12,"Anchor":21,"Shovel":21,"Mummified Hand":13,"Bronze Scales":2,"Philosopher\u0027s Stone":7,"Pandora\u0027s Box":17,"Red Mask":10,"Art of War":13,"Ring of the Snake":0},{"Potion Belt":82,"Lantern":82,"Pear":3,"Calipers":106,"NeowsBlessing":0,"Torii":82,"Golden Idol":1,"CeramicFish":65,"Tingsha":94,"Whetstone":12,"Paper Crane":88,"Akabeko":1,"White Beast Statue":3,"Cauldron":82,"Tough Bandages":47,"Anchor":88,"Shovel":88,"Mummified Hand":51,"Bronze Scales":2,"Philosopher\u0027s Stone":27,"Pandora\u0027s Box":75,"Red Mask":37,"Art of War":51,"Ring of the Snake":0}],"Ring of the Snake":[50]},"card_choices":[{"not_picked":["Deflect","Dodge and Roll"],"picked":"Dagger Spray","floor":1},{"not_picked":["Sucker Punch","Catalyst"],"picked":"Quick Slash","floor":6},{"not_picked":["Cloak And Dagger","Deflect"],"picked":"PiercingWail","floor":8},{"not_picked":["Eviscerate","Calculated Gamble"],"picked":"Predator","floor":10},{"not_picked":["Concentrate","Prepared","Deadly Poison"],"picked":"SKIP","floor":11},{"not_picked":["Sucker Punch","Infinite Blades"],"picked":"Dagger Spray","floor":12},{"not_picked":["Corpse Explosion","Tools of the Trade"],"picked":"Adrenaline","floor":16},{"not_picked":["Slice","Dodge and Roll"],"picked":"Dagger Spray+1","floor":18},{"not_picked":["Catalyst","Dodge and Roll"],"picked":"PiercingWail","floor":20},{"not_picked":["Flying Knee","Sucker Punch"],"picked":"Finisher","floor":21},{"not_picked":["Acrobatics","Quick Slash"],"picked":"Backflip","floor":22},{"not_picked":["Expertise","Sucker Punch"],"picked":"Noxious Fumes","floor":23},{"not_picked":["Slice","Distraction"],"picked":"Dodge and Roll+1","floor":25},{"not_picked":["Dagger Throw","Deflect","Cloak And Dagger+1"],"picked":"SKIP","floor":28},{"not_picked":["Finisher","Sucker Punch","Cloak And Dagger"],"picked":"SKIP","floor":30},{"not_picked":["Calculated Gamble","Accuracy"],"picked":"Wraith Form v2","floor":31},{"not_picked":["Die Die Die","Wraith Form v2"],"picked":"Night Terror","floor":33},{"not_picked":["Outmaneuver+1","Predator"],"picked":"Blade Dance","floor":35},{"not_picked":["Dash","Eviscerate+1","Underhanded Strike"],"picked":"SKIP","floor":39},{"not_picked":["Sucker Punch","Prepared"],"picked":"Adrenaline","floor":41},{"not_picked":["Quick Slash","Bane"],"picked":"Leg Sweep","floor":45},{"not_picked":["Eviscerate","Poisoned Stab","Quick Slash"],"picked":"SKIP","floor":47}],"player_experience":3059900,"relics_obtained":[{"floor":6,"key":"Bronze Scales"},{"floor":8,"key":"White Beast Statue"},{"floor":9,"key":"Pear"},{"floor":10,"key":"Whetstone"},{"floor":21,"key":"Red Mask"},{"floor":23,"key":"Tough Bandages"},{"floor":25,"key":"Art of War"},{"floor":26,"key":"Mummified Hand"},{"floor":31,"key":"CeramicFish"},{"floor":37,"key":"Torii"},{"floor":41,"key":"Anchor"},{"floor":43,"key":"Shovel"},{"floor":44,"key":"Paper Crane"},{"floor":46,"key":"Tingsha"},{"floor":48,"key":"Calipers"}],"event_choices":[{"damage_healed":0,"gold_gain":75,"player_choice":"Gather Gold","damage_taken":11,"max_hp_gain":0,"max_hp_loss":0,"event_name":"World of Goop","floor":2,"gold_loss":0},{"damage_healed":0,"gold_gain":0,"player_choice":"Success","damage_taken":18,"relics_obtained":["Akabeko"],"max_hp_gain":0,"max_hp_loss":0,"event_name":"Scrap Ooze","floor":3,"gold_loss":0},{"damage_healed":22,"gold_gain":0,"player_choice":"Banana","damage_taken":0,"max_hp_gain":0,"max_hp_loss":0,"event_name":"Big Fish","floor":4,"gold_loss":0},{"damage_healed":0,"gold_gain":0,"player_choice":"Lose Max HP","damage_taken":0,"relics_obtained":["Golden Idol"],"max_hp_gain":0,"max_hp_loss":6,"event_name":"Golden Idol","floor":5,"gold_loss":0},{"damage_healed":0,"gold_gain":0,"player_choice":"Fought Bandits","damage_taken":0,"max_hp_gain":0,"max_hp_loss":0,"event_name":"Masked Bandits","floor":21,"gold_loss":0},{"damage_healed":14,"gold_gain":0,"player_choice":"Heal","damage_taken":0,"max_hp_gain":0,"max_hp_loss":0,"event_name":"The Library","floor":27,"gold_loss":0},{"damage_healed":0,"gold_gain":0,"player_choice":"Ignored","damage_taken":0,"max_hp_gain":0,"max_hp_loss":0,"event_name":"Cursed Tome","floor":29,"gold_loss":0},{"damage_healed":0,"gold_gain":333,"player_choice":"Gave Idol","damage_taken":0,"max_hp_gain":0,"max_hp_loss":0,"event_name":"The Moai Head","floor":36,"relics_lost":["Golden Idol"],"gold_loss":0},{"damage_healed":0,"gold_gain":0,"player_choice":"Fight","damage_taken":0,"max_hp_gain":0,"max_hp_loss":0,"event_name":"Mysterious Sphere","floor":37,"gold_loss":0},{"damage_healed":0,"gold_gain":0,"player_choice":"Fight","damage_taken":0,"max_hp_gain":0,"max_hp_loss":0,"event_name":"MindBloom","floor":48,"gold_loss":0}],"is_beta":false,"boss_relics":[{"not_picked":["SlaversCollar","Busted Crown"],"picked":"Philosopher\u0027s Stone"},{"not_picked":["HoveringKite","Fusion Hammer"],"picked":"Pandora\u0027s Box"}],"items_purged_floors":[14,38],"is_endless":false,"potions_floor_spawned":[6,8,10,11,12,16,18,20,21,22,23,25,28,30,31,33,35,37,39,41,45,47,48],"ascension_level":18}}