{"host":"56xwnffi6e9z5l58","time":1608650250,"event":{"mods":["Aspiration","BaseMod","Better Match","Better Note","Better Sensory Stone","BetterRewards","Colored Map","Colored Powertips","Conspire","GifTheSpireLib","Hermit","Highlight Path","Hubris","Infinite Spire","Key Reminder","Minty Spire (QoL Compilation)","Permanent Neow","Quick Restart","Rare Cards Sparkle","Replay The Spire","StSLib","Stuff the Spire","SuperFastMode","Unceasing Turn Reminder"],"gold_per_floor":[115,115,142,142,163,163,206,227,253,293,318,339,339,57,57,188,188,211,211,211,228,248,248,274,274,274,34,34,64,97,138,138,243,243,283,299,311,261,261,288,318,369,369,433,474,206,234,272,272,378],"floor_reached":51,"playtime":2054,"items_purged":["Strike_B","Strike_B","Strike_B"],"score":1143,"play_id":"87ff18b6-fe1f-4350-8681-eda995e624fb","local_time":"20201222231730","is_ascension_mode":true,"campfire_choices":[{"data":"StuffTheSpire:Harmony","floor":6,"key":"SMITH"},{"data":"Hologram","floor":13,"key":"SMITH"},{"data":"StuffTheSpire:ForEach","floor":23,"key":"SMITH"},{"data":"Buffer","floor":25,"key":"SMITH"},{"data":"ReplayTheSpireMod:Chaos Vortex","floor":49,"key":"SMITH"}],"circlet_count":0,"master_deck":["AscendersBane","Strike_B","Defend_B","Defend_B","Defend_B","Defend_B","Zap","Dualcast","Hologram+1","Pot Of Greed+1","Pot Of Greed","StuffTheSpire:Harmony+1","Compile Driver","Go for the Eyes+1","Glacier","Darkness","StuffTheSpire:Synthwave","Hologram+1","hubris:PowerSurge","StuffTheSpire:ForEach+1","Electrodynamics","conspire:SharedLibrary","hubris:Ukulele+1","Redo","Buffer+1","Static Discharge","Sweeping Beam+1","Gash+1","Rebound+1","Multi-Cast+1","Draining Mist+1","aspiration:Polymerization+1","Time Bomb+1","conspire:SpireCoStock+1","ReplayTheSpireMod:Chaos Vortex+1","Burst+1","ReplayTheSpireMod:System Scan+1","hubris:PowerSurge","BasicCrystalCard+1","Parasite"],"relics":["Cracked Core","NeowsBlessing","Bloody Idol","Molten Egg 2","Replay:Baseball","Replay:Rubber Ducky","Sozu","Pet Ghost","hubris:Potato","Toxic Egg 2","Replay:Bandana","hubris:SlimyHat","aspiration:SilentSkillbook","hubris:MobiusCoin","aspiration:StickyExplosives_weak","StuffTheSpire:NeowsTribute","hubris:SoftwareUpdate","hubris:CuriousFeather","DollysMirror"],"acts_visited":["Exordium","TheCity","TheBeyond"],"potions_floor_usage":[10],"damage_taken":[{"damage":0,"enemies":"Cultist","floor":1,"turns":1},{"damage":0,"enemies":"Jaw Worm","floor":5,"turns":1},{"damage":0,"enemies":"Gremlin Nob","floor":7,"turns":1},{"damage":5,"enemies":"Small Slimes","floor":8,"turns":3},{"damage":26,"enemies":"3 Sentries","floor":10,"turns":9},{"damage":10,"enemies":"3 Louse","floor":11,"turns":4},{"damage":4,"enemies":"2 Fungi Beasts","floor":12,"turns":4},{"damage":27,"enemies":"Slime Boss","floor":16,"turns":6},{"damage":4,"enemies":"2 Thieves","floor":18,"turns":3},{"damage":6,"enemies":"Spheric Guardian","floor":21,"turns":4},{"damage":10,"enemies":"Snake Plant","floor":22,"turns":3},{"damage":0,"enemies":"conspire:SneckoGhost","floor":24,"turns":6},{"damage":24,"enemies":"Gremlin Leader","floor":29,"turns":4},{"damage":0,"enemies":"Sentry and Sphere","floor":30,"turns":3},{"damage":0,"enemies":"Book of Stabbing","floor":31,"turns":4},{"damage":38,"enemies":"Automaton","floor":33,"turns":9},{"damage":25,"enemies":"3 Darklings","floor":35,"turns":3},{"damage":0,"enemies":"3 Shapes","floor":36,"turns":3},{"damage":46,"enemies":"Jaw Worm Horde","floor":37,"turns":4},{"damage":0,"enemies":"Spire Growth","floor":40,"turns":4},{"damage":9,"enemies":"Nemesis","floor":41,"turns":7},{"damage":30,"enemies":"conspire:MimicChest","floor":42,"turns":8},{"damage":9,"enemies":"Giant Head","floor":44,"turns":7},{"damage":11,"enemies":"Sphere and 2 Shapes","floor":45,"turns":7},{"damage":0,"enemies":"3 Darklings","floor":47,"turns":4},{"damage":4,"enemies":"Writhing Mass","floor":48,"turns":6},{"damage":33,"enemies":"Replay:Hell Engine","floor":50,"turns":14}],"seed_played":"8444915005151074363","potions_obtained":[{"floor":1,"key":"Adrenaline Potion"},{"floor":8,"key":"SkillPotion"},{"floor":10,"key":"FearPotion"},{"floor":12,"key":"Block Potion"}],"is_trial":false,"path_per_floor":["M","?","T","?","M","R","E","M","T","E","M","M","R","$","R_BF","B",null,"M","?","?","M","M","R","E","R","T","$","?","E","M","E","R_BF","B",null,"M","M","M","?","AVR","M","E","?","T","E","M","$","M","M","R","B",null],"character_chosen":"DEFECT","items_purchased":["hubris:PowerSurge","StuffTheSpire:ForEach","Toxic Egg 2","ReplayTheSpireMod:System Scan+1","DollysMirror"],"campfire_rested":0,"item_purchase_floors":[14,14,27,46,46],"current_hp_per_floor":[68,50,50,50,50,50,50,50,50,30,26,28,28,28,50,33,65,68,68,68,74,75,75,75,75,75,75,75,58,70,75,75,45,68,57,71,41,41,41,61,75,60,60,75,75,75,75,75,75,68],"gold":378,"neow_bonus":"THREE_ENEMY_KILL","is_daily":false,"chose_seed":false,"campfire_upgraded":5,"win_rate":0.0,"timestamp":1608650250,"path_taken":["M","?","?","?","M","R","E","M","T","E","M","M","R","$","R_BF","BOSS","M","?","?","?","M","R","E","R","T","$","?","E","?","E","R_BF","BOSS","M","M","M","?","AVR","M","E","?","T","E","M","$","M","M","R","BOSS"],"items_purchased_type":["Card","Card","Relic","Card","Relic"],"build_version":"2020-12-13","purchased_purges":3,"victory":true,"max_hp_per_floor":[75,75,75,75,75,75,75,75,75,75,75,75,75,75,75,75,75,75,75,75,75,75,75,75,75,75,75,75,75,75,75,75,75,75,75,75,75,75,75,75,75,75,75,75,75,75,75,75,75,75],"card_choices":[{"not_picked":["Conserve Battery","StuffTheSpire:LoadUp"],"picked":"Hologram","floor":1},{"not_picked":["StuffTheSpire:Innocence","StuffTheSpire:Perfection"],"picked":"StuffTheSpire:Harmony","floor":4},{"not_picked":["Leap","Cold Snap"],"picked":"Compile Driver","floor":5},{"not_picked":["Steam","StuffTheSpire:GlassShard+1"],"picked":"Go for the Eyes+1","floor":7},{"not_picked":["Cold Snap+1","Meteor Strike+1"],"picked":"Glacier","floor":8},{"not_picked":["Redo","Recycle"],"picked":"Darkness","floor":10},{"not_picked":["Coolheaded","Turbo"],"picked":"StuffTheSpire:Synthwave","floor":11},{"not_picked":["Panic Button","Sunder+1"],"picked":"Hologram","floor":12},{"not_picked":["StuffTheSpire:ForEach","StuffTheSpire:EventHorizon"],"picked":"Electrodynamics","floor":16},{"not_picked":["Sweeping Beam+1","Redo"],"picked":"conspire:SharedLibrary","floor":18},{"not_picked":["Turbo+1","Hologram"],"picked":"Redo","floor":21},{"not_picked":["StuffTheSpire:GlassShard+1","Turbo"],"picked":"Buffer","floor":22},{"not_picked":["Beam Cell+1","Fusion"],"picked":"Static Discharge","floor":24},{"not_picked":["Turbo+1","Stack+1"],"picked":"Sweeping Beam+1","floor":29},{"not_picked":["Compile Driver+1","Scrape+1"],"picked":"Gash+1","floor":30},{"not_picked":["Skim+1","Redo+1"],"picked":"Rebound+1","floor":31},{"not_picked":["Seek+1","StuffTheSpire:ForEach+1"],"picked":"Multi-Cast+1","floor":33},{"not_picked":["Blade Dance+1","Concentrate+1","Crystallizer"],"picked":"Draining Mist+1","floor":35},{"not_picked":["Underhanded Strike+1","StuffTheSpire:LoadUp+1","Flying Knee+1"],"picked":"aspiration:Polymerization+1","floor":36},{"not_picked":["ReplayTheSpireMod:GoodbyeWorld","StuffTheSpire:BrimstoneBlast+1","Dodge and Roll+1"],"picked":"Time Bomb+1","floor":37},{"not_picked":["Go for the Eyes+1","Masterful Stab+1","StuffTheSpire:ClusterCrunch+1","Dodge and Roll+1"],"picked":"SKIP","floor":40},{"not_picked":["Steam+1","hubris:DoWhile+1","ReplayTheSpireMod:Speed Training+1","Hidden Blade+1"],"picked":"SKIP","floor":41},{"not_picked":["StuffTheSpire:Shiver+1","Undo+1","Rebound+1","StuffTheSpire:LoadUp+1"],"picked":"SKIP","floor":44},{"not_picked":["StuffTheSpire:ClusterCrunch+1","Flying Knee+1","Tactician+1"],"picked":"Burst+1","floor":45},{"not_picked":["Dagger Spray+1","Deflect+1","ReplayTheSpireMod:Repulse+1"],"picked":"BasicCrystalCard+1","floor":47},{"not_picked":["Distraction+1","Coolheaded+1","Steam+1","StuffTheSpire:Incursion+1"],"picked":"SKIP","floor":48}],"player_experience":945802,"relics_obtained":[{"floor":3,"key":"Grinning Jar"},{"floor":7,"key":"Molten Egg 2"},{"floor":9,"key":"Replay:Baseball"},{"floor":10,"key":"Replay:Rubber Ducky"},{"floor":24,"key":"Pet Ghost"},{"floor":26,"key":"hubris:Potato"},{"floor":29,"key":"Replay:Bandana"},{"floor":31,"key":"hubris:SlimyHat"},{"floor":41,"key":"aspiration:StickyExplosives_weak"},{"floor":42,"key":"StuffTheSpire:NeowsTribute"},{"floor":43,"key":"hubris:SoftwareUpdate"},{"floor":44,"key":"hubris:CuriousFeather"}],"event_choices":[{"damage_healed":0,"gold_gain":0,"player_choice":"Take Damage","damage_taken":18,"relics_obtained":["Golden Idol"],"max_hp_gain":0,"max_hp_loss":0,"event_name":"Golden Idol","floor":2,"gold_loss":0},{"damage_healed":0,"gold_gain":0,"player_choice":"Gave Idol","damage_taken":0,"relics_obtained":["Bloody Idol"],"max_hp_gain":0,"max_hp_loss":0,"event_name":"Forgotten Altar","floor":19,"relics_lost":["Golden Idol"],"gold_loss":0},{"damage_healed":0,"gold_gain":0,"player_choice":"Read","damage_taken":0,"max_hp_gain":0,"max_hp_loss":0,"event_name":"The Library","floor":20,"gold_loss":0,"cards_obtained":["hubris:Ukulele"]},{"damage_healed":0,"gold_gain":0,"player_choice":"Got Potions","damage_taken":0,"max_hp_gain":0,"max_hp_loss":0,"event_name":"Lab","floor":28,"gold_loss":0},{"damage_healed":0,"gold_gain":0,"player_choice":"Invest 1","damage_taken":0,"max_hp_gain":0,"max_hp_loss":0,"event_name":"conspire:Investor","floor":38,"gold_loss":0}],"is_beta":false,"boss_relics":[{"not_picked":["StuffTheSpire:RunicConfusion","hubris:ScarierMask"],"picked":"Sozu"},{"not_picked":["Busted Crown","StuffTheSpire:RunicHypercube"],"picked":"aspiration:SilentSkillbook"}],"items_purged_floors":[14,39,46],"is_endless":false,"potions_floor_spawned":[1,8,10,12,22,29,33,37,41,45,47,48],"ascension_level":12}}