{"host":"r53pw7z744tg3fxg","time":1608655687,"event":{"mods":["AchievementEnabler","BaseMod","Colored Map","Colored Powertips","Highlight Path","Minty Spire (QoL Compilation)","Quick Restart","Transform Curses"],"gold_per_floor":[110,122,142,142,159,192,192,205,205,205,234,250,285,305,305,408,408,422,456,8,23,23,23,52,52,75,91,91,43,68,86,86,184,184,199,24,72,122,142,177,177,187,259,259,275,275,4,18,18,18],"floor_reached":51,"playtime":2662,"items_purged":["Regret"],"score":1077,"play_id":"f841c131-8464-42ec-a1a5-e1eacbb70ef8","local_time":"20201222094807","is_ascension_mode":true,"campfire_choices":[{"floor":7.0,"key":"REST"},{"floor":15.0,"key":"REST"},{"floor":23.0,"key":"REST"},{"data":"Eruption","floor":25.0,"key":"SMITH"},{"data":"Judgement","floor":32.0,"key":"SMITH"},{"data":"BattleHymn","floor":41.0,"key":"SMITH"},{"data":"Crescendo","floor":44.0,"key":"SMITH"},{"data":"Panacea","floor":46.0,"key":"SMITH"},{"data":"SashWhip","floor":49.0,"key":"SMITH"}],"circlet_count":0,"master_deck":["Strike_P","Strike_P","Strike_P","Strike_P","Defend_P","Defend_P","Defend_P","Defend_P","Eruption+1","Vigilance","Panacea+1","BowlingBash","BattleHymn+1","ClearTheMind","SashWhip+1","Sanctity","Perseverance","FollowUp","Consecrate","Evaluate","Judgement+1","DeusExMachina","CarveReality","RitualDagger","ThirdEye","Ragnarok","CurseOfTheBell","Halt","FlurryOfBlows","EmptyBody+1","Prostrate","Crescendo+1","Nirvana","WheelKick"],"relics":["PureWater","Letter Opener","Oddly Smooth Stone","Pantograph","TeardropLocket","Shuriken","Blood Vial","Busted Crown","Red Mask","Eternal Feather","Meat on the Bone","Akabeko","Damaru","Calling Bell","Bronze Scales","White Beast Statue","TungstenRod","Sling","StoneCalendar","GoldenEye","WingedGreaves","HornCleat","HandDrill"],"acts_visited":["Exordium","TheCity","TheBeyond"],"potions_floor_usage":[50,50,50],"damage_taken":[{"damage":0.0,"enemies":"Small Slimes","floor":1.0,"turns":4.0},{"damage":2.0,"enemies":"Jaw Worm","floor":2.0,"turns":3.0},{"damage":0.0,"enemies":"2 Louse","floor":3.0,"turns":2.0},{"damage":5.0,"enemies":"Exordium Wildlife","floor":5.0,"turns":4.0},{"damage":9.0,"enemies":"3 Sentries","floor":6.0,"turns":5.0},{"damage":3.0,"enemies":"Red Slaver","floor":8.0,"turns":2.0},{"damage":8.0,"enemies":"Gremlin Nob","floor":11.0,"turns":3.0},{"damage":4.0,"enemies":"Exordium Thugs","floor":12.0,"turns":4.0},{"damage":6.0,"enemies":"3 Sentries","floor":13.0,"turns":5.0},{"damage":2.0,"enemies":"Looter","floor":14.0,"turns":2.0},{"damage":37.0,"enemies":"The Guardian","floor":16.0,"turns":8.0},{"damage":12.0,"enemies":"Shell Parasite","floor":18.0,"turns":6.0},{"damage":4.0,"enemies":"Masked Bandits","floor":19.0,"turns":3.0},{"damage":3.0,"enemies":"3 Byrds","floor":21.0,"turns":4.0},{"damage":1.0,"enemies":"Gremlin Leader","floor":24.0,"turns":4.0},{"damage":0.0,"enemies":"Sentry and Sphere","floor":27.0,"turns":2.0},{"damage":38.0,"enemies":"Book of Stabbing","floor":30.0,"turns":5.0},{"damage":1.0,"enemies":"Cultist and Chosen","floor":31.0,"turns":4.0},{"damage":65.0,"enemies":"Automaton","floor":33.0,"turns":10.0},{"damage":0.0,"enemies":"3 Darklings","floor":35.0,"turns":3.0},{"damage":35.0,"enemies":"2 Orb Walkers","floor":37.0,"turns":6.0},{"damage":6.0,"enemies":"Mind Bloom Boss Battle","floor":38.0,"turns":9.0},{"damage":11.0,"enemies":"Orb Walker","floor":39.0,"turns":4.0},{"damage":28.0,"enemies":"Giant Head","floor":40.0,"turns":6.0},{"damage":8.0,"enemies":"Spire Growth","floor":42.0,"turns":4.0},{"damage":36.0,"enemies":"Writhing Mass","floor":45.0,"turns":4.0},{"damage":14.0,"enemies":"Sphere and 2 Shapes","floor":48.0,"turns":4.0},{"damage":58,"enemies":"Time Eater","floor":50,"turns":7}],"seed_played":"7661390127913641249","potions_obtained":[{"floor":3.0,"key":"Block Potion"},{"floor":5.0,"key":"LiquidMemories"},{"floor":6.0,"key":"LiquidBronze"},{"floor":11.0,"key":"StancePotion"},{"floor":13.0,"key":"SteroidPotion"},{"floor":21.0,"key":"SneckoOil"},{"floor":24.0,"key":"Ambrosia"},{"floor":27.0,"key":"Energy Potion"},{"floor":33.0,"key":"BlessingOfTheForge"},{"floor":35.0,"key":"BottledMiracle"},{"floor":37.0,"key":"Explosive Potion"},{"floor":38.0,"key":"Swift Potion"},{"floor":39.0,"key":"Block Potion"},{"floor":40.0,"key":"GamblersBrew"},{"floor":42.0,"key":"Ancient Potion"},{"floor":45.0,"key":"AttackPotion"}],"is_trial":false,"path_per_floor":["M","M","M","?","M","E","R","M","T","?","E","M","E","M","R","B",null,"M","?","$","M","?","R","E","R","T","M","?","$","E","M","R","B",null,"M","$","?","?","M","E","R","M","T","R","M","R","$","M","R","B",null],"character_chosen":"WATCHER","items_purchased":["Eternal Feather","CarveReality","PowerPotion","Explosive Potion","Sling","FlurryOfBlows","HandDrill","Nirvana","SteroidPotion"],"campfire_rested":3,"item_purchase_floors":[20,20,20,29,36,36,47,47,47],"current_hp_per_floor":[65,63,63,56,51,42,63,60,60,60,52,48,42,42,63,35,63,53,51,51,50,44,72,71,72,72,72,72,72,46,47,62,19,59,61,61,40,61,52,38,56,50,50,68,46,64,64,52,70,26],"gold":18,"neow_bonus":"RANDOM_COLORLESS","is_daily":false,"chose_seed":false,"campfire_upgraded":6,"win_rate":0.0,"timestamp":1608655687,"path_taken":["M","M","M","?","M","E","R","M","T","?","E","M","E","M","R","BOSS","M","?","$","M","?","R","E","R","T","M","?","?","E","M","R","BOSS","M","$","?","?","M","E","R","M","T","R","M","R","$","M","R","BOSS"],"items_purchased_type":["Relic","Card","Potion","Potion","Relic","Card","Relic","Card","Potion"],"build_version":"2020-12-13","purchased_purges":1,"victory":true,"max_hp_per_floor":[72,72,72,72,72,72,72,72,72,72,72,72,72,72,72,72,72,72,72,72,72,72,72,72,72,72,72,72,72,72,72,72,72,72,72,72,72,72,72,72,72,72,72,72,72,72,72,72,72,72],"card_choices":[{"not_picked":["Trip","Madness"],"picked":"Panacea","floor":0.0},{"not_picked":["FollowUp","PathToVictory"],"picked":"BowlingBash","floor":1.0},{"not_picked":["WindmillStrike","EmptyMind"],"picked":"BattleHymn","floor":2.0},{"not_picked":["MentalFortress","SignatureMove"],"picked":"ClearTheMind","floor":3.0},{"not_picked":["Meditate","CutThroughFate"],"picked":"SashWhip","floor":5.0},{"not_picked":["ThirdEye","LikeWater"],"picked":"Sanctity","floor":6.0},{"not_picked":["Halt","Protect"],"picked":"Perseverance","floor":8.0},{"not_picked":["Ragnarok","Crescendo"],"picked":"FollowUp","floor":11.0},{"not_picked":["Adaptation","Weave"],"picked":"Consecrate","floor":12.0},{"not_picked":["Study","JustLucky"],"picked":"Evaluate","floor":13.0},{"not_picked":["Weave","Worship"],"picked":"Judgement","floor":14.0},{"not_picked":["Alpha","Wish"],"picked":"DeusExMachina","floor":16.0},{"not_picked":["Vengeance"],"picked":"SKIP","floor":18.0},{"not_picked":["SandsOfTime"],"picked":"SKIP","floor":21.0},{"not_picked":["Nirvana"],"picked":"SKIP","floor":24.0},{"not_picked":[],"picked":"ThirdEye","floor":27.0},{"not_picked":["BowlingBash"],"picked":"SKIP","floor":30.0},{"not_picked":["Fasting2"],"picked":"SKIP","floor":31.0},{"not_picked":[],"picked":"Ragnarok","floor":33.0},{"not_picked":[],"picked":"Halt","floor":35.0},{"not_picked":[],"picked":"EmptyBody+1","floor":37.0},{"not_picked":[],"picked":"Prostrate","floor":39.0},{"not_picked":[],"picked":"Crescendo","floor":40.0},{"not_picked":["Crescendo+1"],"picked":"SKIP","floor":42.0},{"not_picked":["CrushJoints"],"picked":"SKIP","floor":45.0},{"not_picked":[],"picked":"WheelKick","floor":48.0}],"player_experience":1138724,"relics_obtained":[{"floor":6.0,"key":"Oddly Smooth Stone"},{"floor":9.0,"key":"Pantograph"},{"floor":11.0,"key":"Shuriken"},{"floor":13.0,"key":"Blood Vial"},{"floor":19.0,"key":"Red Mask"},{"floor":24.0,"key":"Meat on the Bone"},{"floor":26.0,"key":"Akabeko"},{"floor":30.0,"key":"Damaru"},{"floor":34.0,"key":"Bronze Scales"},{"floor":34.0,"key":"White Beast Statue"},{"floor":34.0,"key":"TungstenRod"},{"floor":37.0,"key":"StoneCalendar"},{"floor":38.0,"key":"GoldenEye"},{"floor":40.0,"key":"WingedGreaves"},{"floor":43.0,"key":"HornCleat"}],"event_choices":[{"damage_healed":0.0,"max_hp_gain":0.0,"max_hp_loss":0.0,"gold_gain":0.0,"event_name":"Scrap Ooze","player_choice":"Success","floor":4.0,"gold_loss":0.0,"damage_taken":7.0,"relics_obtained":["Letter Opener"]},{"damage_healed":0.0,"max_hp_gain":0.0,"max_hp_loss":0.0,"gold_gain":0.0,"event_name":"Big Fish","player_choice":"Box","floor":10.0,"gold_loss":0.0,"damage_taken":0.0,"relics_obtained":["TeardropLocket"],"cards_obtained":["Regret"]},{"damage_healed":0.0,"max_hp_gain":0.0,"max_hp_loss":0.0,"gold_gain":0.0,"event_name":"Masked Bandits","player_choice":"Fought Bandits","floor":19.0,"gold_loss":0.0,"damage_taken":0.0},{"damage_healed":0.0,"max_hp_gain":0.0,"max_hp_loss":0.0,"gold_gain":0.0,"event_name":"Nest","player_choice":"Joined the Cult","floor":22.0,"gold_loss":0.0,"damage_taken":6.0,"cards_obtained":["RitualDagger"]},{"damage_healed":0.0,"max_hp_gain":0.0,"max_hp_loss":0.0,"gold_gain":0.0,"event_name":"Beggar","player_choice":"Ignored","floor":28.0,"gold_loss":0.0,"damage_taken":0.0},{"damage_healed":0.0,"max_hp_gain":0.0,"max_hp_loss":0.0,"gold_gain":0.0,"event_name":"Mysterious Sphere","player_choice":"Fight","floor":37.0,"gold_loss":0.0,"damage_taken":0.0},{"damage_healed":0.0,"max_hp_gain":0.0,"max_hp_loss":0.0,"gold_gain":0.0,"event_name":"MindBloom","player_choice":"Fight","floor":38.0,"gold_loss":0.0,"damage_taken":0.0}],"is_beta":false,"boss_relics":[{"not_picked":["Sozu","SlaversCollar"],"picked":"Busted Crown"},{"not_picked":["Cursed Key","SacredBark"],"picked":"Calling Bell"}],"items_purged_floors":[20],"is_endless":false,"potions_floor_spawned":[3,5,6,11,13,21,24,27,33,35,37,38,39,40,42,45,48],"ascension_level":7}}