{"host":"m6aaltr68g9tvoay","time":1608619588,"event":{"mods":["AchievementEnabler","BaseMod","Colored Map","Minty Spire (QoL Compilation)","StSLib"],"gold_per_floor":[114,114,74,89,104,104,134,134,134,149,164,194,209,174,174,274,274,259,9,9,9,9,39,54,84,134,149,149,179,194,209,209,209,209],"floor_reached":33,"playtime":1456,"items_purged":[],"score":367,"play_id":"ea2ca1f7-8686-4322-98dd-028c58c29138","local_time":"20201221224628","daily_mods":["Allstar","Diverse","DeadlyEvents"],"is_ascension_mode":false,"campfire_choices":[{"data":"The Bomb","floor":6,"key":"SMITH"},{"data":"Distraction","floor":8,"key":"SMITH"},{"data":"Streamline","floor":15,"key":"SMITH"},{"floor":28,"key":"REST"},{"floor":32,"key":"REST"}],"circlet_count":0,"master_deck":["Strike_B+1","Strike_B+1","Strike_B+1","Strike_B+1","Defend_B+1","Defend_B+1","Defend_B+1","Defend_B+1","Zap","Dualcast","Chrysalis","Enlightenment","Good Instincts","The Bomb+1","Thinking Ahead","BootSequence","Shrug It Off","Distraction+1","Streamline+1","Glass Knife","RitualDagger","Necronomicurse","Swivel+1","Conserve Battery+1","Cleave+1","Flying Knee+1","WaveOfTheHand+1","Armaments+1"],"relics":["Cracked Core","Unceasing Top","Letter Opener","Ginger","Black Star","Toxic Egg 2","Necronomicon","Strawberry","Ancient Tea Set","Centennial Puzzle","FossilizedHelix","Art of War","Vajra","Regal Pillow"],"acts_visited":["Exordium","TheCity"],"potions_floor_usage":[16,23,24,33,33],"damage_taken":[{"damage":1,"enemies":"Jaw Worm","floor":1,"turns":4},{"damage":1,"enemies":"2 Louse","floor":4,"turns":3},{"damage":0,"enemies":"Cultist","floor":5,"turns":4},{"damage":7,"enemies":"Lagavulin","floor":7,"turns":7},{"damage":10,"enemies":"2 Fungi Beasts","floor":10,"turns":3},{"damage":1,"enemies":"3 Louse","floor":11,"turns":3},{"damage":1,"enemies":"3 Sentries","floor":12,"turns":4},{"damage":2,"enemies":"Looter","floor":13,"turns":3},{"damage":0,"enemies":"Slime Boss","floor":16,"turns":6},{"damage":15,"enemies":"2 Thieves","floor":18,"turns":4},{"damage":22,"enemies":"Book of Stabbing","floor":23,"turns":5},{"damage":12,"enemies":"Shell Parasite","floor":24,"turns":5},{"damage":9,"enemies":"Slavers","floor":25,"turns":3},{"damage":7,"enemies":"Snake Plant","floor":27,"turns":3},{"damage":18,"enemies":"Gremlin Leader","floor":29,"turns":7},{"damage":0,"enemies":"Chosen and Byrds","floor":30,"turns":5},{"damage":8,"enemies":"Centurion and Healer","floor":31,"turns":5},{"damage":68,"enemies":"Automaton","floor":33,"turns":8}],"seed_played":"-7682526130134428503","potions_obtained":[{"floor":3,"key":"DuplicationPotion"},{"floor":3,"key":"Swift Potion"},{"floor":3,"key":"FearPotion"},{"floor":7,"key":"Block Potion"},{"floor":16,"key":"FairyPotion"},{"floor":23,"key":"Block Potion"},{"floor":27,"key":"SneckoOil"},{"floor":30,"key":"FocusPotion"}],"is_trial":false,"path_per_floor":["M","?","?","M","M","R","E","R","T","M","M","E","M","?","R","B",null,"M","$","?","?","?","E","M","E","T","M","R","E","M","M","R","B"],"character_chosen":"DEFECT","items_purchased":["Toxic Egg 2"],"campfire_rested":2,"item_purchase_floors":[19],"current_hp_per_floor":[74,79,79,78,78,78,71,71,71,61,60,59,57,77,77,77,80,65,65,65,59,43,28,16,7,7,26,52,34,34,26,67,0,0],"gold":209,"neow_bonus":"","is_daily":true,"chose_seed":false,"campfire_upgraded":3,"win_rate":0.0,"timestamp":1608619588,"path_taken":["M","?","?","M","M","R","E","R","T","M","M","?","M","?","R","BOSS","M","$","?","?","?","E","M","?","T","M","R","?","M","M","R","BOSS"],"items_purchased_type":["Relic"],"build_version":"2020-12-13","purchased_purges":0,"victory":false,"max_hp_per_floor":[75,80,80,80,80,80,80,80,80,80,80,80,80,80,80,80,80,80,80,80,80,80,87,87,87,87,87,87,87,87,87,87,87,87],"card_choices":[{"not_picked":["Shrug It Off","Skewer"],"picked":"BootSequence","floor":1},{"not_picked":["Prostrate","Coolheaded","EmptyFist"],"picked":"SKIP","floor":4},{"not_picked":["Grand Finale","Leap"],"picked":"Shrug It Off","floor":5},{"not_picked":["Wireheading","Sanctity"],"picked":"Distraction","floor":7},{"not_picked":["True Grit","Iron Wave"],"picked":"Streamline","floor":10},{"not_picked":["Heatsinks","Redo","Skim"],"picked":"SKIP","floor":11},{"not_picked":["Adaptation","Acrobatics","Steam"],"picked":"SKIP","floor":12},{"not_picked":["Redo","Creative AI","ClearTheMind"],"picked":"SKIP","floor":13},{"not_picked":["Doppelganger","Establishment"],"picked":"Glass Knife","floor":16},{"not_picked":["Capacitor","Barrage","Anger+1"],"picked":"SKIP","floor":18},{"not_picked":["Anger+1","WindmillStrike"],"picked":"Swivel+1","floor":23},{"not_picked":["Dual Wield+1","BowlingBash+1"],"picked":"Conserve Battery+1","floor":24},{"not_picked":["Ball Lightning+1","MasterReality"],"picked":"Cleave+1","floor":25},{"not_picked":["Perfected Strike","Clash+1"],"picked":"Flying Knee+1","floor":27},{"not_picked":["Pummel","JustLucky"],"picked":"WaveOfTheHand+1","floor":29},{"not_picked":["Bane","FlyingSleeves"],"picked":"Armaments+1","floor":30},{"not_picked":["Sunder","Deadly Poison+1","BowlingBash"],"picked":"SKIP","floor":31}],"player_experience":1286382,"relics_obtained":[{"floor":7,"key":"Unceasing Top"},{"floor":9,"key":"Letter Opener"},{"floor":12,"key":"Ginger"},{"floor":22,"key":"Necronomicon"},{"floor":23,"key":"Strawberry"},{"floor":23,"key":"Ancient Tea Set"},{"floor":25,"key":"Centennial Puzzle"},{"floor":25,"key":"FossilizedHelix"},{"floor":26,"key":"Art of War"},{"floor":29,"key":"Vajra"},{"floor":29,"key":"Regal Pillow"}],"event_choices":[{"damage_healed":0,"gold_gain":0,"player_choice":"Donut","damage_taken":0,"max_hp_gain":5,"max_hp_loss":0,"event_name":"Big Fish","floor":2,"gold_loss":0},{"damage_healed":0,"gold_gain":0,"player_choice":"Bought 3 Potions","damage_taken":0,"max_hp_gain":0,"max_hp_loss":0,"event_name":"The Woman in Blue","floor":3,"gold_loss":0},{"damage_healed":20,"gold_gain":0,"player_choice":"Healed","damage_taken":0,"max_hp_gain":0,"max_hp_loss":0,"event_name":"The Cleric","floor":14,"gold_loss":35},{"damage_healed":0,"gold_gain":0,"player_choice":"Simplicity","damage_taken":0,"max_hp_gain":0,"max_hp_loss":0,"event_name":"Back to Basics","floor":20,"gold_loss":0,"cards_upgraded":["Strike_B","Strike_B","Strike_B","Strike_B","Defend_B","Defend_B","Defend_B","Defend_B"]},{"damage_healed":0,"gold_gain":0,"player_choice":"Joined the Cult","damage_taken":6,"max_hp_gain":0,"max_hp_loss":0,"event_name":"Nest","floor":21,"gold_loss":0,"cards_obtained":["RitualDagger"]},{"damage_healed":0,"gold_gain":0,"player_choice":"Obtained Book","damage_taken":16,"max_hp_gain":0,"max_hp_loss":0,"event_name":"Cursed Tome","floor":22,"gold_loss":0}],"is_beta":false,"boss_relics":[{"not_picked":["Cursed Key","Inserter"],"picked":"Black Star"}],"items_purged_floors":[],"is_endless":false,"potions_floor_spawned":[4,5,7,16,23,27,30],"killed_by":"Automaton","ascension_level":0}}