{"host":"6hzrz31j95f2y1pa","time":1608601966,"event":{"mods":["BaseMod","Colored Map","Downfall","Minty Spire (QoL Compilation)","StSLib"],"gold_per_floor":[99,115,126,143,157,185,210,310,342,267,280,297,2,15,29,134,134,134,146,146,163,175,175,226,111,124,49,74,74,84,118,129,228,228,153,163,95,95,114,114,114,114,128,153,171,182,192,203,221,221,221,254,61,61,61],"floor_reached":56,"playtime":3512,"items_purged":["Regret","hexamod:Haunted","champ:EnchantShield"],"score":1441,"play_id":"02b8497a-31b3-4b57-9f24-709264154701","local_time":"20201221205246","is_ascension_mode":true,"campfire_choices":[{"data":"champ:Taunt","floor":1,"key":"SMITH"},{"floor":10,"key":"REST"},{"floor":18,"key":"RECALL"},{"data":"champ:PerfectForm","floor":27,"key":"SMITH"},{"data":"champ:IronFortress","floor":29,"key":"SMITH"},{"data":"champ:SteelEdge","floor":35,"key":"SMITH"},{"data":"champ:Taunt","floor":42,"key":"SMITH"},{"data":"champ:FalseCounter","floor":54,"key":"SMITH"}],"circlet_count":0,"master_deck":["champ:Execute","champ:Taunt+1","champ:SwordSigil","champ:ShieldSigil","champ:RecklessLeap","champ:FalseCounter+1","champ:SteelEdge+1","champ:Devastate","champ:DefensiveStyle","champ:SwordSigil","champ:TornadoPunch","champ:Haymaker","champ:BerserkersShout","champ:DefensiveStyle","champ:DefensiveShout+1","champ:Taunt+1","Panacea","champ:BringItOn","champ:PerfectForm+1","champ:FaceSlap","champ:IronFortress+1","champ:AdrenalArmor","champ:Backstep","champ:PreciseThrust","champ:CrownThrow","champ:Lariat+1","champ:Circumvent+1","champ:IronFortress+1","champ:ShieldThrow","champ:Backstep+1","champ:CrookedStrike+1","expansioncontent:DonusPower","expansioncontent:Hexaburn","champ:SwordSigil+1","champ:ArenaPreparation"],"relics":["Pandora\u0027s Box","Anchor","downfall:GremlinSack","Art of War","downfall:HeartBlessingBlue","Cursed Key","War Paint","downfall:HeartBlessingRed","Sundial","Tiny Chest","champ:ChampionCrownUpgraded","downfall:HeartBlessingGreen","Chemical X","Bronze Scales","Strawberry","TungstenRod"],"acts_visited":["Exordium","TheCity","TheBeyond","TheEnding"],"potions_floor_usage":[8,16,25,31,33,33,55,55],"damage_taken":[{"damage":0,"enemies":"2 Louse","floor":2,"turns":2},{"damage":15,"enemies":"Cultist","floor":3,"turns":3},{"damage":15,"enemies":"Small Slimes","floor":4,"turns":3},{"damage":5,"enemies":"2 Fungi Beasts","floor":5,"turns":2},{"damage":43,"enemies":"Lagavulin","floor":6,"turns":4},{"damage":24,"enemies":"Lagavulin","floor":8,"turns":4},{"damage":20,"enemies":"3 Sentries","floor":9,"turns":5},{"damage":11,"enemies":"3 Louse","floor":11,"turns":3},{"damage":5,"enemies":"Blue Slaver","floor":12,"turns":2},{"damage":36,"enemies":"downfall:FleeingMerchant","floor":13,"turns":4},{"damage":5,"enemies":"Red Slaver","floor":14,"turns":2},{"damage":17,"enemies":"Large Slime","floor":15,"turns":4},{"damage":41,"enemies":"downfall:Ironclad","floor":16,"turns":6},{"damage":1,"enemies":"Shell Parasite","floor":19,"turns":4},{"damage":37,"enemies":"3 Byrds","floor":21,"turns":3},{"damage":21,"enemies":"Sentry and Sphere","floor":22,"turns":5},{"damage":26,"enemies":"downfall:FleeingMerchant","floor":25,"turns":4},{"damage":8,"enemies":"Snake Plant","floor":26,"turns":4},{"damage":69,"enemies":"Book of Stabbing","floor":28,"turns":4},{"damage":2,"enemies":"Shelled Parasite and Fungi","floor":30,"turns":4},{"damage":50,"enemies":"Gremlin Leader","floor":31,"turns":5},{"damage":32,"enemies":"Cultist and Chosen","floor":32,"turns":3},{"damage":60,"enemies":"downfall:Defect","floor":33,"turns":8},{"damage":76,"enemies":"3 Darklings","floor":36,"turns":6},{"damage":9,"enemies":"downfall:FleeingMerchant","floor":37,"turns":1},{"damage":24,"enemies":"Orb Walker","floor":39,"turns":2},{"damage":9,"enemies":"Jaw Worm Horde","floor":43,"turns":2},{"damage":60,"enemies":"Reptomancer","floor":44,"turns":5},{"damage":71,"enemies":"Maw","floor":45,"turns":4},{"damage":86,"enemies":"Transient","floor":46,"turns":5},{"damage":51,"enemies":"Jaw Worm Horde","floor":47,"turns":2},{"damage":52,"enemies":"Maw","floor":48,"turns":4},{"damage":10,"enemies":"Sphere and 2 Shapes","floor":49,"turns":4},{"damage":45,"enemies":"downfall:Silent","floor":50,"turns":2},{"damage":76,"enemies":"downfall:CharBossMerchant","floor":52,"turns":5},{"damage":143,"enemies":"downfall:NeowBoss","floor":55,"turns":17}],"seed_played":"2685081295449906039","potions_obtained":[{"floor":5,"key":"SneckoOil"},{"floor":9,"key":"ColorlessPotion"},{"floor":12,"key":"SteroidPotion"},{"floor":16,"key":"hexamod:EctoCoolerPotion"},{"floor":19,"key":"Dexterity Potion"},{"floor":28,"key":"Weak Potion"},{"floor":33,"key":"SmokeBomb"},{"floor":36,"key":"EntropicBrew"},{"floor":43,"key":"SkillPotion"},{"floor":49,"key":"PowerPotion"}],"is_trial":false,"path_per_floor":["R","M","M","M","M","E","T","?","E","R","M","M","$","M","M","B",null,"R","M","?","M","M","?","T","$","M","R","E","R","M","E","M","B",null,"R","M","$","?","M","?","T","R","M","E","M","M","M","M","M","B",null,"E","$","R","B",null],"character_chosen":"THE_CHAMP","items_purchased":["champ:IronFortress","champ:AdrenalArmor","DuplicationPotion","Chemical X","Bronze Scales","CultistPotion","champ:ArenaPreparation"],"campfire_rested":1,"item_purchase_floors":[13,13,13,37,37,37,53],"current_hp_per_floor":[90,90,84,76,76,50,50,31,14,54,49,47,39,36,36,27,100,100,99,99,99,99,99,99,96,91,91,70,70,70,55,55,45,100,100,76,76,71,71,71,71,71,71,78,78,78,78,77,77,66,107,107,107,107,90],"gold":61,"neow_bonus":"BOSS_RELIC","is_daily":false,"chose_seed":false,"campfire_upgraded":6,"win_rate":0.0,"timestamp":1608601966,"path_taken":["R","M","M","M","M","E","T","?","E","R","M","?","$","M","M","BOSS","R","M","?","M","M","?","T","$","M","R","E","R","M","E","M","BOSS","R","M","$","?","M","?","T","R","M","E","M","M","?","M","M","BOSS","E","$","R","BOSS"],"items_purchased_type":["Card","Card","Potion","Relic","Relic","Potion","Card"],"build_version":"2020-12-13","purchased_purges":3,"victory":true,"max_hp_per_floor":[90,90,90,90,90,90,90,90,90,100,100,100,100,100,100,100,100,100,100,100,100,100,100,100,100,100,100,100,100,100,100,100,100,100,100,100,100,100,100,100,100,100,100,107,107,107,107,107,107,107,107,107,107,107,107],"card_choices":[{"not_picked":["champ:Haymaker","champ:CrookedStrike"],"picked":"champ:SwordSigil","floor":2},{"not_picked":["champ:FightOn","champ:CalledShot"],"picked":"champ:TornadoPunch","floor":3},{"not_picked":["champ:CrookedStrike","champ:BladeFlurry"],"picked":"champ:FanOfKnives","floor":4},{"not_picked":["champ:EnragedBash","champ:StanceDance"],"picked":"champ:Haymaker","floor":5},{"not_picked":["champ:TornadoPunch","champ:RageSigil"],"picked":"champ:BerserkersShout","floor":6},{"not_picked":["champ:CrookedStrike","champ:BerserkersShout"],"picked":"champ:BringItOn","floor":8},{"not_picked":["champ:Aggression","champ:Shatter"],"picked":"champ:PerfectForm","floor":9},{"not_picked":["champ:FalseCounter","champ:Haymaker","champ:DeathBlow"],"picked":"SKIP","floor":11},{"not_picked":["champ:HeartStrike","champ:Encircle","champ:FanOfKnives"],"picked":"SKIP","floor":12},{"not_picked":["champ:EnchantSword","champ:Devastate"],"picked":"champ:FaceSlap","floor":13},{"not_picked":["champ:GladiatorsShout","champ:CrookedStrike"],"picked":"champ:Backstep","floor":14},{"not_picked":["champ:Circumvent","champ:ShieldSigil"],"picked":"champ:PreciseThrust","floor":15},{"not_picked":["champ:SteelEdge","champ:PerfectForm"],"picked":"champ:CrownThrow","floor":16},{"not_picked":["champ:FanOfKnives","champ:CalledShot"],"picked":"champ:Lariat","floor":19},{"not_picked":["champ:BringItOn+1","champ:Circumvent+1","champ:CrookedStrike"],"picked":"SKIP","floor":21},{"not_picked":["champ:BringItOn+1","champ:CrookedStrike"],"picked":"champ:Circumvent+1","floor":21},{"not_picked":["champ:EnGarde","champ:GladiatorStyle"],"picked":"champ:IronFortress+1","floor":22},{"not_picked":["champ:RageSigil+1","champ:DeathBlow","champ:SwordSigil"],"picked":"SKIP","floor":25},{"not_picked":["champ:DeathBlow","champ:BringItOn","champ:SkillfulDodge"],"picked":"SKIP","floor":26},{"not_picked":["champ:FanOfKnives","champ:BladeFlurry","champ:ShieldSigil"],"picked":"SKIP","floor":28},{"not_picked":["champ:CrownThrow","champ:BerserkersShout","champ:BerserkerStyle"],"picked":"SKIP","floor":30},{"not_picked":["champ:Circumvent","champ:Encircle+1","champ:SkillfulDodge"],"picked":"SKIP","floor":31},{"not_picked":["champ:PerfectedStrike","champ:HeartStrike","champ:CrookedStrike"],"picked":"SKIP","floor":32},{"not_picked":["champ:PerfectedStrike","champ:HeartStrike","champ:CrookedStrike"],"picked":"SKIP","floor":32},{"not_picked":["champ:ShieldSlam","champ:CheapShot"],"picked":"champ:ShieldThrow","floor":33},{"not_picked":["champ:BringItOn+1","champ:Shatter"],"picked":"champ:Backstep+1","floor":36},{"not_picked":["champ:TornadoPunch+1","champ:PerfectedStrike+1"],"picked":"champ:CrookedStrike+1","floor":37},{"not_picked":["expansioncontent:DefensiveStance","expansioncontent:DefensiveMode"],"picked":"expansioncontent:DonusPower","floor":38},{"not_picked":["expansioncontent:LastStand","expansioncontent:PolyBeam"],"picked":"expansioncontent:Hexaburn","floor":38},{"not_picked":["champ:BerserkerStyle","champ:SwordSigil","champ:Circumvent+1"],"picked":"SKIP","floor":39},{"not_picked":["champ:BladeFlurry+1","champ:EnragedBash","champ:GladiatorStyle"],"picked":"SKIP","floor":43},{"not_picked":["champ:FocusedBerserking+1","champ:CalledShot","champ:Lariat+1"],"picked":"SKIP","floor":44},{"not_picked":["champ:FanOfKnives","champ:Control+1"],"picked":"champ:SwordSigil+1","floor":45},{"not_picked":["champ:FlashCut","champ:AdrenalArmor+1","champ:PerfectedStrike"],"picked":"SKIP","floor":46},{"not_picked":["champ:BerserkersShout","champ:StanceDance+1","champ:RageSigil"],"picked":"SKIP","floor":47},{"not_picked":["champ:Circumvent","champ:FocusedBerserking+1","champ:VampiricStrike"],"picked":"SKIP","floor":48},{"not_picked":["champ:CrookedStrike+1","champ:ShieldSigil","champ:DeathBlow+1"],"picked":"SKIP","floor":49},{"not_picked":["champ:RageSigil","champ:Aggression","champ:DeathBlow"],"picked":"SKIP","floor":52}],"player_experience":1212420,"relics_obtained":[{"floor":6,"key":"Anchor"},{"floor":8,"key":"downfall:GremlinSack"},{"floor":9,"key":"Art of War"},{"floor":24,"key":"War Paint"},{"floor":28,"key":"Sundial"},{"floor":31,"key":"Tiny Chest"},{"floor":44,"key":"Strawberry"},{"floor":52,"key":"TungstenRod"}],"event_choices":[{"cards_removed":["champ:FanOfKnives"],"damage_healed":0,"gold_gain":0,"player_choice":"Elegance","damage_taken":0,"max_hp_gain":0,"max_hp_loss":0,"event_name":"Back to Basics","floor":23,"gold_loss":0},{"cards_removed":["champ:EnragedBash"],"damage_healed":0,"gold_gain":0,"player_choice":"Purged","damage_taken":0,"max_hp_gain":0,"max_hp_loss":0,"event_name":"Purifier","floor":40,"gold_loss":0}],"is_beta":false,"boss_relics":[{"not_picked":["Sozu","SlaversCollar"],"picked":"Cursed Key"},{"not_picked":["Empty Cage","Fusion Hammer"],"picked":"champ:ChampionCrownUpgraded"}],"items_purged_floors":[13,25,53],"is_endless":false,"potions_floor_spawned":[5,9,12,14,16,19,22,28,33,36,43,46,49],"ascension_level":1}}