{"host":"x4i48uok34n1rpsm","time":1608624789,"event":{"mods":["Aspiration","BaseMod","Better Third Choice","Colored Map","Highlight Path","Minty Spire (QoL Compilation)","Permanent Neow","Replay The Spire","StSLib"],"gold_per_floor":[109,303,303,321,337,337,367,367,367,377,410,434,384,70,70,173,173,189,200,200,216,216,216,244,244,244,275,286,286,286],"floor_reached":29,"playtime":2555,"items_purged":[],"score":285,"play_id":"833eb231-34fb-439b-b622-6672fbb024f4","local_time":"20201222101309","is_ascension_mode":true,"campfire_choices":[{"data":"Crescendo","floor":6.0,"key":"SMITH"},{"floor":8.0,"key":"RECALL"},{"floor":15.0,"key":"REST"},{"floor":23.0,"key":"REST"},{"floor":25.0,"key":"REST"}],"circlet_count":0,"master_deck":["Strike_P","Strike_P","Strike_P","Defend_P","Defend_P","Defend_P","Defend_P","Eruption+1","Vigilance","FollowUp","Crescendo+1","CutThroughFate","Replay:Vibes","Evaluate","Pray","MentalFortress","Establishment","Replay:BluntJabs","Consecrate","SashWhip","MasterReality"],"relics":["PureWater","aspiration:DSix","Lizard Tail","Toy Ornithopter","Matryoshka","Sozu","Gremlin Horn","aspiration:Lifesprig","Onion Ring","Replay:Bottled Flurry","Happy Flower"],"acts_visited":["Exordium","TheCity"],"potions_floor_usage":[],"damage_taken":[{"damage":0.0,"enemies":"Small Slimes","floor":1.0,"turns":2.0},{"damage":0.0,"enemies":"2 Louse","floor":4.0,"turns":3.0},{"damage":0.0,"enemies":"Cultist","floor":5.0,"turns":3.0},{"damage":4.0,"enemies":"Replay:BlueRogue","floor":7.0,"turns":3.0},{"damage":0.0,"enemies":"Exordium Thugs","floor":10.0,"turns":2.0},{"damage":14.0,"enemies":"Lagavulin","floor":11.0,"turns":6.0},{"damage":53.0,"enemies":"Fading Forest","floor":16.0,"turns":11.0},{"damage":4.0,"enemies":"Shell Parasite","floor":18.0,"turns":8.0},{"damage":5.0,"enemies":"3 Byrds","floor":19.0,"turns":5.0},{"damage":20.0,"enemies":"Shelled Parasite and Fungi","floor":21.0,"turns":9.0},{"damage":72.0,"enemies":"Slavers","floor":24.0,"turns":9.0},{"damage":20.0,"enemies":"Gremlin Leader","floor":27.0,"turns":5.0},{"damage":17,"enemies":"Snecko","floor":28,"turns":8},{"damage":7,"enemies":"Slavers","floor":29,"turns":1}],"seed_played":"-6286850657022162858","potions_obtained":[{"floor":4.0,"key":"LiquidBronze"},{"floor":7.0,"key":"StancePotion"},{"floor":11.0,"key":"GamblersBrew"}],"is_trial":false,"path_per_floor":["M","?","?","M","M","R","E","R","T","M","E","T","?","$","R","B",null,"M","M","?","M","?","R","E","R","T","E","M","E"],"character_chosen":"WATCHER","items_purchased":["Matryoshka","MentalFortress"],"campfire_rested":3,"item_purchase_floors":[14,14],"current_hp_per_floor":[72,54,54,54,54,54,50,50,50,50,36,36,36,36,57,21,72,68,68,52,32,32,53,22,43,43,23,6,0,0],"gold":286,"neow_bonus":"DSIX","is_daily":false,"chose_seed":false,"campfire_upgraded":1,"win_rate":0.0,"timestamp":1608624789,"path_taken":["M","?","?","M","?","R","E","R","T","M","E","?","?","$","R","BOSS","M","M","?","M","?","R","E","R","T","E","M","E"],"items_purchased_type":["Relic","Card"],"build_version":"2020-12-13","purchased_purges":0,"victory":false,"max_hp_per_floor":[72,72,72,72,72,72,72,72,72,72,72,72,72,72,72,72,72,72,72,72,72,72,72,72,72,72,72,72,72,72],"card_choices":[{"not_picked":["Replay:ManipulateFuture","EmptyBody"],"picked":"FollowUp","floor":1.0},{"not_picked":["CrushJoints","FollowUp"],"picked":"Crescendo","floor":2.0},{"not_picked":["Replay:Anticipation","FollowUp"],"picked":"CutThroughFate","floor":4.0},{"not_picked":["JustLucky","Halt"],"picked":"Replay:Vibes","floor":5.0},{"not_picked":["Conclude","Sanctity"],"picked":"Evaluate","floor":7.0},{"not_picked":["LikeWater","Worship","WheelKick"],"picked":"SKIP","floor":10.0},{"not_picked":["FollowUp","CarveReality"],"picked":"Pray","floor":11.0},{"not_picked":["Blasphemy","LessonLearned"],"picked":"Establishment","floor":16.0},{"not_picked":["WheelKick","Vengeance"],"picked":"Replay:BluntJabs","floor":18.0},{"not_picked":["Evaluate+1","Collect"],"picked":"Consecrate","floor":19.0},{"not_picked":["Replay:Vibes+1","Evaluate+1"],"picked":"SashWhip","floor":21.0},{"not_picked":["FlyingSleeves+1","ThirdEye"],"picked":"MasterReality","floor":24.0},{"not_picked":["Indignation+1","Establishment","Replay:Anticipation"],"picked":"SKIP","floor":27.0},{"not_picked":["SashWhip","JustLucky","FollowUp+1"],"picked":"SKIP","floor":28}],"player_experience":225945,"relics_obtained":[{"floor":7.0,"key":"Lizard Tail"},{"floor":11.0,"key":"Toy Ornithopter"},{"floor":20.0,"key":"Gremlin Horn"},{"floor":24.0,"key":"aspiration:Lifesprig"},{"floor":26.0,"key":"Onion Ring"},{"floor":26.0,"key":"Replay:Bottled Flurry"},{"floor":27.0,"key":"Happy Flower"}],"event_choices":[{"damage_healed":0.0,"max_hp_gain":0.0,"max_hp_loss":0.0,"gold_gain":0.0,"event_name":"Upgrade Shrine","player_choice":"Upgraded","floor":3.0,"gold_loss":0.0,"damage_taken":0.0,"cards_upgraded":["Eruption"]},{"cards_removed":["Strike_P"],"damage_healed":0.0,"max_hp_gain":0.0,"max_hp_loss":0.0,"gold_gain":0.0,"event_name":"The Cleric","player_choice":"Card Removal","floor":13.0,"gold_loss":50.0,"damage_taken":0.0},{"damage_healed":0.0,"max_hp_gain":0.0,"max_hp_loss":0.0,"gold_gain":0.0,"event_name":"Cursed Tome","player_choice":"Obtained Book","floor":20.0,"gold_loss":0.0,"damage_taken":16.0},{"damage_healed":0.0,"max_hp_gain":0.0,"max_hp_loss":0.0,"gold_gain":0.0,"event_name":"Ghosts","player_choice":"Ignored","floor":22.0,"gold_loss":0.0,"damage_taken":0.0}],"is_beta":false,"boss_relics":[{"not_picked":["Runic Pyramid","ReplayTheSpireMod:DimensionalGlitch"],"picked":"Sozu"}],"items_purged_floors":[],"is_endless":false,"potions_floor_spawned":[4,7,11,19,28],"killed_by":"Slavers","ascension_level":1}}