{"host":"etaq29tqikxfqxk8","time":1608597638,"event":{"mods":["AchievementEnabler","BaseMod","Better Third Choice","BetterRewards","Colored Map","Colored Powertips","Minty Spire (QoL Compilation)","Rare Cards Sparkle","Shop Mod","StSLib","yUi"],"gold_per_floor":[116,116,34,47,62,62,88,107,134,152,172,172,22,40,40,166,166,186,101,101,101,155,155,199,212,212,232,232,14,14,14,14,133,133,149,169,169,1168,1184,1184,1184,1184,1184],"floor_reached":42,"playtime":2019,"items_purged":[],"score":556,"play_id":"b413f084-ae2e-41f0-b1a8-6021ce20424c","local_time":"20201222014038","is_ascension_mode":false,"campfire_choices":[{"data":"Bouncing Flask","floor":6,"key":"SMITH"},{"floor":12,"key":"REST"},{"data":"Catalyst","floor":15,"key":"SMITH"},{"data":"Corpse Explosion","floor":23,"key":"SMITH"},{"floor":30,"key":"REST"},{"data":"The Bomb","floor":32,"key":"SMITH"},{"floor":40,"key":"REST"}],"circlet_count":0,"master_deck":["Strike_G","Strike_G","Strike_G","Strike_G","Strike_G","Defend_G","Defend_G","Defend_G","Defend_G","Defend_G","Survivor","Neutralize","All Out Attack","Injury","Catalyst+1","Poisoned Stab","Blade Dance","Bouncing Flask+1","Underhanded Strike","Endless Agony","PiercingWail","Dagger Throw","Corpse Explosion+1","Slice","J.A.X.","Quick Slash+1","Crippling Poison+1","Writhe","The Bomb+1","Crippling Poison","Phantasmal Killer","Bane+1","Blade Dance+1","Bandage Up","Normality","Normality","Parasite","Die Die Die"],"relics":["Ring of the Snake","NeowsBlessing","Golden Idol","Regal Pillow","Oddly Smooth Stone","TwistedFunnel","Philosopher\u0027s Stone","FossilizedHelix","Juzu Bracelet","White Beast Statue","Orichalcum","MealTicket","Black Star"],"acts_visited":["Exordium","TheCity","TheBeyond"],"potions_floor_usage":[33],"damage_taken":[{"damage":0,"enemies":"2 Louse","floor":1,"turns":1},{"damage":0,"enemies":"Jaw Worm","floor":4,"turns":1},{"damage":0,"enemies":"Cultist","floor":5,"turns":1},{"damage":16,"enemies":"Large Slime","floor":8,"turns":2},{"damage":14,"enemies":"Looter","floor":10,"turns":3},{"damage":10,"enemies":"3 Louse","floor":11,"turns":2},{"damage":0,"enemies":"2 Fungi Beasts","floor":14,"turns":2},{"damage":35,"enemies":"Slime Boss","floor":16,"turns":11},{"damage":0,"enemies":"Chosen","floor":18,"turns":4},{"damage":22,"enemies":"Slavers","floor":24,"turns":2},{"damage":12,"enemies":"Shell Parasite","floor":25,"turns":3},{"damage":6,"enemies":"Snake Plant","floor":27,"turns":3},{"damage":44,"enemies":"Automaton","floor":33,"turns":7},{"damage":18,"enemies":"3 Darklings","floor":35,"turns":3},{"damage":3,"enemies":"3 Shapes","floor":36,"turns":2},{"damage":21,"enemies":"Writhing Mass","floor":39,"turns":5},{"damage":72,"enemies":"4 Shapes","floor":42,"turns":3}],"seed_played":"-5771828536460939137","potions_obtained":[{"floor":5,"key":"FearPotion"},{"floor":8,"key":"Explosive Potion"},{"floor":11,"key":"Swift Potion"},{"floor":16,"key":"Regen Potion"},{"floor":24,"key":"Block Potion"},{"floor":33,"key":"Poison Potion"}],"is_trial":false,"path_per_floor":["M","?","$","M","M","R","T","M","T","M","M","R","$","M","R","B",null,"M","?","?","?","T","R","E","M","T","M","?","$","R","$","R","B",null,"M","M","?","?","M","R","?","M"],"character_chosen":"THE_SILENT","items_purchased":["Catalyst","Poisoned Stab","TwistedFunnel","The Bomb","Crippling Poison"],"campfire_rested":3,"item_purchase_floors":[3,3,13,29,29],"current_hp_per_floor":[70,70,70,70,70,70,70,54,54,40,30,66,66,66,66,31,70,70,70,70,70,70,70,48,36,36,30,30,45,70,70,70,26,70,52,49,49,49,28,64,64,0,0],"gold":1184,"neow_bonus":"THREE_ENEMY_KILL","is_daily":false,"chose_seed":false,"campfire_upgraded":4,"win_rate":0.0,"timestamp":1608597638,"path_taken":["M","?","$","M","M","R","?","M","T","M","M","R","?","M","R","BOSS","M","?","?","?","?","R","E","M","T","M","?","$","R","$","R","BOSS","M","M","?","?","M","R","?","M"],"items_purchased_type":["Card","Card","Relic","Card","Card"],"build_version":"2020-12-13","purchased_purges":0,"victory":false,"max_hp_per_floor":[70,70,70,70,70,70,70,70,70,70,70,70,70,70,70,70,70,70,70,70,70,70,70,70,70,70,70,70,70,70,70,70,70,70,70,70,70,70,70,70,70,70,70],"card_choices":[{"not_picked":["Outmaneuver","Underhanded Strike"],"picked":"All Out Attack","floor":1},{"not_picked":["Riddle With Holes","Dagger Spray"],"picked":"Blade Dance","floor":4},{"not_picked":["Riddle With Holes","Outmaneuver"],"picked":"Bouncing Flask","floor":5},{"not_picked":["Outmaneuver","Masterful Stab"],"picked":"Underhanded Strike","floor":8},{"not_picked":["Underhanded Strike","Choke"],"picked":"Endless Agony","floor":10},{"not_picked":["Outmaneuver","Blur"],"picked":"PiercingWail","floor":11},{"not_picked":["Blur","Acrobatics"],"picked":"Dagger Throw","floor":14},{"not_picked":["Night Terror","Venomology"],"picked":"Corpse Explosion","floor":16},{"not_picked":["Distraction","Blur"],"picked":"Slice","floor":18},{"not_picked":["Sucker Punch+1","Night Terror"],"picked":"Quick Slash+1","floor":24},{"not_picked":["Noxious Fumes","PiercingWail"],"picked":"Crippling Poison+1","floor":25},{"not_picked":["Deflect","Prepared","Dodge and Roll"],"picked":"SKIP","floor":27},{"not_picked":["Burst","Doppelganger"],"picked":"Phantasmal Killer","floor":33},{"not_picked":["Blade Dance","Dagger Spray"],"picked":"Bane+1","floor":35},{"not_picked":["Slice","Skewer+1"],"picked":"Blade Dance+1","floor":36},{"not_picked":["Deep Breath","Finesse"],"picked":"Bandage Up","floor":37},{"not_picked":["Poisoned Stab","Underhanded Strike"],"picked":"Die Die Die","floor":39}],"player_experience":17781,"relics_obtained":[{"floor":7,"key":"Regal Pillow"},{"floor":9,"key":"Oddly Smooth Stone"},{"floor":22,"key":"Juzu Bracelet"},{"floor":24,"key":"White Beast Statue"},{"floor":26,"key":"Orichalcum"}],"event_choices":[{"damage_healed":0,"gold_gain":0,"player_choice":"Take Wound","damage_taken":0,"relics_obtained":["Golden Idol"],"max_hp_gain":0,"max_hp_loss":0,"event_name":"Golden Idol","floor":2,"gold_loss":0,"cards_obtained":["Injury"]},{"damage_healed":0,"gold_gain":0,"player_choice":"Obtained Relic","damage_taken":0,"relics_obtained":["FossilizedHelix"],"max_hp_gain":0,"max_hp_loss":0,"event_name":"Addict","floor":19,"gold_loss":85},{"damage_healed":0,"gold_gain":0,"player_choice":"Ignored","damage_taken":0,"max_hp_gain":0,"max_hp_loss":0,"event_name":"Ghosts","floor":20,"gold_loss":0},{"damage_healed":0,"gold_gain":0,"player_choice":"Obtain J.A.X.","damage_taken":0,"max_hp_gain":0,"max_hp_loss":0,"event_name":"Drug Dealer","floor":21,"gold_loss":0,"cards_obtained":["J.A.X."]},{"damage_healed":0,"gold_gain":0,"player_choice":"Opened","damage_taken":0,"relics_obtained":["MealTicket"],"max_hp_gain":0,"max_hp_loss":0,"event_name":"The Mausoleum","floor":28,"gold_loss":0,"cards_obtained":["Writhe"]},{"damage_healed":0,"gold_gain":0,"player_choice":"Memory 1","damage_taken":0,"max_hp_gain":0,"max_hp_loss":0,"event_name":"SensoryStone","floor":37,"gold_loss":0},{"damage_healed":0,"gold_gain":999,"player_choice":"Gold","damage_taken":0,"max_hp_gain":0,"max_hp_loss":0,"event_name":"MindBloom","floor":38,"gold_loss":0,"cards_obtained":["Normality","Normality"]},{"damage_healed":0,"gold_gain":0,"player_choice":"Ignored","damage_taken":0,"max_hp_gain":0,"max_hp_loss":0,"event_name":"betterThird:BetterPortal","floor":41,"gold_loss":0}],"is_beta":false,"boss_relics":[{"not_picked":["Ring of the Serpent","Runic Dome"],"picked":"Philosopher\u0027s Stone"},{"not_picked":["Snecko Eye","Coffee Dripper"],"picked":"Black Star"}],"items_purged_floors":[],"is_endless":false,"potions_floor_spawned":[5,8,11,16,18,24,25,27,33,35,36,39],"killed_by":"4 Shapes","ascension_level":0}}