{"host":"dwyzfvnzfcqffr30","time":1608604383,"event":{"mods":["2.2 Compatiblity","Act Like it!","BaseMod","Beaked The Cultist","Better Altar","Better Match","Better Note","Better Sensory Stone","Better Skull","Better Third Choice","Clockwork Mod","Colored Map","Colored Powertips","Conspire","Downfall","Elementarium","GifTheSpireLib","Halation","Hermit","Hubris","Infinite Spire","Ironclad Rager","Jedi Mod","Menagerie","Mimic Mod","Minty Spire (QoL Compilation)","Permanent Neow","Random Character Button","Replay The Spire","Spicy Shops","StSLib","Stuff the Spire","The Construct","The Disciple","The Druid","The Marked","TheFirefly","Trackpad","vexMod"],"gold_per_floor":[415,415,433,447,447,447,479,492,492,522,533,566,566,585,585,689,689,699,699,712,712,712,723,754,754,754],"floor_reached":25,"playtime":1555,"items_purged":[],"score":333,"play_id":"ba2ea9ae-c753-4fe6-9daf-e7e43d19493a","local_time":"20201221183303","is_ascension_mode":false,"campfire_choices":[{"floor":6,"key":"REST"},{"floor":15,"key":"RECALL"}],"circlet_count":0,"master_deck":["theMarked:Strike+1","theMarked:Strike+1","theMarked:Strike+1","theMarked:Strike+1","theMarked:Strike+1","theMarked:Defend+1","theMarked:Defend+1","theMarked:Defend+1","theMarked:Defend+1","theMarked:SoldierOfQuellstein+1","MasterReality+1","theMarked:SwordAndMagic+1","theMarked:ComboAttacks+1","theMarked:EmpowerWeapon+1","theMarked:ElectricStrings+1","theMarked:Polarize+1","theMarked:RogueSparks+1","theMarked:StartUp+1","theMarked:SoldierForm+1","theMarked:MaelstromOfLightning+1","Madness+1","theMarked:ChainLightning+1"],"relics":["theMarked:ArtifactOfAir","construct:RocketBooster","Bottled Tornado","Quantum Egg","Frozen Egg 2","Toxic Egg 2","Molten Egg 2","Juzu Bracelet","hubris:EvacipatedBox","hubris:FruitBowl","hubris:CrystalStatue","Mummified Hand","StuffTheSpire:PointBlank","SlaversCollar","ReplayTheSpireMod:Ninjato"],"acts_visited":["Menagerie:Menagerie","Elementarium:Elementarium"],"potions_floor_usage":[10,12,24],"damage_taken":[{"damage":1,"enemies":"Menagerie:MonstrousExperiment","floor":1,"turns":3},{"damage":1,"enemies":"Menagerie:WhisperingWraith","floor":3,"turns":3},{"damage":1,"enemies":"Menagerie:2_RABBITS","floor":4,"turns":3},{"damage":0,"enemies":"Menagerie:Hydra","floor":7,"turns":3},{"damage":0,"enemies":"Menagerie:KEEPER_AND_YOUNG_SUNEATER","floor":8,"turns":3},{"damage":0,"enemies":"Menagerie:MaskedSummoner","floor":10,"turns":5},{"damage":4,"enemies":"Menagerie:MENAGERIE_WILDLIFE","floor":11,"turns":2},{"damage":9,"enemies":"Menagerie:MOSSY_WILDLIFE","floor":12,"turns":3},{"damage":0,"enemies":"Menagerie:3_RABBITS","floor":14,"turns":2},{"damage":0,"enemies":"Menagerie:AVATARS","floor":16,"turns":4},{"damage":5,"enemies":"Elementarium:2_ELEMENTALS","floor":18,"turns":2},{"damage":0,"enemies":"Elementarium:VoidCorruption","floor":20,"turns":3},{"damage":30,"enemies":"Elementarium:Hydrostalker","floor":23,"turns":4},{"damage":20,"enemies":"Elementarium:FIRE_NOBILITY","floor":24,"turns":7},{"damage":1,"enemies":"Elementarium:3_ELEMENTALS","floor":25,"turns":1}],"seed_played":"-2373229461902183488","potions_obtained":[{"floor":1,"key":"Adrenaline Potion"},{"floor":10,"key":"DistilledChaos"},{"floor":16,"key":"Elixir"},{"floor":23,"key":"Energy Potion"}],"is_trial":false,"path_per_floor":["M","?","M","M","?","R","E","M","T","E","M","?","?","M","R","B",null,"M","?","M","?","?","M","E","M"],"character_chosen":"THE_DEFAULT","items_purchased":[],"campfire_rested":1,"item_purchase_floors":[],"current_hp_per_floor":[48,48,47,46,50,70,70,70,70,70,66,57,64,64,64,64,70,65,65,65,51,51,21,1,0,0],"gold":754,"neow_bonus":"ONE_RARE_RELIC","is_daily":false,"chose_seed":false,"campfire_upgraded":0,"win_rate":0.0,"timestamp":1608604383,"path_taken":["M","?","M","M","?","R","E","M","T","E","M","?","?","M","R","BOSS","M","?","M","?","?","M","E","M"],"items_purchased_type":[],"build_version":"2020-12-13","purchased_purges":0,"victory":false,"max_hp_per_floor":[70,70,70,70,70,70,70,70,70,70,70,70,70,70,70,70,70,70,70,70,70,70,70,70,70,70],"card_choices":[{"not_picked":["theMarked:Panic+1","theMarked:WastefulAttack+1"],"picked":"theMarked:SwordAndMagic+1","floor":1},{"not_picked":["theMarked:GodGivenPower+1","theMarked:ElectricStrings+1"],"picked":"theMarked:EmpowerWeapon+1","floor":3},{"not_picked":["theMarked:CreepingChasm+1","theMarked:SwordAndMagic+1"],"picked":"theMarked:ElectricStrings+1","floor":4},{"not_picked":["theMarked:PowerFlow+1","theMarked:TakeCover+1","theMarked:Levitate+1"],"picked":"SKIP","floor":7},{"not_picked":["theMarked:CreepingChasm+1","theMarked:WastefulAttack+1"],"picked":"theMarked:Polarize+1","floor":8},{"not_picked":["theMarked:Static+1","theMarked:TurnInvisible+1"],"picked":"theMarked:RogueSparks+1","floor":10},{"not_picked":["theMarked:RogueSparks+1","theMarked:Aftermath+1"],"picked":"theMarked:StartUp+1","floor":11},{"not_picked":["theMarked:Frustration+1","theMarked:Improvise+1","theMarked:Aftermath+1"],"picked":"SKIP","floor":14},{"not_picked":["theMarked:BindingBlade+1","theMarked:SuspiciousRaven+1"],"picked":"theMarked:SoldierForm+1","floor":16},{"not_picked":["theMarked:ElectricStrings+1","theMarked:TwofoldDefense+1","theMarked:BanishingStrike+1"],"picked":"SKIP","floor":18},{"not_picked":["theMarked:WastefulAttack+1","theMarked:Overthink+1"],"picked":"theMarked:MaelstromOfLightning+1","floor":20},{"not_picked":["theMarked:ElectricStrings+1","theMarked:SwordAndMagic+1"],"picked":"theMarked:ChainLightning+1","floor":23},{"not_picked":["theMarked:Overthink+1","theMarked:WardOff+1","theMarked:Improvise+1"],"picked":"SKIP","floor":24}],"player_experience":2301763,"relics_obtained":[{"floor":7,"key":"hubris:CrystalStatue"},{"floor":9,"key":"Mummified Hand"},{"floor":10,"key":"StuffTheSpire:PointBlank"},{"floor":24,"key":"ReplayTheSpireMod:Ninjato"}],"event_choices":[{"damage_healed":0,"gold_gain":0,"player_choice":"Simplicity","damage_taken":0,"max_hp_gain":0,"max_hp_loss":9,"event_name":"betterThird:BetterWriting","floor":0,"gold_loss":0},{"damage_healed":4,"gold_gain":0,"player_choice":"LEAVE ","damage_taken":0,"relics_obtained":[],"max_hp_gain":0,"max_hp_loss":0,"event_name":"betterSkull:BetterSkull","floor":5,"gold_loss":0,"cards_upgraded":[]},{"damage_healed":0,"gold_gain":0,"player_choice":"Detour","damage_taken":0,"max_hp_gain":0,"max_hp_loss":0,"event_name":"Menagerie:MossyPath","floor":12,"gold_loss":0},{"damage_healed":0,"gold_gain":0,"player_choice":"Ignored","damage_taken":0,"max_hp_gain":0,"max_hp_loss":0,"event_name":"Elementarium:FountainOfGold","floor":19,"gold_loss":0},{"damage_healed":0,"gold_gain":2,"player_choice":"2","damage_taken":0,"max_hp_gain":0,"max_hp_loss":14,"event_name":"betterStone:BetterStone","floor":21,"gold_loss":0}],"is_beta":false,"boss_relics":[{"not_picked":["conspire:SlowCooker","vexMod:FluxCapacitor","vexMod:NewClearReactor"],"picked":"SlaversCollar"}],"items_purged_floors":[],"is_endless":false,"potions_floor_spawned":[1,10,16,23],"killed_by":"Elementarium:3_ELEMENTALS","ascension_level":0}}