{"host":"6b00v7211em4ihns","time":1608628507,"event":{"mods":["BaseMod","Bestiary","Better Match","Minty Spire (QoL Compilation)","Relic Stats","StSLib"],"gold_per_floor":[109,159,170,180,16,50,62,62,88,100,100,115,143,153,153,225,225,225,225,225,150,65,65,65,65,65,15,15,15,15,15],"floor_reached":30,"playtime":2735,"items_purged":["Cold Snap"],"score":574,"play_id":"bf4325eb-1399-4118-8995-cdf6144a6fd3","local_time":"20201222091507","daily_mods":["Draft","Red Cards","Green Cards","Blue Cards","Purple Cards","Colorless Cards"],"is_ascension_mode":true,"campfire_choices":[{"data":"Reprogram","floor":8,"key":"SMITH"},{"data":"Study","floor":11,"key":"SMITH"},{"data":"Hologram","floor":15,"key":"SMITH"},{"floor":23,"key":"REST"},{"data":"Turbo","floor":25,"key":"SMITH"},{"data":"Well Laid Plans","floor":28,"key":"SMITH"}],"circlet_count":0,"master_deck":["AscendersBane","EmptyFist","Turbo+1","BowlingBash","Hologram+1","PiercingWail","FlyingSleeves","Protect","Conserve Battery+1","Backstab","Reprogram+1","Cleave","Protect","Shrug It Off","Burning Pact","Study+1","Well Laid Plans+1","Battle Trance","Corpse Explosion","Violence+1","Headbutt","Shockwave","Double Energy","Dagger Spray"],"relics":["PureWater","Blood Vial","MealTicket","Strawberry","Ectoplasm","Singing Bowl","Shuriken","War Paint"],"acts_visited":["Exordium","TheCity"],"potions_floor_usage":[13],"damage_taken":[{"damage":0,"enemies":"2 Louse","floor":1,"turns":3},{"damage":0,"enemies":"Cultist","floor":3,"turns":3},{"damage":0,"enemies":"Small Slimes","floor":4,"turns":2},{"damage":24,"enemies":"3 Sentries","floor":6,"turns":6},{"damage":0,"enemies":"Exordium Wildlife","floor":7,"turns":2},{"damage":0,"enemies":"Lots of Slimes","floor":10,"turns":4},{"damage":1,"enemies":"Large Slime","floor":12,"turns":4},{"damage":0,"enemies":"Lagavulin","floor":13,"turns":5},{"damage":0,"enemies":"2 Fungi Beasts","floor":14,"turns":2},{"damage":48,"enemies":"Hexaghost","floor":16,"turns":12},{"damage":6,"enemies":"3 Byrds","floor":18,"turns":3},{"damage":3,"enemies":"Chosen","floor":19,"turns":6},{"damage":34,"enemies":"Shelled Parasite and Fungi","floor":20,"turns":7},{"damage":14,"enemies":"Centurion and Healer","floor":24,"turns":2},{"damage":14,"enemies":"Book of Stabbing","floor":29,"turns":7},{"damage":48,"enemies":"Chosen and Byrds","floor":30,"turns":6}],"seed_played":"4247125818775555448","potions_obtained":[{"floor":4,"key":"Ambrosia"},{"floor":6,"key":"Strength Potion"},{"floor":13,"key":"Ancient Potion"}],"is_trial":true,"path_per_floor":["M","?","M","M","$","E","M","R","T","M","R","M","E","M","R","B",null,"M","M","M","?","?","R","M","R","T","$","R","E","M"],"character_chosen":"WATCHER","items_purchased":["Well Laid Plans","Dagger Spray"],"campfire_rested":1,"item_purchase_floors":[5,27],"current_hp_per_floor":[61,61,61,61,61,37,39,39,39,41,41,42,51,53,53,7,58,54,53,21,21,21,43,31,31,31,46,46,36,0,0],"gold":15,"neow_bonus":"","is_daily":false,"chose_seed":false,"campfire_upgraded":5,"win_rate":0.0,"timestamp":1608628507,"path_taken":["M","?","M","M","$","E","M","R","T","M","R","M","E","?","R","BOSS","M","M","?","?","?","R","?","R","T","?","R","E","M"],"items_purchased_type":["Card","Card"],"build_version":"2020-12-13","purchased_purges":1,"victory":false,"max_hp_per_floor":[68,68,68,68,68,68,68,68,68,68,68,68,75,75,75,75,75,75,75,75,75,75,75,75,75,75,75,75,77,77,77],"relic_stats":{"Blood Vial":24,"Singing Bowl":2,"counters":[16,74],"Shuriken":[2],"MealTicket":15,"Ectoplasm":97,"War Paint":["Conserve Battery","Violence"],"obtain_stats":[{"Blood Vial":6,"Singing Bowl":22,"Shuriken":26,"Strawberry":13,"MealTicket":9,"Ectoplasm":17,"PureWater":0,"War Paint":29},{"Blood Vial":4,"Singing Bowl":13,"Shuriken":14,"Strawberry":8,"MealTicket":5,"Ectoplasm":10,"PureWater":0,"War Paint":15},{"Blood Vial":14,"Singing Bowl":59,"Shuriken":61,"Strawberry":29,"MealTicket":16,"Ectoplasm":43,"PureWater":0,"War Paint":68}]},"card_choices":[{"not_picked":["SashWhip","Perfected Strike"],"picked":"EmptyFist","floor":0},{"not_picked":["Prepared","Wireheading"],"picked":"Turbo","floor":0},{"not_picked":["Conclude","Distraction"],"picked":"BowlingBash","floor":0},{"not_picked":["Barrage","Heavy Blade"],"picked":"Cold Snap","floor":0},{"not_picked":["Capacitor","Blur"],"picked":"Hologram","floor":0},{"not_picked":["Conserve Battery","Shrug It Off"],"picked":"PiercingWail","floor":0},{"not_picked":["Compile Driver","Nirvana"],"picked":"FlyingSleeves","floor":0},{"not_picked":["Acrobatics","Disarm"],"picked":"Protect","floor":0},{"not_picked":["Leg Sweep","Consecrate"],"picked":"Conserve Battery","floor":0},{"not_picked":["Blizzard","Tactician"],"picked":"Backstab","floor":0},{"not_picked":["Dodge and Roll","Protect"],"picked":"Reprogram","floor":0},{"not_picked":["EmptyMind","Defragment"],"picked":"Cleave","floor":0},{"not_picked":["CutThroughFate","Discovery"],"picked":"Protect","floor":0},{"not_picked":["FlurryOfBlows","Protect"],"picked":"EmptyFist","floor":0},{"not_picked":["Dagger Spray","PathToVictory"],"picked":"Shrug It Off","floor":0},{"not_picked":["Armaments","PanicButton"],"picked":"Burning Pact","floor":1},{"not_picked":["FlurryOfBlows","Turbo"],"picked":"Study","floor":3},{"not_picked":["Beam Cell","Twin Strike","Leap"],"picked":"SKIP","floor":4},{"not_picked":["Flex","WindmillStrike"],"picked":"Battle Trance","floor":6},{"not_picked":["Skewer","Clash","MentalFortress"],"picked":"SKIP","floor":7},{"not_picked":["Dagger Spray","Shrug It Off"],"picked":"Corpse Explosion","floor":10},{"not_picked":["Clash","Evaluate","Compile Driver"],"picked":"SKIP","floor":12},{"not_picked":["Noxious Fumes","InnerPeace","Body Slam"],"picked":"SKIP","floor":13},{"not_picked":["Heavy Blade","Discovery","LikeWater"],"picked":"SKIP","floor":14},{"not_picked":["Alpha","Rainbow"],"picked":"Violence","floor":16},{"not_picked":["Rage","Quick Slash+1"],"picked":"Headbutt","floor":18},{"not_picked":["SashWhip","WindmillStrike","Concentrate"],"picked":"SKIP","floor":19},{"not_picked":["Ball Lightning","Evaluate"],"picked":"Shockwave","floor":20},{"not_picked":["Consume","Gash"],"picked":"Double Energy","floor":24},{"not_picked":["Swivel","DeceiveReality","Secret Weapon"],"picked":"Singing Bowl","floor":29}],"player_experience":2450723,"relics_obtained":[{"floor":6,"key":"Blood Vial"},{"floor":9,"key":"MealTicket"},{"floor":13,"key":"Strawberry"},{"floor":26,"key":"Shuriken"},{"floor":29,"key":"War Paint"}],"event_choices":[{"damage_healed":0,"gold_gain":50,"player_choice":"Pray","damage_taken":0,"max_hp_gain":0,"max_hp_loss":0,"event_name":"Golden Shrine","floor":2,"gold_loss":0},{"cards_removed":["EmptyFist"],"damage_healed":0,"gold_gain":0,"player_choice":"Gave Gold","damage_taken":0,"max_hp_gain":0,"max_hp_loss":0,"event_name":"Beggar","floor":21,"gold_loss":75},{"damage_healed":0,"gold_gain":0,"player_choice":"Obtained Relic","damage_taken":0,"relics_obtained":["Singing Bowl"],"max_hp_gain":0,"max_hp_loss":0,"event_name":"Addict","floor":22,"gold_loss":85}],"is_beta":false,"boss_relics":[{"not_picked":["Busted Crown","Empty Cage"],"picked":"Ectoplasm"}],"items_purged_floors":[5],"is_endless":false,"potions_floor_spawned":[4,6,12,13,16,19,20,29],"killed_by":"Chosen and Byrds","ascension_level":20}}