{"host":"9v3x998ddbx8o276","time":1608599340,"event":{"mods":["AchievementEnabler","BaseMod","Colored Map","Highlight Path","Minty Spire (QoL Compilation)","Quick Restart","Rare Cards Sparkle"],"gold_per_floor":[116,116,127,127,127,127,163,179,179,204,204,23,48,67,67,163,163,177,177,177,5,55,55,68,68,68,88,88,129,142,14,14,14,14],"floor_reached":33,"playtime":1101,"items_purged":["Regret","Writhe"],"score":533,"play_id":"478556a6-8fab-477b-9de6-8ed5f041a405","local_time":"20201222113900","is_ascension_mode":true,"campfire_choices":[{"data":"Brilliance","floor":6.0,"key":"SMITH"},{"data":"ForeignInfluence","floor":11.0,"key":"SMITH"},{"data":"CrushJoints","floor":15.0,"key":"SMITH"},{"data":"Wallop","floor":23.0,"key":"SMITH"},{"data":"Bite","floor":28.0,"key":"SMITH"},{"floor":32,"key":"REST"}],"circlet_count":0,"master_deck":["AscendersBane","Eruption","Vigilance","ForeignInfluence+1","FollowUp","Brilliance+1","SashWhip","InnerPeace","DeceiveReality","CrushJoints+1","CutThroughFate","LessonLearned","BowlingBash","Sanctity","Worship","Wallop+1","Scrawl","InnerPeace","Wireheading","FollowUp","TalkToTheHand+1","Bite+1","Bite","Bite","Bite","Bite","Blasphemy","Prostrate","FlyingSleeves"],"relics":["PureWater","NeowsBlessing","Singing Bowl","Golden Idol","Gambling Chip","Pear","Pandora\u0027s Box","Anchor","Meat on the Bone","Lantern"],"acts_visited":["Exordium","TheCity"],"potions_floor_usage":[30,33],"damage_taken":[{"damage":0.0,"enemies":"Jaw Worm","floor":1.0,"turns":1.0},{"damage":0.0,"enemies":"Small Slimes","floor":3.0,"turns":1.0},{"damage":0.0,"enemies":"3 Sentries","floor":7.0,"turns":1.0},{"damage":0.0,"enemies":"Cultist","floor":8.0,"turns":2.0},{"damage":1.0,"enemies":"Looter","floor":10.0,"turns":2.0},{"damage":0.0,"enemies":"Exordium Wildlife","floor":13.0,"turns":2.0},{"damage":7.0,"enemies":"Large Slime","floor":14.0,"turns":5.0},{"damage":22.0,"enemies":"Hexaghost","floor":16.0,"turns":6.0},{"damage":15.0,"enemies":"2 Thieves","floor":18.0,"turns":4.0},{"damage":7.0,"enemies":"Shell Parasite","floor":24.0,"turns":6.0},{"damage":13.0,"enemies":"Snecko","floor":27.0,"turns":6.0},{"damage":25.0,"enemies":"Slavers","floor":29.0,"turns":4.0},{"damage":3,"enemies":"3 Cultists","floor":30,"turns":5},{"damage":61,"enemies":"Collector","floor":33,"turns":5}],"seed_played":"5140305544514171167","potions_obtained":[{"floor":1.0,"key":"ColorlessPotion"},{"floor":7.0,"key":"Regen Potion"},{"floor":18.0,"key":"BottledMiracle"},{"floor":27.0,"key":"Energy Potion"}],"is_trial":false,"path_per_floor":["M","?","M","?","?","R","E","M","T","M","R","$","M","M","R","B",null,"M","?","?","$","?","R","M","$","T","M","R","E","M","$","R","B"],"character_chosen":"WATCHER","items_purchased":["DeceiveReality","CrushJoints","LiquidMemories","Fire Potion","Prostrate","FlyingSleeves"],"campfire_rested":1,"item_purchase_floors":[12,12,21,31,31,31],"current_hp_per_floor":[61,61,61,38,38,38,38,40,50,49,49,49,51,44,44,34,70,55,55,55,55,55,55,54,54,54,51,51,35,44,44,62,7,7],"gold":14,"neow_bonus":"THREE_ENEMY_KILL","is_daily":false,"chose_seed":false,"campfire_upgraded":5,"win_rate":0.0,"timestamp":1608599340,"path_taken":["M","?","M","?","?","R","E","M","T","M","R","$","M","?","R","BOSS","M","?","?","$","?","R","M","?","T","M","R","E","M","$","R","BOSS"],"items_purchased_type":["Card","Card","Potion","Potion","Card","Card"],"build_version":"2020-12-13","purchased_purges":2,"victory":false,"max_hp_per_floor":[68,68,68,68,68,68,68,70,80,80,80,80,82,82,82,82,82,82,82,57,57,57,57,59,59,59,61,61,61,63,63,63,63,63],"card_choices":[{"not_picked":["EmptyBody","Perseverance"],"picked":"ForeignInfluence","floor":1.0},{"not_picked":["SashWhip","Prostrate"],"picked":"FollowUp","floor":3.0},{"not_picked":["Crescendo","Nirvana"],"picked":"SashWhip","floor":7.0},{"not_picked":["SashWhip","Protect","Adaptation"],"picked":"Singing Bowl","floor":8.0},{"not_picked":["ClearTheMind","Perseverance"],"picked":"InnerPeace","floor":10.0},{"not_picked":["BowlingBash","FollowUp","Crescendo"],"picked":"Singing Bowl","floor":13.0},{"not_picked":["Halt","WindmillStrike"],"picked":"CutThroughFate","floor":14.0},{"not_picked":["Omniscience","Scrawl"],"picked":"LessonLearned","floor":16.0},{"not_picked":["CarveReality","Adaptation+1"],"picked":"TalkToTheHand+1","floor":18.0},{"not_picked":["PathToVictory+1","WreathOfFlame","SashWhip"],"picked":"Singing Bowl","floor":24.0},{"not_picked":["Evaluate","EmptyBody","JustLucky"],"picked":"Singing Bowl","floor":27.0},{"not_picked":["Consecrate","WaveOfTheHand"],"picked":"Blasphemy","floor":29.0},{"not_picked":["SashWhip","JustLucky","CrushJoints+1"],"picked":"Singing Bowl","floor":30}],"player_experience":2046369,"relics_obtained":[{"floor":7.0,"key":"Gambling Chip"},{"floor":9.0,"key":"Pear"},{"floor":26.0,"key":"Meat on the Bone"},{"floor":29.0,"key":"Lantern"}],"event_choices":[{"damage_healed":0.0,"max_hp_gain":0.0,"max_hp_loss":0.0,"gold_gain":0.0,"event_name":"Big Fish","player_choice":"Box","floor":2.0,"gold_loss":0.0,"damage_taken":0.0,"relics_obtained":["Singing Bowl"],"cards_obtained":["Regret"]},{"damage_healed":0.0,"max_hp_gain":0.0,"max_hp_loss":0.0,"gold_gain":0.0,"event_name":"Golden Idol","player_choice":"Take Damage","floor":4.0,"gold_loss":0.0,"damage_taken":23.0,"relics_obtained":["Golden Idol"]},{"damage_healed":0.0,"max_hp_gain":0.0,"max_hp_loss":0.0,"gold_gain":0.0,"event_name":"Match and Keep!","player_choice":"1 cards matched","floor":5.0,"gold_loss":0.0,"damage_taken":0.0,"cards_obtained":["Brilliance"]},{"damage_healed":0.0,"max_hp_gain":0.0,"max_hp_loss":0.0,"gold_gain":0.0,"event_name":"The Mausoleum","player_choice":"Opened","floor":19.0,"gold_loss":0.0,"damage_taken":0.0,"relics_obtained":["Anchor"],"cards_obtained":["Writhe"]},{"damage_healed":0.0,"max_hp_gain":0.0,"max_hp_loss":25.0,"gold_gain":0.0,"event_name":"Vampires","player_choice":"Became a vampire","floor":20.0,"gold_loss":0.0,"damage_taken":0.0,"cards_obtained":["Bite","Bite","Bite","Bite","Bite"]},{"damage_healed":0.0,"max_hp_gain":0.0,"max_hp_loss":0.0,"gold_gain":50.0,"event_name":"Nest","player_choice":"Stole From Cult","floor":22.0,"gold_loss":0.0,"damage_taken":0.0}],"is_beta":false,"boss_relics":[{"not_picked":["Snecko Eye","Empty Cage"],"picked":"Pandora\u0027s Box"}],"items_purged_floors":[12,21],"is_endless":false,"potions_floor_spawned":[1,7,8,14,18,27],"killed_by":"Collector","ascension_level":15}}