{"host":"Jedit","time":1608595904,"event":{"mods":["BaseMod","Minty Spire (QoL Compilation)","Relic Stats","StSLib"],"gold_per_floor":[112,37,312,30,41,41,75,75,100,22,38,53,86,106,106,179,179,197,197,247,247,259,259,294,294,294,294,313,313,30,61,73,159,171,198,210,234,271,36,36,71,71,71,2,2,0,26,37,37,37,37,37],"floor_reached":51,"playtime":1626,"items_purged":["Regret"],"score":1644,"play_id":"03a8979b-7b78-4e4a-b4d1-5ac82ebebcce","local_time":"20201222001144","is_ascension_mode":true,"campfire_choices":[{"data":"Cloak And Dagger","floor":6,"key":"SMITH"},{"data":"Blade Dance","floor":8,"key":"SMITH"},{"data":"Cloak And Dagger","floor":15,"key":"SMITH"},{"data":"Cloak And Dagger","floor":23,"key":"SMITH"},{"data":"A Thousand Cuts","floor":25,"key":"SMITH"},{"data":"Finisher","floor":27,"key":"SMITH"},{"floor":32,"key":"REST"},{"floor":40,"key":"RECALL"},{"floor":42,"key":"REST"},{"floor":45,"key":"REST"},{"floor":49,"key":"REST"}],"circlet_count":0,"master_deck":["AscendersBane","Survivor","Neutralize","Backstab","Slice","Flash of Steel","Cloak And Dagger+1","Dagger Spray","Blade Dance+1","Finesse","Cloak And Dagger+1","Finisher+1","Cloak And Dagger+1","Corpse Explosion","PiercingWail","Accuracy+1","A Thousand Cuts+1","Finesse","Footwork","Phantasmal Killer","Madness","Dodge and Roll","Terror","Leg Sweep","Deflect","Blade Dance","Endless Agony","Choke"],"relics":["WristBlade","The Courier","Vajra","CaptainsWheel","Pandora\u0027s Box","Bottled Tornado","InkBottle","Frozen Eye","MawBank","Fusion Hammer","Anchor","Happy Flower","Red Mask","Dream Catcher"],"acts_visited":["Exordium","TheCity","TheBeyond"],"potions_floor_usage":[7,13,33,37,50,51],"damage_taken":[{"damage":17,"enemies":"Jaw Worm","floor":1,"turns":7},{"damage":0,"enemies":"Small Slimes","floor":5,"turns":2},{"damage":8,"enemies":"Gremlin Nob","floor":7,"turns":3},{"damage":0,"enemies":"Cultist","floor":11,"turns":1},{"damage":0,"enemies":"Red Slaver","floor":12,"turns":2},{"damage":0,"enemies":"Lagavulin","floor":13,"turns":2},{"damage":0,"enemies":"Blue Slaver","floor":14,"turns":2},{"damage":32,"enemies":"The Guardian","floor":16,"turns":10},{"damage":0,"enemies":"3 Byrds","floor":18,"turns":2},{"damage":7,"enemies":"Shell Parasite","floor":22,"turns":2},{"damage":15,"enemies":"Book of Stabbing","floor":24,"turns":3},{"damage":0,"enemies":"Snecko","floor":28,"turns":2},{"damage":8,"enemies":"Slavers","floor":31,"turns":2},{"damage":0,"enemies":"Collector","floor":33,"turns":5},{"damage":0,"enemies":"3 Darklings","floor":35,"turns":1},{"damage":5,"enemies":"3 Shapes","floor":37,"turns":2},{"damage":0,"enemies":"Giant Head","floor":41,"turns":4},{"damage":11,"enemies":"Nemesis","floor":47,"turns":3},{"damage":0,"enemies":"Sphere and 2 Shapes","floor":48,"turns":4},{"damage":28,"enemies":"Donu and Deca","floor":50,"turns":4},{"damage":53,"enemies":"Time Eater","floor":51,"turns":8}],"seed_played":"-2414987921758454836","potions_obtained":[{"floor":1,"key":"Swift Potion"},{"floor":11,"key":"EssenceOfSteel"},{"floor":31,"key":"SkillPotion"},{"floor":33,"key":"ColorlessPotion"},{"floor":41,"key":"LiquidBronze"}],"is_trial":false,"path_per_floor":["M","?","?","$","M","R","E","R","T","$","M","M","E","M","R","B",null,"M","?","?","?","M","R","E","R","T","R","M","?","$","E","R","B",null,"M","?","M","T","$","R","E","R","T","$","R","?","E","M","R","B","B"],"character_chosen":"THE_SILENT","items_purchased":["Slice","Flash of Steel","Cloak And Dagger","Finesse","Finesse","Footwork","Frozen Eye","Dodge and Roll","Terror","Leg Sweep","Deflect","Blade Dance","DuplicationPotion"],"campfire_rested":4,"item_purchase_floors":[4,4,4,10,30,30,30,39,39,39,39,39,44],"current_hp_per_floor":[42,42,42,42,42,42,34,34,34,34,34,34,34,34,34,2,50,50,50,50,63,56,56,41,41,41,41,41,23,23,15,36,36,62,62,62,57,57,57,57,57,71,71,71,71,71,60,60,71,43,0,0],"gold":37,"neow_bonus":"BOSS_RELIC","is_daily":false,"chose_seed":false,"campfire_upgraded":6,"win_rate":0.0,"timestamp":1608595904,"path_taken":["M","?","?","$","?","R","E","R","T","?","M","M","E","?","R","BOSS","M","?","?","?","M","R","E","R","T","R","M","?","$","E","R","BOSS","M","?","M","?","?","R","E","R","T","$","R","?","E","M","R","BOSS","BOSS"],"items_purchased_type":["Card","Card","Card","Card","Card","Card","Relic","Card","Card","Card","Card","Card","Potion"],"build_version":"2020-12-18","purchased_purges":1,"victory":false,"max_hp_per_floor":[66,66,66,66,66,66,66,66,66,66,66,66,66,66,66,66,66,66,66,66,66,66,66,66,66,66,66,66,71,71,71,71,71,71,71,71,71,71,71,71,71,71,71,71,71,71,71,71,71,71,71,71],"relic_stats":{"Dream Catcher":1,"Happy Flower":[6],"counters":[21,71],"Pandora\u0027s Box":["Distraction","Sucker Punch","Dagger Throw","Bane","Noxious Fumes","Well Laid Plans","Dagger Spray","Malaise","Well Laid Plans"],"MawBank":96,"obtain_stats":[{"Happy Flower":43,"Vajra":9,"The Courier":7,"Bottled Tornado":24,"MawBank":31,"Frozen Eye":30,"CaptainsWheel":13,"Anchor":41,"Dream Catcher":47,"WristBlade":0,"Pandora\u0027s Box":17,"Fusion Hammer":34,"Red Mask":46,"InkBottle":26,"Ring of the Snake":0},{"Happy Flower":17,"Vajra":3,"The Courier":3,"Bottled Tornado":11,"MawBank":13,"Frozen Eye":12,"CaptainsWheel":6,"Anchor":17,"Dream Catcher":18,"WristBlade":0,"Pandora\u0027s Box":8,"Fusion Hammer":14,"Red Mask":17,"InkBottle":11,"Ring of the Snake":0},{"Happy Flower":52,"Vajra":12,"The Courier":12,"Bottled Tornado":36,"MawBank":40,"Frozen Eye":38,"CaptainsWheel":17,"Anchor":52,"Dream Catcher":55,"WristBlade":0,"Pandora\u0027s Box":29,"Fusion Hammer":45,"Red Mask":52,"InkBottle":36,"Ring of the Snake":0}],"InkBottle":[23]},"card_choices":[{"not_picked":["Outmaneuver","Underhanded Strike"],"picked":"Backstab","floor":1},{"not_picked":["Riddle With Holes","Outmaneuver"],"picked":"Dagger Spray","floor":5},{"not_picked":["Dagger Throw","PiercingWail"],"picked":"Blade Dance","floor":7},{"not_picked":["Doppelganger","Prepared"],"picked":"Cloak And Dagger","floor":11},{"not_picked":["Deadly Poison","Flying Knee"],"picked":"Finisher","floor":12},{"not_picked":["Flying Knee","Flechettes","Setup"],"picked":"SKIP","floor":13},{"not_picked":["Noxious Fumes","PiercingWail"],"picked":"Cloak And Dagger","floor":14},{"not_picked":["Grand Finale","Glass Knife"],"picked":"Corpse Explosion","floor":16},{"not_picked":["Quick Slash","Prepared"],"picked":"PiercingWail","floor":18},{"not_picked":["Dodge and Roll","Concentrate"],"picked":"Accuracy+1","floor":22},{"not_picked":["Bane","Sucker Punch"],"picked":"A Thousand Cuts","floor":24},{"not_picked":["Prepared","Underhanded Strike","Predator"],"picked":"SKIP","floor":28},{"not_picked":["Poisoned Stab","Dagger Spray","Reflex"],"picked":"SKIP","floor":31},{"not_picked":["Doppelganger","Night Terror"],"picked":"Phantasmal Killer","floor":33},{"not_picked":["Underhanded Strike","Bane","Expertise"],"picked":"SKIP","floor":35},{"not_picked":["PanicButton","Bandage Up"],"picked":"Madness","floor":36},{"not_picked":["Masterful Stab","Underhanded Strike+1","Riddle With Holes"],"picked":"SKIP","floor":37},{"not_picked":["Deflect","Riddle With Holes+1"],"picked":"Endless Agony","floor":41},{"not_picked":["Well Laid Plans","Infinite Blades"],"picked":"Choke","floor":47},{"not_picked":["Quick Slash","Terror","Skewer"],"picked":"SKIP","floor":48}],"player_experience":3395417,"relics_obtained":[{"floor":7,"key":"The Courier"},{"floor":9,"key":"Vajra"},{"floor":13,"key":"CaptainsWheel"},{"floor":24,"key":"Bottled Tornado"},{"floor":26,"key":"InkBottle"},{"floor":31,"key":"MawBank"},{"floor":41,"key":"Anchor"},{"floor":43,"key":"Happy Flower"},{"floor":47,"key":"Dream Catcher"}],"event_choices":[{"cards_removed":["Strike_G"],"damage_healed":0,"gold_gain":0,"player_choice":"Card Removal","damage_taken":0,"max_hp_gain":0,"max_hp_loss":0,"event_name":"The Cleric","floor":2,"gold_loss":75},{"damage_healed":0,"gold_gain":275,"player_choice":"Desecrate","damage_taken":0,"max_hp_gain":0,"max_hp_loss":0,"event_name":"Golden Shrine","floor":3,"gold_loss":0,"cards_obtained":["Regret"]},{"damage_healed":0,"gold_gain":0,"player_choice":"Ignored","damage_taken":0,"max_hp_gain":0,"max_hp_loss":0,"event_name":"Vampires","floor":19,"gold_loss":0},{"damage_healed":0,"gold_gain":50,"player_choice":"Stole From Cult","damage_taken":0,"max_hp_gain":0,"max_hp_loss":0,"event_name":"Nest","floor":20,"gold_loss":0},{"damage_healed":13,"gold_gain":0,"player_choice":"Heal","damage_taken":0,"max_hp_gain":0,"max_hp_loss":0,"event_name":"The Library","floor":21,"gold_loss":0},{"damage_healed":0,"gold_gain":0,"player_choice":"Shed Blood","damage_taken":23,"max_hp_gain":5,"max_hp_loss":0,"event_name":"Forgotten Altar","floor":29,"gold_loss":0},{"damage_healed":0,"gold_gain":0,"player_choice":"Memory 1","damage_taken":0,"max_hp_gain":0,"max_hp_loss":0,"event_name":"SensoryStone","floor":36,"gold_loss":0},{"damage_healed":0,"gold_gain":0,"player_choice":"Paid","damage_taken":0,"relics_obtained":["Red Mask"],"max_hp_gain":0,"max_hp_loss":0,"event_name":"Tomb of Lord Red Mask","floor":46,"gold_loss":2}],"is_beta":true,"boss_relics":[{"not_picked":["Calling Bell","Black Star"],"picked":"Pandora\u0027s Box"},{"not_picked":["Philosopher\u0027s Stone","Cursed Key"],"picked":"Fusion Hammer"}],"items_purged_floors":[4],"is_endless":false,"potions_floor_spawned":[1,11,31,33,41],"killed_by":"Time Eater","ascension_level":20}}