{"host":"5gc11emcm5chfr5t","time":1608625767,"event":{"mods":["2.2 Compatiblity","AchievementEnabler","BaseMod","Bestiary","Better Note","Colored Map","Colored Powertips","Downfall","Googly Eyes","Minty Spire (QoL Compilation)","Rare Cards Sparkle","StSLib"],"gold_per_floor":[119,119,199,218,230,257,42,54,54,71,71,90,118,130,130,130,130],"floor_reached":16,"playtime":585,"items_purged":[],"score":228,"play_id":"ca981af0-ae76-4ddb-b7e1-0b53cfec94c3","local_time":"20201222032927","is_ascension_mode":true,"campfire_choices":[{"floor":11,"key":"REST"},{"floor":15,"key":"REST"}],"circlet_count":0,"master_deck":["AscendersBane","sneckomod:Strike","sneckomod:Strike","sneckomod:Strike","sneckomod:Defend","sneckomod:Defend","sneckomod:Defend","sneckomod:TailWhip","sneckomod:SnekBite","sneckomod:Unknown","sneckomod:Unknown","sneckomod:IronFang","sneckomod:UnknownDexterity","sneckomod:QuickBite","sneckomod:SerpentIdol","sneckomod:WideSting","sneckomod:UnknownWeak","sneckomod:SerpentIdol","sneckomod:UnknownVulnerable","sneckomod:UnknownExhaust"],"relics":["sneckomod:SneckoSoul","NeowsBlessing","Ancient Tea Set","sneckomod:CleanMud","Toy Ornithopter","Centennial Puzzle"],"acts_visited":["Exordium"],"potions_floor_usage":[6,8,13],"damage_taken":[{"damage":0,"enemies":"Jaw Worm","floor":1,"turns":1},{"damage":0,"enemies":"2 Louse","floor":4,"turns":1},{"damage":0,"enemies":"Cultist","floor":5,"turns":1},{"damage":50,"enemies":"Gremlin Nob","floor":6,"turns":6},{"damage":2,"enemies":"Red Slaver","floor":8,"turns":4},{"damage":44,"enemies":"Exordium Thugs","floor":10,"turns":5},{"damage":12,"enemies":"Blue Slaver","floor":12,"turns":5},{"damage":21,"enemies":"Lagavulin","floor":13,"turns":5},{"damage":4,"enemies":"Looter","floor":14,"turns":2},{"damage":42,"enemies":"The Guardian","floor":16,"turns":9}],"seed_played":"6386787562392381608","potions_obtained":[{"floor":1,"key":"Ancient Potion"},{"floor":6,"key":"FairyPotion"},{"floor":12,"key":"champ:CounterPotion"}],"is_trial":false,"path_per_floor":["M","?","?","M","M","E","$","M","T","M","R","M","E","M","R","B"],"character_chosen":"THE_SNECKO","items_purchased":["Toy Ornithopter","PowerPotion"],"campfire_rested":2,"item_purchase_floors":[7,7],"current_hp_per_floor":[75,57,57,58,58,11,11,14,14,18,43,31,16,13,39,0,0],"gold":130,"neow_bonus":"THREE_ENEMY_KILL","is_daily":false,"chose_seed":false,"campfire_upgraded":0,"win_rate":0.0,"timestamp":1608625767,"path_taken":["M","?","?","M","M","E","$","M","T","M","R","?","E","M","R","BOSS"],"items_purchased_type":["Relic","Potion"],"build_version":"2020-12-13","purchased_purges":0,"victory":false,"max_hp_per_floor":[83,83,83,84,84,84,84,84,84,85,85,85,86,87,87,87,87],"card_choices":[{"not_picked":["sneckomod:DiceCrush","sneckomod:SoulDraw"],"picked":"sneckomod:IronFang","floor":1},{"not_picked":["sneckomod:UnknownStrike","sneckomod:TrashToTreasure"],"picked":"sneckomod:UnknownDexterity","floor":4},{"not_picked":["sneckomod:UnknownCommonSkill","sneckomod:Unknown2Cost"],"picked":"sneckomod:QuickBite","floor":5},{"not_picked":["sneckomod:QuickMove","sneckomod:UnknownCommonAttack"],"picked":"sneckomod:SerpentIdol","floor":6},{"not_picked":["sneckomod:Unknown1Cost","sneckomod:UnknownX"],"picked":"sneckomod:WideSting","floor":8},{"not_picked":["sneckomod:UnknownClassHEXA_GHOST_PURPLE","sneckomod:MasterEye"],"picked":"sneckomod:UnknownWeak","floor":10},{"not_picked":["sneckomod:SoulDraw","sneckomod:UnknownCommonAttack"],"picked":"sneckomod:SerpentIdol","floor":12},{"not_picked":["sneckomod:UnknownWeak","sneckomod:MasterEye"],"picked":"sneckomod:UnknownVulnerable","floor":13},{"not_picked":["sneckomod:UnknownCommonSkill","sneckomod:Nope"],"picked":"sneckomod:UnknownExhaust","floor":14}],"player_experience":474423,"relics_obtained":[{"floor":6,"key":"sneckomod:CleanMud"},{"floor":13,"key":"Centennial Puzzle"}],"event_choices":[{"damage_healed":0,"gold_gain":0,"player_choice":"Success","damage_taken":18,"relics_obtained":["Ancient Tea Set"],"max_hp_gain":0,"max_hp_loss":0,"event_name":"Scrap Ooze","floor":2,"gold_loss":0},{"damage_healed":0,"gold_gain":80,"player_choice":"Gained Gold","damage_taken":0,"max_hp_gain":0,"max_hp_loss":0,"event_name":"Golden Wing","floor":3,"gold_loss":0}],"is_beta":false,"boss_relics":[],"items_purged_floors":[],"is_endless":false,"potions_floor_spawned":[1,6,12],"killed_by":"The Guardian","ascension_level":20}}