{"host":"k5ezbu40hxyit46v","time":1608668568,"event":{"mods":["Act Like it!","Aspiration","Astrologer","BaseMod","BetterRewards","Conspire","DeckTracker","Energized Spire","Googly Eyes","Halation","HexUI Lib","Highlight Path","Hubris","Infinite Spire","Jedi Mod","Mad Scientist","Marisa????????","Minty Spire (QoL Compilation)","Quarter Circle Forward PUNCH!","Quick Restart","Replay The Spire","Reworked Bosses","Shop Mod","Spikes Relics","StSLib","The Administrix","The Awakened One except there are too many feathers","The Bladedancer","The Cursed","The IronCluck","The Servant 0.9.4","The Wild Card","everything is the same but u backflip on backflip","slay the spire mod where everything is the same but ironclad has a cowboy hat","vexMod"],"gold_per_floor":[114,130,130,143,162,162,162],"floor_reached":6,"playtime":278,"items_purged":[],"score":76,"play_id":"a695467d-36ac-4a67-bf3c-d7f19cc95653","local_time":"20201222152248","is_ascension_mode":true,"campfire_choices":[],"circlet_count":0,"master_deck":["AscendersBane","Strike_G","Strike_G","Strike_G","Strike_G","Strike_G","Defend_G","Defend_G","Defend_G","Defend_G","Defend_G","Survivor","Neutralize","Footwork","Poisoned Stab","Bouncing Flask"],"relics":["Ring of the Snake","aspiration:Nostalgia","TheCursedMod:BlackMagic101"],"acts_visited":[],"potions_floor_usage":[5],"damage_taken":[{"damage":0,"enemies":"Jaw Worm","floor":1,"turns":5},{"damage":0,"enemies":"Cultist","floor":2,"turns":5},{"damage":0,"enemies":"conspire:RoseBush","floor":4,"turns":4},{"damage":18,"enemies":"Gremlin Gang","floor":5,"turns":8},{"damage":8,"enemies":"Gremlin Nob","floor":6,"turns":3}],"seed_played":"4703614670406826971","potions_obtained":[{"floor":1,"key":"LifebloodPotion"},{"floor":2,"key":"Elixir"}],"is_trial":false,"path_per_floor":["M","M","?","M","M","E"],"character_chosen":"THE_SILENT","items_purchased":[],"campfire_rested":0,"item_purchase_floors":[],"current_hp_per_floor":[59,59,59,59,41,33,33],"gold":162,"neow_bonus":"NOSTALGIA","is_daily":false,"chose_seed":false,"campfire_upgraded":0,"win_rate":0.0,"timestamp":1608668568,"path_taken":["M","M","?","M","?","E"],"items_purchased_type":[],"build_version":"2020-12-13","purchased_purges":0,"victory":false,"max_hp_per_floor":[66,66,66,66,66,66,66],"card_choices":[{"not_picked":["PiercingWail","Deflect"],"picked":"Footwork","floor":1},{"not_picked":["Underhanded Strike","Sucker Punch","Expertise"],"picked":"SKIP","floor":2},{"not_picked":["Flying Knee","ReplayTheSpireMod:The Works"],"picked":"Bouncing Flask","floor":4},{"not_picked":["Deadly Poison","Deflect","Blade Dance"],"picked":"SKIP","floor":5}],"player_experience":1203172,"relics_obtained":[],"event_choices":[{"damage_healed":0,"gold_gain":0,"player_choice":"1 cards matched","damage_taken":0,"max_hp_gain":0,"max_hp_loss":0,"event_name":"Match and Keep!","floor":3,"gold_loss":0,"cards_obtained":["Poisoned Stab"]}],"is_beta":false,"boss_relics":[],"items_purged_floors":[],"is_endless":false,"potions_floor_spawned":[1,2],"killed_by":"Gremlin Nob","ascension_level":20}}