{"host":"28p8ce41sjwa6lzf","time":1608645415,"event":{"mods":["BaseMod","Colored Map","Colored Powertips","Highlight Path","Minty Spire (QoL Compilation)","Permanent Neow","Quick Restart","Random Character Button","Rare Cards Sparkle","Relic Stats","StSLib","Unceasing Turn Reminder"],"gold_per_floor":[114,132,207,227,238,238,258,258,258,258,258,283,294,328,328,328,328],"floor_reached":16,"playtime":625,"items_purged":[],"score":274,"play_id":"767cf20a-425b-46cd-b0dc-2c145990fa92","local_time":"20201222075655","is_ascension_mode":true,"campfire_choices":[{"data":"Skewer","floor":6.0,"key":"SMITH"},{"data":"Bouncing Flask","floor":8.0,"key":"SMITH"},{"floor":11.0,"key":"REST"},{"floor":15,"key":"DIG"}],"circlet_count":0,"master_deck":["AscendersBane","Strike_G","Strike_G","Strike_G","Strike_G","Strike_G","Defend_G","Defend_G","Defend_G","Defend_G","Defend_G","Survivor","Neutralize","Sadistic Nature","Backflip","Skewer+1","Footwork+1","Sucker Punch","Bouncing Flask+1","Terror","Dagger Throw","Deadly Poison"],"relics":["Ring of the Snake","Du-Vu Doll","White Beast Statue","Shovel","Meat on the Bone"],"acts_visited":[],"potions_floor_usage":[13,14],"damage_taken":[{"damage":4.0,"enemies":"2 Louse","floor":1.0,"turns":4.0},{"damage":0.0,"enemies":"Jaw Worm","floor":2.0,"turns":5.0},{"damage":0.0,"enemies":"Cultist","floor":4.0,"turns":3.0},{"damage":1.0,"enemies":"Looter","floor":5.0,"turns":4.0},{"damage":21.0,"enemies":"Exordium Thugs","floor":7.0,"turns":4.0},{"damage":0.0,"enemies":"Gremlin Nob","floor":12.0,"turns":3.0},{"damage":0,"enemies":"Blue Slaver","floor":13,"turns":1},{"damage":18,"enemies":"3 Sentries","floor":14,"turns":7},{"damage":28,"enemies":"Slime Boss","floor":16,"turns":6}],"seed_played":"-6570981496126149520","potions_obtained":[{"floor":1.0,"key":"LiquidBronze"},{"floor":7.0,"key":"Fire Potion"},{"floor":12.0,"key":"SteroidPotion"},{"floor":13,"key":"AttackPotion"},{"floor":14,"key":"GamblersBrew"}],"is_trial":false,"path_per_floor":["M","M","?","M","M","R","M","R","T","?","R","E","M","E","R","B"],"character_chosen":"THE_SILENT","items_purchased":[],"campfire_rested":1,"item_purchase_floors":[],"current_hp_per_floor":[55,55,44,44,43,43,22,22,22,22,40,40,40,22,22,0,0],"gold":328,"neow_bonus":"RANDOM_COLORLESS_2","is_daily":false,"chose_seed":false,"campfire_upgraded":2,"win_rate":0.0,"timestamp":1608645415,"path_taken":["M","M","?","M","M","R","M","R","T","?","R","E","?","E","R","BOSS"],"items_purchased_type":[],"build_version":"2020-12-13","purchased_purges":0,"victory":false,"max_hp_per_floor":[60,60,60,60,60,60,60,60,60,60,60,60,60,60,60,60,60],"relic_stats":{"Shovel":1,"counters":[9,37],"obtain_stats":[{"Du-Vu Doll":9,"Shovel":14,"White Beast Statue":12,"Ring of the Snake":0,"Meat on the Bone":15},{"Du-Vu Doll":5,"Shovel":8,"White Beast Statue":6,"Ring of the Snake":0,"Meat on the Bone":8},{"Du-Vu Doll":20,"Shovel":31,"White Beast Statue":23,"Ring of the Snake":0,"Meat on the Bone":31}],"Ring of the Snake":[18],"Meat on the Bone":0},"card_choices":[{"not_picked":["Violence","Secret Weapon"],"picked":"Sadistic Nature","floor":0.0},{"not_picked":["Quick Slash","Acrobatics"],"picked":"Backflip","floor":1.0},{"not_picked":["Terror","Outmaneuver"],"picked":"Skewer","floor":2.0},{"not_picked":["Acrobatics","Flying Knee"],"picked":"Footwork","floor":4.0},{"not_picked":["Heel Hook","Well Laid Plans"],"picked":"Sucker Punch","floor":5.0},{"not_picked":["Endless Agony","Bane"],"picked":"Bouncing Flask","floor":7.0},{"not_picked":["Backflip","Underhanded Strike"],"picked":"Terror","floor":12.0},{"not_picked":["Storm of Steel","Acrobatics"],"picked":"Dagger Throw","floor":13},{"not_picked":["Endless Agony","Heel Hook"],"picked":"Deadly Poison","floor":14}],"player_experience":1009786,"relics_obtained":[{"floor":9.0,"key":"Du-Vu Doll"},{"floor":12.0,"key":"White Beast Statue"},{"floor":14,"key":"Shovel"},{"floor":15,"key":"Meat on the Bone"}],"event_choices":[{"damage_healed":0.0,"max_hp_gain":0.0,"max_hp_loss":0.0,"gold_gain":75.0,"event_name":"World of Goop","player_choice":"Gather Gold","floor":3.0,"gold_loss":0.0,"damage_taken":11.0},{"damage_healed":0.0,"max_hp_gain":0.0,"max_hp_loss":0.0,"gold_gain":0.0,"event_name":"Accursed Blacksmith","player_choice":"Forge","floor":10.0,"gold_loss":0.0,"damage_taken":0.0,"cards_upgraded":["Footwork"]}],"is_beta":false,"boss_relics":[],"items_purged_floors":[],"is_endless":false,"potions_floor_spawned":[1,7,12,13,14],"killed_by":"Slime Boss","ascension_level":20}}