{"host":"w7o06k3e8uel8euj","time":1608638414,"event":{"mods":["AchievementEnabler","BaseMod","Colored Powertips","Custom Start","DeckTracker","Keyboard Shortcuts","Minty Spire (QoL Compilation)","Quick Restart","Relic Stats","StSLib","SuperFastMode","everything is the same but u backflip on backflip"],"gold_per_floor":[113,31,106,124,124,124,124,49,74,108,128,141,141,160,160,253,253,268,268,268,268,293,328,328,352,379,379,417,280,155,155,155,249,249,265,265,285,301,322,362,138,163,163,181,216,234,234,277,289,301,313,325,96,135,135],"floor_reached":56,"playtime":1972,"items_purged":["Strike_P","Conclude","Strike_P+1","SashWhip+1","Worship+1"],"score":2255,"play_id":"e8b95694-cc67-48fa-8327-0d511a569465","local_time":"20201222210014","is_ascension_mode":true,"campfire_choices":[{"data":"Eruption","floor":6.0,"key":"SMITH"},{"data":"Adaptation","floor":13.0,"key":"SMITH"},{"data":"MentalFortress","floor":15.0,"key":"SMITH"},{"floor":24.0,"key":"REST"},{"data":"MentalFortress","floor":32.0,"key":"SMITH"},{"floor":47.0,"key":"REST"},{"floor":49.0,"key":"RECALL"},{"floor":52.0,"key":"REST"}],"circlet_count":0,"master_deck":["AscendersBane","Eruption+1","Vigilance+1","MentalFortress+1","WheelKick+1","WindmillStrike+1","Adaptation+1","LessonLearned+1","FearNoEvil+1","Halt+1","MentalFortress+1","DevaForm+1","Scrawl+1","MentalFortress+1"],"relics":["PureWater","NeowsBlessing","Sundial","Golden Idol","Whetstone","Lantern","Astrolabe","White Beast Statue","Akabeko","Centennial Puzzle","TeardropLocket","Black Star","Orichalcum","Thread and Needle","Membership Card","Eternal Feather","Singing Bowl","Bottled Flame","Letter Opener","MawBank","Bag of Preparation","InkBottle","Boot"],"acts_visited":["Exordium","TheCity","TheBeyond","TheEnding"],"potions_floor_usage":[55,55],"damage_taken":[{"damage":5.0,"enemies":"Small Slimes","floor":1.0,"turns":2.0},{"damage":0.0,"enemies":"Jaw Worm","floor":4.0,"turns":1.0},{"damage":0.0,"enemies":"Gremlin Nob","floor":10.0,"turns":1.0},{"damage":0.0,"enemies":"Cultist","floor":11.0,"turns":3.0},{"damage":0.0,"enemies":"Exordium Wildlife","floor":12.0,"turns":4.0},{"damage":16.0,"enemies":"2 Fungi Beasts","floor":14.0,"turns":3.0},{"damage":8.0,"enemies":"The Guardian","floor":16.0,"turns":6.0},{"damage":30.0,"enemies":"Shell Parasite","floor":18.0,"turns":4.0},{"damage":12.0,"enemies":"Chosen","floor":22.0,"turns":3.0},{"damage":0.0,"enemies":"Book of Stabbing","floor":23.0,"turns":2.0},{"damage":8.0,"enemies":"3 Cultists","floor":25.0,"turns":4.0},{"damage":6.0,"enemies":"Gremlin Leader","floor":28.0,"turns":4.0},{"damage":2.0,"enemies":"Champ","floor":33.0,"turns":7.0},{"damage":0.0,"enemies":"Orb Walker","floor":35.0,"turns":2.0},{"damage":34.0,"enemies":"3 Shapes","floor":37.0,"turns":5.0},{"damage":8.0,"enemies":"Jaw Worm Horde","floor":38.0,"turns":4.0},{"damage":0.0,"enemies":"Maw","floor":39.0,"turns":4.0},{"damage":12.0,"enemies":"Nemesis","floor":40.0,"turns":5.0},{"damage":0.0,"enemies":"Spire Growth","floor":42.0,"turns":4.0},{"damage":9.0,"enemies":"Jaw Worm Horde","floor":44.0,"turns":3.0},{"damage":0.0,"enemies":"Reptomancer","floor":45.0,"turns":3.0},{"damage":0.0,"enemies":"Transient","floor":46.0,"turns":3.0},{"damage":7.0,"enemies":"Nemesis","floor":48.0,"turns":9.0},{"damage":0.0,"enemies":"Donu and Deca","floor":50.0,"turns":4.0},{"damage":7,"enemies":"Shield and Spear","floor":54,"turns":3},{"damage":0,"enemies":"The Heart","floor":55,"turns":5}],"seed_played":"3111307103738871908","potions_obtained":[{"floor":11.0,"key":"LiquidMemories"},{"floor":12.0,"key":"Ambrosia"},{"floor":23.0,"key":"EntropicBrew"},{"floor":25.0,"key":"Block Potion"},{"floor":28.0,"key":"PowerPotion"},{"floor":33.0,"key":"CultistPotion"},{"floor":35.0,"key":"SteroidPotion"},{"floor":39.0,"key":"DistilledChaos"},{"floor":46.0,"key":"CultistPotion"}],"is_trial":false,"path_per_floor":["M","$","?","M","T","R","?","$","T","E","M","M","R","M","R","B",null,"M","?","T","?","M","E","R","M","T","T","E","$","$","?","R","B",null,"M","?","M","M","M","E","$","M","T","M","E","M","R","E","R","B",null,"R","$","E","B",null],"character_chosen":"WATCHER","items_purchased":["MentalFortress","MentalFortress","Membership Card","Bag of Preparation","Fruit Juice","Block Potion"],"campfire_rested":3,"item_purchase_floors":[2,29,41,53,53,53],"current_hp_per_floor":[56,56,45,45,45,45,28,28,28,28,28,28,28,12,12,4,52,22,22,22,22,10,10,30,22,22,22,16,16,16,16,16,14,55,55,68,34,26,26,14,14,14,14,5,5,7,37,32,41,41,64,72,77,72,72],"gold":135,"neow_bonus":"THREE_ENEMY_KILL","is_daily":false,"chose_seed":false,"campfire_upgraded":4,"win_rate":0.0,"timestamp":1608638414,"path_taken":["M","$","?","M","?","R","?","?","T","E","M","M","R","M","R","BOSS","M","?","?","?","?","E","R","M","T","?","E","?","$","?","R","BOSS","M","?","M","?","M","E","?","M","T","M","E","M","R","E","R","BOSS","R","$","E","BOSS"],"items_purchased_type":["Card","Card","Relic","Relic","Potion","Potion"],"build_version":"2020-12-13","purchased_purges":5,"victory":true,"max_hp_per_floor":[68,68,68,68,68,68,68,68,68,68,68,68,68,68,68,68,68,68,68,68,68,68,68,68,68,68,68,68,68,68,68,68,68,68,68,68,68,68,68,68,68,68,68,68,68,70,70,72,72,72,72,72,77,79,79],"relic_stats":{"Singing Bowl":6,"counters":[26,98],"Golden Idol":181,"Astrolabe":["Worship","Weave","FearNoEvil"],"Eternal Feather":26,"Bag of Preparation":[4],"Whetstone":["Strike_P","Strike_P"],"Letter Opener":[25],"Orichalcum":[6],"MawBank":60,"Boot":[0],"Centennial Puzzle":[24],"Sundial":[118],"Black Star":4,"obtain_stats":[{"Lantern":10,"NeowsBlessing":0,"Singing Bowl":45,"Golden Idol":7,"Astrolabe":17,"Thread and Needle":40,"Eternal Feather":43,"Bag of Preparation":53,"Whetstone":9,"TeardropLocket":28,"Letter Opener":48,"Orichalcum":40,"MawBank":48,"Boot":54,"White Beast Statue":23,"Akabeko":26,"Centennial Puzzle":27,"Bottled Flame":45,"Sundial":5,"Black Star":34,"Membership Card":41,"PureWater":0,"InkBottle":54},{"Lantern":3,"NeowsBlessing":0,"Singing Bowl":21,"Golden Idol":2,"Astrolabe":7,"Thread and Needle":18,"Eternal Feather":19,"Bag of Preparation":24,"Whetstone":2,"TeardropLocket":12,"Letter Opener":23,"Orichalcum":18,"MawBank":23,"Boot":25,"White Beast Statue":10,"Akabeko":11,"Centennial Puzzle":11,"Bottled Flame":21,"Sundial":2,"Black Star":13,"Membership Card":18,"PureWater":0,"InkBottle":25},{"Lantern":4,"NeowsBlessing":0,"Singing Bowl":74,"Golden Idol":3,"Astrolabe":20,"Thread and Needle":64,"Eternal Feather":68,"Bag of Preparation":90,"Whetstone":3,"TeardropLocket":37,"Letter Opener":86,"Orichalcum":64,"MawBank":86,"Boot":93,"White Beast Statue":29,"Akabeko":33,"Centennial Puzzle":33,"Bottled Flame":74,"Sundial":3,"Black Star":44,"Membership Card":64,"PureWater":0,"InkBottle":93}],"InkBottle":[1]},"card_choices":[{"not_picked":["Crescendo","FlurryOfBlows"],"picked":"Conclude","floor":1.0},{"not_picked":["Evaluate","ThirdEye"],"picked":"WheelKick","floor":4.0},{"not_picked":["Halt","EmptyBody"],"picked":"WindmillStrike","floor":10.0},{"not_picked":["EmptyFist","Evaluate"],"picked":"Adaptation","floor":11.0},{"not_picked":["Protect","CutThroughFate","FlyingSleeves"],"picked":"SKIP","floor":12.0},{"not_picked":["Protect","CutThroughFate","FlyingSleeves"],"picked":"SKIP","floor":12.0},{"not_picked":["ThirdEye","ForeignInfluence","FlyingSleeves"],"picked":"SKIP","floor":14.0},{"not_picked":["Blasphemy","ConjureBlade"],"picked":"LessonLearned","floor":16.0},{"not_picked":["BowlingBash","SashWhip","ClearTheMind"],"picked":"SKIP","floor":18.0},{"not_picked":["Indignation","DeceiveReality","BowlingBash"],"picked":"SKIP","floor":22.0},{"not_picked":["Perseverance","FlyingSleeves","Conclude"],"picked":"SKIP","floor":23.0},{"not_picked":["ClearTheMind","Prostrate","Sanctity"],"picked":"SKIP","floor":25.0},{"not_picked":["Study","FlurryOfBlows+1"],"picked":"Halt+1","floor":28.0},{"not_picked":["Wish","Omniscience"],"picked":"Scrawl","floor":33.0},{"not_picked":["Halt","CutThroughFate","Nirvana+1"],"picked":"SKIP","floor":35.0},{"not_picked":["Halt","CutThroughFate","Nirvana+1"],"picked":"SKIP","floor":35.0},{"not_picked":["CutThroughFate","Halt+1","WaveOfTheHand"],"picked":"SKIP","floor":37.0},{"not_picked":["Pray","FlyingSleeves","BattleHymn"],"picked":"SKIP","floor":38.0},{"not_picked":["Swivel","Halt","Conclude"],"picked":"SKIP","floor":39.0},{"not_picked":["MasterReality","FollowUp","Nirvana"],"picked":"SKIP","floor":40.0},{"not_picked":["CrushJoints+1","FlurryOfBlows+1","Vengeance+1"],"picked":"SKIP","floor":42.0},{"not_picked":["BowlingBash+1","PathToVictory+1","Ragnarok"],"picked":"SKIP","floor":44.0},{"not_picked":["EmptyFist+1","Consecrate"],"picked":"MentalFortress","floor":45.0},{"not_picked":["EmptyFist","FlyingSleeves+1","BowlingBash"],"picked":"Singing Bowl","floor":46.0},{"not_picked":["FearNoEvil","FollowUp","Tantrum"],"picked":"Singing Bowl","floor":48.0},{"not_picked":["MasterReality","WheelKick","Meditate"],"picked":"Singing Bowl","floor":54}],"player_experience":562320,"relics_obtained":[{"floor":5.0,"key":"Sundial"},{"floor":9.0,"key":"Whetstone"},{"floor":10.0,"key":"Lantern"},{"floor":23.0,"key":"White Beast Statue"},{"floor":26.0,"key":"Akabeko"},{"floor":27.0,"key":"Centennial Puzzle"},{"floor":28.0,"key":"TeardropLocket"},{"floor":40.0,"key":"Orichalcum"},{"floor":40.0,"key":"Thread and Needle"},{"floor":43.0,"key":"Eternal Feather"},{"floor":45.0,"key":"Singing Bowl"},{"floor":45.0,"key":"Bottled Flame"},{"floor":48.0,"key":"Letter Opener"},{"floor":48.0,"key":"MawBank"},{"floor":54,"key":"InkBottle"},{"floor":54,"key":"Boot"}],"event_choices":[{"damage_healed":0.0,"max_hp_gain":0.0,"max_hp_loss":0.0,"gold_gain":75.0,"event_name":"World of Goop","player_choice":"Gather Gold","floor":3.0,"gold_loss":0.0,"damage_taken":11.0},{"damage_healed":0.0,"max_hp_gain":0.0,"max_hp_loss":0.0,"gold_gain":0.0,"event_name":"Golden Idol","player_choice":"Take Damage","floor":7.0,"gold_loss":0.0,"damage_taken":17.0,"relics_obtained":["Golden Idol"]},{"cards_removed":["Defend_P"],"damage_healed":0.0,"max_hp_gain":0.0,"max_hp_loss":0.0,"gold_gain":0.0,"event_name":"Back to Basics","player_choice":"Elegance","floor":19.0,"gold_loss":0.0,"damage_taken":0.0},{"damage_healed":0.0,"max_hp_gain":0.0,"max_hp_loss":0.0,"gold_gain":0.0,"cards_transformed":["Defend_P"],"event_name":"Transmorgrifier","player_choice":"Transformed","floor":21.0,"gold_loss":0.0,"damage_taken":0.0,"cards_obtained":["SashWhip"]},{"damage_healed":0.0,"max_hp_gain":0.0,"max_hp_loss":0.0,"gold_gain":0.0,"cards_transformed":["Strike_P","Weave"],"event_name":"Drug Dealer","player_choice":"Became Test Subject","floor":31.0,"gold_loss":0.0,"damage_taken":0.0,"cards_obtained":["DevaForm","ForeignInfluence"]},{"cards_removed":["ForeignInfluence"],"damage_healed":13.0,"max_hp_gain":0.0,"max_hp_loss":0.0,"gold_gain":0.0,"event_name":"Bonfire Elementals","player_choice":"Offered Uncommon","floor":36.0,"gold_loss":0.0,"damage_taken":0.0}],"is_beta":false,"boss_relics":[{"not_picked":["Pandora\u0027s Box","Busted Crown"],"picked":"Astrolabe"},{"not_picked":["Cursed Key","SacredBark"],"picked":"Black Star"}],"items_purged_floors":[8,29,30,41,53],"is_endless":false,"potions_floor_spawned":[11,12,23,25,28,33,35,37,38,39,40,42,44,46,48,54],"ascension_level":14}}