{"host":"v86vpwf004p2esb7","time":1608599989,"event":{"mods":["AchievementEnabler","BaseMod","BetterRewards","Colored Powertips","Minty Spire (QoL Compilation)","Quick Restart","StSLib","Transform Curses"],"gold_per_floor":[111,123,142,161,81,81,111,122,122,150,161,161,161,171,171,171,171],"floor_reached":16,"playtime":832,"items_purged":[],"score":164,"play_id":"5b64fa74-60ff-42fa-9e6d-665604183579","local_time":"20201221171949","daily_mods":["Heirloom"],"is_ascension_mode":false,"campfire_choices":[{"data":"Zap","floor":6,"key":"SMITH"},{"floor":13,"key":"REST"},{"data":"Streamline","floor":15,"key":"SMITH"}],"circlet_count":0,"master_deck":["Strike_B","Strike_B","Strike_B","Strike_B","Defend_B","Defend_B+1","Defend_B","Defend_B","Zap+1","Dualcast+1","Go for the Eyes","Beam Cell","Gash","Cold Snap","Cold Snap","Beam Cell","Turbo","Streamline+1","Ball Lightning","Cold Snap","Conserve Battery"],"relics":["Cracked Core","Calipers","War Paint","Ice Cream","HornCleat","Gambling Chip"],"acts_visited":["Exordium"],"potions_floor_usage":[10,16],"damage_taken":[{"damage":0,"enemies":"2 Louse","floor":1,"turns":2},{"damage":0,"enemies":"Small Slimes","floor":2,"turns":2},{"damage":6,"enemies":"Jaw Worm","floor":3,"turns":2},{"damage":13,"enemies":"Large Slime","floor":4,"turns":6},{"damage":2,"enemies":"3 Sentries","floor":7,"turns":8},{"damage":1,"enemies":"2 Fungi Beasts","floor":8,"turns":3},{"damage":8,"enemies":"Gremlin Nob","floor":10,"turns":3},{"damage":7,"enemies":"Blue Slaver","floor":11,"turns":2},{"damage":3,"enemies":"3 Louse","floor":14,"turns":2},{"damage":43,"enemies":"The Guardian","floor":16,"turns":12}],"seed_played":"2625060691997554393","potions_obtained":[{"floor":7,"key":"PowerPotion"},{"floor":8,"key":"Weak Potion"},{"floor":11,"key":"PotionOfCapacity"},{"floor":14,"key":"DuplicationPotion"}],"is_trial":true,"path_per_floor":["M","M","M","M","$","R","E","M","T","E","M","?","R","M","R","B"],"character_chosen":"DEFECT","items_purchased":["Cold Snap","Beam Cell"],"campfire_rested":1,"item_purchase_floors":[5,5],"current_hp_per_floor":[75,75,69,56,56,56,54,53,53,45,38,20,42,39,39,0,0],"gold":171,"neow_bonus":"","is_daily":false,"chose_seed":false,"campfire_upgraded":2,"win_rate":0.0,"timestamp":1608599989,"path_taken":["M","M","M","M","$","R","E","M","T","E","M","?","R","M","R","BOSS"],"items_purchased_type":["Card","Card"],"build_version":"2020-12-13","purchased_purges":0,"victory":false,"max_hp_per_floor":[75,75,75,75,75,75,75,75,75,75,75,75,75,75,75,75,75],"card_choices":[{"not_picked":["Redo","Streamline"],"picked":"Go for the Eyes","floor":1},{"not_picked":["Rebound","Redo"],"picked":"Beam Cell","floor":2},{"not_picked":["Rebound","Turbo"],"picked":"Gash","floor":3},{"not_picked":["White Noise","Sunder"],"picked":"Cold Snap","floor":4},{"not_picked":["Sunder","Steam"],"picked":"Turbo","floor":7},{"not_picked":["Aggregate","Fusion"],"picked":"Streamline","floor":8},{"not_picked":["BootSequence","White Noise"],"picked":"Ball Lightning","floor":10},{"not_picked":["Fission","Undo"],"picked":"Cold Snap","floor":11},{"not_picked":["Sweeping Beam","Leap"],"picked":"Conserve Battery","floor":14}],"player_experience":243338,"relics_obtained":[{"floor":7,"key":"War Paint"},{"floor":9,"key":"Ice Cream"},{"floor":10,"key":"HornCleat"}],"event_choices":[{"damage_healed":0,"gold_gain":0,"player_choice":"Success","damage_taken":18,"relics_obtained":["Gambling Chip"],"max_hp_gain":0,"max_hp_loss":0,"event_name":"Scrap Ooze","floor":12,"gold_loss":0}],"is_beta":false,"boss_relics":[],"items_purged_floors":[],"is_endless":true,"potions_floor_spawned":[7,8,11,14],"killed_by":"The Guardian","ascension_level":0}}