{"host":"s8k08j4eybfen9r6","time":1608614815,"event":{"mods":["Ascension Reborn","Aspiration","BaseMod","Better Altar","Better Match","Better Note","Better Sensory Stone","Better Skull","Better Third Choice","BetterRewards","Downfall","Hubris","Marisa????????","Minty Spire (QoL Compilation)","MostiFishMod","READ ME - Snecko Mod","Rare Cards Sparkle","Reworked Bosses","Shade Mod","Shop Mod","Spicy Shops","StSLib","The Alterego","The Animator","The Cursed","The Necromancer","The Servant 0.9.4"],"gold_per_floor":[119,132,148,165,178,178,205,224,274,290,303,8,23,37,37,138,138,150,168,186,199,212,242,193,226,226,274,284,311,321,321,321,424,424,437,453,28,58,76,76,108,135,188,188,222,222,419,419,419,419],"floor_reached":51,"playtime":2685,"items_purged":[],"score":956,"play_id":"1d3ec8cd-c0e9-42e6-a900-f05c3307454a","local_time":"20201222152655","is_ascension_mode":true,"campfire_choices":[{"data":"MostiFishMod:NightSea","floor":6,"key":"SMITH"},{"data":"DoubleSpark","floor":15,"key":"SMITH"},{"data":"CollectingQuirk","floor":32,"key":"SMITH"},{"data":"BinaryStars","floor":40,"key":"SMITH"},{"floor":49,"key":"RECALL"}],"circlet_count":0,"master_deck":["Strike_MRS","Strike_MRS","Strike_MRS","Strike_MRS","Defend_MRS","Defend_MRS","Defend_MRS","Defend_MRS","MasterSpark","UpSweep","PowerUp","NonDirectionalLaser","MostiFishMod:Neptune","MostiFishMod:TheEndOfMoonlight+1","MostiFishMod:FantasySummer","Singularity","LuminesStrike","WitchLeyline","MysteriousBeam","EventHorizon","SatelliteIllusion","Acceleration","RefractionSpark","OortCloud","CollectingQuirk+1","DoubleSpark+1","BinaryStars+1","ChargingUp+1","WitchOfGreed","SporeBomb","DC+1","PulseMagic","DarkMatter","UltimateShortwave","PowerUp","Acceleration","OneTimeOff+1","AbsoluteMagnitude","SporeBomb","GrandCross+1","MachineGunSpark","CasketOfStar","AsteroidBelt+1","JA","AsteroidBelt+1","Singularity+1","6A+1","6A","MillisecondPulsars+1","StarlightTyphoon+1","MilkyWay+1","MostiFishMod:NightSea+1","Panache+1","hubris:DuctTapeCard+2","MysteriousBeam","StarBarrage","MilkyWay+1","PowerUp+1","WitchOfGreed+1","MostiFishMod:ButterFly","Thinking Ahead+1"],"relics":["MiniHakkero","DaveBox","MoonlightInvasionPlan","Question Card","The Courier","Potion Belt","Membership Card","ImprovedEquipment","aspiration:Lifesprig","Lizard Tail","ImportantClient","Black Star","hubris:DeckOfHolding","Omamori","Orrery","Toxic Egg 2","hubris:BottledRain","Nunchaku","hubris:CuriousFeather","Happy Flower","ShadowXiaoBlade","ArrowTower","Matryoshka","hubris:CrystalStatue","Frozen Egg 2","Orichalcum","Ornamental Fan","Vajra","Regal Pillow","Pear","Lantern","Whetstone","Dream Catcher","Centennial Puzzle","hubris:DuctTape","hubris:NiceRug","Girya","Strawberry","Cauldron","Singing Bowl","SynthV:C4","hubris:HerbalPaste"],"acts_visited":["Exordium","TheCity","TheBeyond"],"potions_floor_usage":[29,39,39,47,50,50,50],"damage_taken":[{"damage":1,"enemies":"Jaw Worm","floor":1,"turns":2},{"damage":0,"enemies":"Cultist","floor":2,"turns":3},{"damage":1,"enemies":"2 Louse","floor":3,"turns":2},{"damage":2,"enemies":"Blue Slaver","floor":4,"turns":2},{"damage":0,"enemies":"Exordium Wildlife","floor":5,"turns":2},{"damage":0,"enemies":"Gremlin Nob","floor":7,"turns":2},{"damage":0,"enemies":"Looter","floor":8,"turns":2},{"damage":0,"enemies":"Blue Slaver","floor":10,"turns":1},{"damage":4,"enemies":"2 Fungi Beasts","floor":11,"turns":3},{"damage":0,"enemies":"3 Louse","floor":13,"turns":3},{"damage":0,"enemies":"Large Slime","floor":14,"turns":3},{"damage":15,"enemies":"Hexaghost","floor":16,"turns":5},{"damage":0,"enemies":"Chosen","floor":18,"turns":3},{"damage":5,"enemies":"Shell Parasite","floor":19,"turns":2},{"damage":0,"enemies":"Centurion and Healer","floor":20,"turns":2},{"damage":0,"enemies":"Snake Plant","floor":21,"turns":1},{"damage":0,"enemies":"Sentry and Sphere","floor":22,"turns":3},{"damage":21,"enemies":"Book of Stabbing","floor":23,"turns":2},{"damage":0,"enemies":"Snecko","floor":25,"turns":7},{"damage":11,"enemies":"Gremlin Leader","floor":27,"turns":7},{"damage":0,"enemies":"Snake Plant","floor":28,"turns":2},{"damage":14,"enemies":"Book of Stabbing","floor":29,"turns":3},{"damage":7,"enemies":"Centurion and Healer","floor":30,"turns":3},{"damage":3,"enemies":"bossMod:newCollector","floor":33,"turns":5},{"damage":9,"enemies":"3 Shapes","floor":35,"turns":2},{"damage":14,"enemies":"3 Darklings","floor":36,"turns":3},{"damage":0,"enemies":"Sphere and 2 Shapes","floor":38,"turns":2},{"damage":0,"enemies":"Maw","floor":39,"turns":2},{"damage":3,"enemies":"Reptomancer","floor":41,"turns":3},{"damage":0,"enemies":"Transient","floor":42,"turns":5},{"damage":9,"enemies":"Giant Head","floor":45,"turns":2},{"damage":16,"enemies":"hubris:Merchant","floor":47,"turns":3},{"damage":6,"enemies":"bossMod:newShapes","floor":50,"turns":2}],"seed_played":"6502642263463379079","potions_obtained":[{"floor":1,"key":"DuplicationPotion"},{"floor":2,"key":"Fire Potion"},{"floor":7,"key":"EssenceOfSteel"},{"floor":10,"key":"Guardian:BlockOnCardUsePotion"},{"floor":18,"key":"Slimebound:ThreeZeroPotion"},{"floor":29,"key":"EntropicBrew"},{"floor":38,"key":"AttackPotion"},{"floor":41,"key":"SpeedPotion"},{"floor":42,"key":"PowerPotion"},{"floor":47,"key":"SkillPotion"},{"floor":47,"key":"CultistPotion"},{"floor":47,"key":"CultistPotion"},{"floor":47,"key":"PowerPotion"},{"floor":47,"key":"BottledSpark"}],"is_trial":false,"path_per_floor":["M","M","M","M","M","R","E","M","T","M","M","$","M","M","R","B",null,"M","M","M","M","M","E","$","M","T","E","M","E","M","?","R","B",null,"M","M","$","M","M","R","E","M","T","?","E","?","$","$","R","B",null],"character_chosen":"MARISA","items_purchased":["PowerUp","NonDirectionalLaser","Membership Card","ImprovedEquipment","aspiration:Lifesprig","Lizard Tail","Orrery","ArrowTower","Matryoshka","hubris:CrystalStatue","Frozen Egg 2","Singularity+1","Orichalcum","Ornamental Fan","Centennial Puzzle","hubris:DuctTape"],"campfire_rested":0,"item_purchase_floors":[0,0,12,12,12,12,24,37,37,37,37,37,37,37,47,47],"current_hp_per_floor":[74,74,73,71,71,71,71,71,71,71,67,67,67,67,67,52,75,75,70,70,70,70,49,49,49,49,38,38,24,17,17,17,14,75,66,52,52,52,52,52,49,49,59,59,50,50,41,41,41,38],"gold":419,"neow_bonus":"","is_daily":false,"chose_seed":false,"campfire_upgraded":4,"win_rate":0.0,"timestamp":1608614815,"path_taken":["M","M","M","M","M","R","E","M","T","M","M","$","M","M","R","BOSS","M","M","M","M","M","E","$","M","T","E","M","E","M","?","R","BOSS","M","?","$","M","M","R","E","M","T","?","E","?","?","$","R","BOSS"],"items_purchased_type":["Card","Card","Relic","Relic","Relic","Relic","Relic","Relic","Relic","Relic","Relic","Card","Relic","Relic","Relic","Relic"],"build_version":"2020-12-13","purchased_purges":0,"victory":true,"max_hp_per_floor":[75,75,75,75,75,75,75,75,75,75,75,75,75,75,75,75,75,75,75,75,75,75,75,75,75,75,75,75,75,75,75,75,75,75,75,75,75,75,75,75,75,75,85,81,81,81,88,88,88,88],"card_choices":[{"not_picked":["SporeBomb","GravityBeat"],"picked":"Singularity","floor":1},{"not_picked":["NonDirectionalLaser","SporeBomb","EnergyRecoil"],"picked":"LuminesStrike","floor":2},{"not_picked":["6A","OneTimeOff","MilkyWay"],"picked":"WitchLeyline","floor":3},{"not_picked":["NonDirectionalLaser","MilkyWay","Singularity"],"picked":"MysteriousBeam","floor":4},{"not_picked":["AsteroidBelt","GravityBeat","EnergyRecoil"],"picked":"EventHorizon","floor":5},{"not_picked":["Occultation","DC","AsteroidBelt"],"picked":"SatelliteIllusion","floor":7},{"not_picked":["MysteriousBeam","OneTimeOff","UnstableBomb"],"picked":"Acceleration","floor":8},{"not_picked":["ShootingEcho","SuperPerseids","Occultation"],"picked":"RefractionSpark","floor":10},{"not_picked":["DC","AsteroidBelt","SprinkleStarSeal"],"picked":"OortCloud","floor":11},{"not_picked":["OrrerysSun","Occultation","MysteriousBeam"],"picked":"CollectingQuirk","floor":13},{"not_picked":["StarlightTyphoon","IllusionStar","GalacticHalo"],"picked":"DoubleSpark","floor":14},{"not_picked":["MaximisePower","BigCrunch","SatelliteIllusion"],"picked":"BinaryStars","floor":16},{"not_picked":["WitchLeyline+1","IllusionStar+1","6A"],"picked":"ChargingUp+1","floor":18},{"not_picked":["EarthLightRay","OrrerysSun","DoubleSpark+1"],"picked":"WitchOfGreed","floor":19},{"not_picked":["WitchLeyline","SuperPerseids","ShootingEcho"],"picked":"SporeBomb","floor":20},{"not_picked":["SuperPerseids","WitchOfGreed","GravityBeat"],"picked":"DC+1","floor":21},{"not_picked":["WitchLeyline","ShootingEcho+1","GrandCross+1"],"picked":"PulseMagic","floor":22},{"not_picked":["ShootTheMoon+1","PowerUp","OpenUniverse"],"picked":"DarkMatter","floor":23},{"not_picked":["ChargingUp+1","UnstableBomb+1","ShootingEcho"],"picked":"UltimateShortwave","floor":24},{"not_picked":["NonDirectionalLaser+1","ManaConvection","MysteriousBeam"],"picked":"PowerUp","floor":24},{"not_picked":["AsteroidBelt","NonDirectionalLaser+1","ShootingEcho"],"picked":"Acceleration","floor":24},{"not_picked":["WitchOfGreed+1","SporeBomb","DC"],"picked":"OneTimeOff+1","floor":24},{"not_picked":["GrandCross","MilkyWay+1","LuminesStrike"],"picked":"AbsoluteMagnitude","floor":24},{"not_picked":["GrandCross","DarkSpark","Occultation"],"picked":"SporeBomb","floor":25},{"not_picked":["PowerUp+1","BigCrunch+1","LuminesStrike"],"picked":"GrandCross+1","floor":27},{"not_picked":["GrandCross","AsteroidBelt+1","OortCloud+1"],"picked":"MachineGunSpark","floor":28},{"not_picked":["GravityBeat+1","UnstableBomb","MilkyWay+1"],"picked":"CasketOfStar","floor":29},{"not_picked":["GravityBeat","IllusionStar+1","FairyDestructionRay"],"picked":"AsteroidBelt+1","floor":30},{"not_picked":["AbsoluteMagnitude","BlazingStar","BigCrunch+1"],"picked":"JA","floor":33},{"not_picked":["WitchLeyline","StarBarrage","NonDirectionalLaser+1","ShootingEcho"],"picked":"SKIP","floor":35},{"not_picked":["IllusionStar+1","MilkyWay+1","FairyDestructionRay"],"picked":"AsteroidBelt+1","floor":36},{"not_picked":["NonDirectionalLaser","AsteroidBelt+1","MagicAbsorber+1"],"picked":"6A","floor":38},{"not_picked":["NonDirectionalLaser","PowerUp+1","MagicChant+1"],"picked":"6A","floor":39},{"not_picked":["DarkSpark","OneTimeOff+1","DeepEcoloBomb+1"],"picked":"MillisecondPulsars+1","floor":41},{"not_picked":["GrandCross","PowerUp+1","NonDirectionalLaser+1"],"picked":"StarlightTyphoon+1","floor":42},{"not_picked":["MysteriousBeam","BlazingStar","PropBag+1"],"picked":"MilkyWay+1","floor":45},{"not_picked":["Purity+1","hubris:Insight+1","Impatience+1"],"picked":"MostiFishMod:NightSea+1","floor":46},{"not_picked":["Dramatic Entrance","Dark Shackles+1","Flash of Steel"],"picked":"Panache+1","floor":46},{"not_picked":[],"picked":"MysteriousBeam","floor":47},{"not_picked":[],"picked":"StarBarrage","floor":47},{"not_picked":[],"picked":"MilkyWay+1","floor":47},{"not_picked":[],"picked":"PowerUp+1","floor":47},{"not_picked":[],"picked":"WitchOfGreed+1","floor":47},{"not_picked":[],"picked":"MostiFishMod:ButterFly","floor":47},{"not_picked":[],"picked":"Thinking Ahead+1","floor":47}],"player_experience":380251,"relics_obtained":[{"floor":1,"key":"Question Card"},{"floor":7,"key":"The Courier"},{"floor":9,"key":"Potion Belt"},{"floor":16,"key":"ImportantClient"},{"floor":23,"key":"hubris:DeckOfHolding"},{"floor":23,"key":"Omamori"},{"floor":26,"key":"Toxic Egg 2"},{"floor":27,"key":"hubris:BottledRain"},{"floor":27,"key":"Nunchaku"},{"floor":29,"key":"hubris:CuriousFeather"},{"floor":29,"key":"Happy Flower"},{"floor":41,"key":"Vajra"},{"floor":41,"key":"Regal Pillow"},{"floor":43,"key":"Pear"},{"floor":43,"key":"Lantern"},{"floor":45,"key":"Whetstone"},{"floor":45,"key":"Dream Catcher"},{"floor":47,"key":"Girya"},{"floor":47,"key":"Strawberry"},{"floor":47,"key":"Cauldron"},{"floor":47,"key":"Singing Bowl"},{"floor":47,"key":"SynthV:C4"},{"floor":47,"key":"hubris:HerbalPaste"}],"event_choices":[{"damage_healed":0,"gold_gain":0,"player_choice":"Ignored","damage_taken":0,"max_hp_gain":0,"max_hp_loss":0,"event_name":"betterNote:BetterNote","floor":31,"gold_loss":0,"cards_obtained":["Echo Form"]},{"damage_healed":0,"gold_gain":0,"player_choice":"Max HP","damage_taken":0,"max_hp_gain":0,"max_hp_loss":4,"event_name":"Winding Halls","floor":44,"gold_loss":0},{"damage_healed":0,"gold_gain":3,"player_choice":"1","damage_taken":0,"max_hp_gain":0,"max_hp_loss":0,"event_name":"betterStone:BetterStone","floor":46,"gold_loss":0}],"is_beta":false,"boss_relics":[{"not_picked":["Snecko Eye","TimeKeys"],"picked":"Black Star"},{"not_picked":["hubris:HollowSoul","aspiration:FutureDiary"],"picked":"ShadowXiaoBlade"}],"items_purged_floors":[],"is_endless":false,"potions_floor_spawned":[1,2,7,10,13,18,20,23,28,29,35,38,41],"ascension_level":0}}