{"host":"Teixeira","time":1608671155,"event":{"mods":["2.2 Compatiblity","AchievementEnabler","Aspiration","BaseMod","Better Match","Better Note","Better Sensory Stone","Better Skull","Better Third Choice","Colored Map","Colored Powertips","Downfall","Hermit","Hubris","Infinite Spire","Marked Mod","Minty Spire (QoL Compilation)","Permanent Neow","Quick Restart","Rare Cards Sparkle","Relic Filter","Replay The Spire","Spicy Shops","StSLib","SuperFastMode"],"gold_per_floor":[136,136,172,26,69,119,152,152,152,152,188,188,188,188,188],"floor_reached":14,"playtime":452,"items_purged":[],"score":108,"play_id":"2b75c7bc-6dca-4657-8654-12bc95f68945","local_time":"20201222180555","is_ascension_mode":true,"campfire_choices":[{"data":"MarkedMod:PinPointDefense","floor":8.0,"key":"SMITH"},{"data":"Eruption","floor":12.0,"key":"SMITH"}],"circlet_count":0,"master_deck":["Strike_P","Strike_P","Strike_P","Defend_P","Defend_P","Defend_P","Eruption+1","Vigilance","MarkedMod:GentlePulse","Consecrate","MarkedMod:PinPointDefense+1","Steam"],"relics":["PureWater","Replay:Bandana","Question Card","Golden Idol","Juzu Bracelet","Blue Candle","Ancient Tea Set","Replay:Rubber Ducky"],"acts_visited":["Exordium"],"potions_floor_usage":[],"damage_taken":[{"damage":4.0,"enemies":"2 Louse","floor":1.0,"turns":2.0},{"damage":7.0,"enemies":"Cultist","floor":3.0,"turns":3.0},{"damage":7.0,"enemies":"Jaw Worm","floor":5.0,"turns":2.0},{"damage":42.0,"enemies":"Lagavulin","floor":6.0,"turns":7.0},{"damage":4.0,"enemies":"Red Slaver","floor":7.0,"turns":2.0},{"damage":6.0,"enemies":"Looter","floor":11.0,"turns":2.0},{"damage":0,"enemies":"3 Sentries","floor":14,"turns":1}],"seed_played":"-474127406285021706","potions_obtained":[{"floor":2.0,"key":"Regen Potion"},{"floor":2.0,"key":"SteroidPotion"},{"floor":2.0,"key":"Dexterity Potion"},{"floor":5.0,"key":"BottledMiracle"},{"floor":6.0,"key":"Strength Potion"},{"floor":7.0,"key":"Dexterity Potion"}],"is_trial":false,"path_per_floor":["M","?","M","$","M","E","M","R","T","?","M","R","?","E"],"character_chosen":"WATCHER","items_purchased":["Juzu Bracelet"],"campfire_rested":0,"item_purchase_floors":[4],"current_hp_per_floor":[68,68,61,61,54,24,20,20,20,20,14,14,14,14,14],"gold":188,"neow_bonus":"RANDOM_COMMON_RELIC","is_daily":false,"chose_seed":false,"campfire_upgraded":2,"win_rate":0.0,"timestamp":1608671155,"path_taken":["M","?","M","$","M","E","M","R","T","?","M","R","?","E"],"items_purchased_type":["Relic"],"build_version":"2020-11-17","purchased_purges":0,"victory":false,"max_hp_per_floor":[72,72,72,72,72,72,72,72,72,72,72,72,72,72,72],"card_choices":[{"not_picked":["CutThroughFate","LikeWater","Consecrate"],"picked":"MarkedMod:GentlePulse","floor":1.0},{"not_picked":["SandsOfTime","EmptyBody","Fasting2"],"picked":"Consecrate","floor":3.0},{"not_picked":["FollowUp","ThirdEye","Wallop","Weave"],"picked":"SKIP","floor":5.0},{"not_picked":["Weave","Pray","ThirdEye","SignatureMove"],"picked":"SKIP","floor":6.0},{"not_picked":["Replay:Vibes","Prostrate","Vengeance"],"picked":"MarkedMod:PinPointDefense","floor":7.0},{"not_picked":["Protect","BattleHymn","EmptyMind","CrushJoints"],"picked":"SKIP","floor":11.0}],"player_experience":104765,"relics_obtained":[{"floor":6.0,"key":"Blue Candle"},{"floor":9.0,"key":"Ancient Tea Set"}],"event_choices":[{"damage_healed":0.0,"max_hp_gain":0.0,"max_hp_loss":0.0,"gold_gain":0.0,"event_name":"Lab","player_choice":"Got Potions","floor":2.0,"gold_loss":0.0,"damage_taken":0.0},{"cards_removed":["ForeignInfluence"],"damage_healed":0.0,"max_hp_gain":0.0,"max_hp_loss":0.0,"gold_gain":0.0,"event_name":"WeMeetAgain","player_choice":"Gave Card","floor":13.0,"gold_loss":0.0,"damage_taken":0.0,"relics_obtained":["Replay:Rubber Ducky"]}],"is_beta":true,"boss_relics":[],"items_purged_floors":[],"is_endless":false,"potions_floor_spawned":[5,6,7],"killed_by":"3 Sentries","ascension_level":4}}