{"host":"3jjxuhjpio8e4zkv","time":1608596243,"event":{"mods":["BaseMod","Colored Map","Minty Spire (QoL Compilation)","Permanent Neow","Relic Stats","StSLib"],"gold_per_floor":[368,385,385,407,42,42,77,87,87,122,122,134,161,178,178,255,255,270,270,270],"floor_reached":19,"playtime":550,"items_purged":[],"score":378,"play_id":"768a9804-bc3d-4a81-ad35-e2e2a07c15f2","local_time":"20201221191723","is_ascension_mode":true,"campfire_choices":[{"data":"Lockon","floor":6.0,"key":"SMITH"},{"data":"Sunder","floor":11.0,"key":"SMITH"},{"data":"Streamline","floor":15.0,"key":"SMITH"}],"circlet_count":0,"master_deck":["AscendersBane","Strike_B","Strike_B","Strike_B","Strike_B","Defend_B","Defend_B","Defend_B","Defend_B","Zap","Dualcast","Shame","Lockon+1","Streamline+1","Consume","Self Repair+1","Sunder+1","Go for the Eyes","Rip and Tear","Loop+1","Turbo","Buffer+1"],"relics":["Cracked Core","MawBank","StrikeDummy","Frozen Egg 2","DataDisk","InkBottle","Mummified Hand","SacredBark"],"acts_visited":["Exordium","TheCity"],"potions_floor_usage":[16,16],"damage_taken":[{"damage":7.0,"enemies":"Small Slimes","floor":1.0,"turns":3.0},{"damage":6.0,"enemies":"Cultist","floor":2.0,"turns":3.0},{"damage":3.0,"enemies":"2 Louse","floor":4.0,"turns":2.0},{"damage":10.0,"enemies":"Gremlin Nob","floor":7.0,"turns":3.0},{"damage":0.0,"enemies":"2 Fungi Beasts","floor":8.0,"turns":2.0},{"damage":19.0,"enemies":"3 Sentries","floor":10.0,"turns":5.0},{"damage":0.0,"enemies":"Large Slime","floor":12.0,"turns":4.0},{"damage":32.0,"enemies":"Lagavulin","floor":13.0,"turns":5.0},{"damage":6.0,"enemies":"Looter","floor":14.0,"turns":2.0},{"damage":15,"enemies":"Hexaghost","floor":16,"turns":5},{"damage":44,"enemies":"Shell Parasite","floor":18,"turns":5},{"damage":32,"enemies":"3 Byrds","floor":19,"turns":2}],"seed_played":"-1838312617080873122","potions_obtained":[{"floor":1.0,"key":"FocusPotion"},{"floor":2.0,"key":"Fire Potion"},{"floor":7.0,"key":"EntropicBrew"},{"floor":10.0,"key":"ColorlessPotion"},{"floor":12.0,"key":"PowerPotion"}],"is_trial":false,"path_per_floor":["M","M","?","M","$","R","E","M","T","E","R","M","E","M","R","B",null,"M","M"],"character_chosen":"DEFECT","items_purchased":["Consume","StrikeDummy"],"campfire_rested":0,"item_purchase_floors":[5,5],"current_hp_per_floor":[57,51,51,48,48,48,38,38,38,29,29,39,17,21,21,16,57,23,0,0],"gold":270,"neow_bonus":"TWO_FIFTY_GOLD","is_daily":false,"chose_seed":false,"campfire_upgraded":3,"win_rate":0.0,"timestamp":1608596243,"path_taken":["M","M","?","M","$","R","E","M","T","E","R","?","E","M","R","BOSS","M","M"],"items_purchased_type":["Card","Relic"],"build_version":"2020-12-13","purchased_purges":0,"victory":false,"max_hp_per_floor":[71,71,71,71,71,71,71,71,71,71,71,71,71,71,71,71,71,71,71,71],"relic_stats":{"counters":[12,41],"Mummified Hand":[8],"MawBank":24,"obtain_stats":[{"DataDisk":9,"Mummified Hand":13,"SacredBark":17,"Frozen Egg 2":7,"Cracked Core":0,"MawBank":3,"StrikeDummy":5,"InkBottle":10},{"DataDisk":5,"Mummified Hand":8,"SacredBark":10,"Frozen Egg 2":4,"Cracked Core":0,"MawBank":2,"StrikeDummy":3,"InkBottle":6},{"DataDisk":13,"Mummified Hand":27,"SacredBark":34,"Frozen Egg 2":11,"Cracked Core":0,"MawBank":6,"StrikeDummy":8,"InkBottle":18}],"InkBottle":[6]},"card_choices":[{"not_picked":["Go for the Eyes","Genetic Algorithm"],"picked":"Lockon","floor":1.0},{"not_picked":["Turbo","Rebound"],"picked":"Streamline","floor":2.0},{"not_picked":["Redo","Steam","Beam Cell"],"picked":"SKIP","floor":4.0},{"not_picked":["Aggregate","Coolheaded"],"picked":"Self Repair+1","floor":7.0},{"not_picked":["Reprogram","Turbo"],"picked":"Sunder","floor":8.0},{"not_picked":["Reprogram","Stack"],"picked":"Go for the Eyes","floor":10.0},{"not_picked":["Redo","Beam Cell"],"picked":"Rip and Tear","floor":12.0},{"not_picked":["Auto Shields","Lockon"],"picked":"Loop+1","floor":13.0},{"not_picked":["Aggregate","Stack"],"picked":"Turbo","floor":14.0},{"not_picked":["Machine Learning+1","Thunder Strike"],"picked":"Buffer+1","floor":16},{"not_picked":["Coolheaded","Tempest","Barrage"],"picked":"SKIP","floor":18}],"player_experience":1085735,"relics_obtained":[{"floor":7.0,"key":"Frozen Egg 2"},{"floor":9.0,"key":"DataDisk"},{"floor":10.0,"key":"InkBottle"},{"floor":13.0,"key":"Mummified Hand"}],"event_choices":[{"damage_healed":0.0,"max_hp_gain":0.0,"max_hp_loss":0.0,"gold_gain":0.0,"event_name":"WeMeetAgain","player_choice":"Gave Potion","floor":3.0,"gold_loss":0.0,"damage_taken":0.0,"relics_obtained":["MawBank"]}],"is_beta":false,"boss_relics":[{"not_picked":["Fusion Hammer","Sozu"],"picked":"SacredBark"}],"items_purged_floors":[],"is_endless":false,"potions_floor_spawned":[1,2,7,10,12],"killed_by":"3 Byrds","ascension_level":20}}