{"host":"qg7fj05lalo09o61","time":1608668034,"event":{"mods":["Act Like it!","Always Whale","BaseMod","CapriCore","Gensokyo","Marisa????????","Minty Spire (QoL Compilation)","StSLib"],"gold_per_floor":[214,314,314,324,337,365,365,365,390,402,427,427,135,154,154,257,257,270,270,520,539,539,573,573,603,629,640,654,654,159,177,177,177,177],"floor_reached":33,"playtime":1712,"items_purged":["Strike_MRS","Strike_MRS"],"score":333,"play_id":"1622ced0-0a98-40cb-a690-ca79df6d07fb","local_time":"20201222231354","is_ascension_mode":true,"campfire_choices":[{"data":"DoubleSpark","floor":7,"key":"SMITH"},{"data":"NonDirectionalLaser","floor":12,"key":"SMITH"},{"data":"DC","floor":15,"key":"SMITH"},{"data":"BigCrunch","floor":24,"key":"SMITH"},{"data":"NonDirectionalLaser","floor":29,"key":"SMITH"},{"data":"MachineGunSpark","floor":32,"key":"SMITH"}],"circlet_count":0,"master_deck":["Strike_MRS","Defend_MRS","Defend_MRS","Defend_MRS","Defend_MRS","MasterSpark","UpSweep","DeepEcoloBomb","NonDirectionalLaser+1","NonDirectionalLaser+1","DoubleSpark+1","WitchLeyline","GalacticHalo","WitchLeyline","ShootTheMoon","DC+1","GalacticHalo","BigCrunch+1","SuperPerseids","GalacticHalo","BigCrunch+1","Master of Strategy+1","MachineGunSpark+1"],"relics":["MiniHakkero","Smiling Mask","Potion Belt","Membership Card","MealTicket","ExperimentalFamiliar","Gensokyo:ConquerorOfFear","Singing Bowl","Torii","Vajra","Toxic Egg 2","BreadOfAWashokuLover","Sling"],"acts_visited":["Exordium","Gensokyo:Gensokyo"],"potions_floor_usage":[23,28,28,33],"damage_taken":[{"damage":0,"enemies":"Gensokyo:Python","floor":1,"turns":4},{"damage":0,"enemies":"Gensokyo:3_Fairies","floor":4,"turns":3},{"damage":7,"enemies":"Gensokyo:Gryphon","floor":5,"turns":3},{"damage":10,"enemies":"Gensokyo:Mamizou","floor":6,"turns":6},{"damage":0,"enemies":"Gensokyo:VengefulSpirit","floor":10,"turns":3},{"damage":9,"enemies":"Gensokyo:Cirno","floor":11,"turns":4},{"damage":0,"enemies":"Gensokyo:LivingMonolith","floor":14,"turns":2},{"damage":27,"enemies":"Gensokyo:Kokoro","floor":16,"turns":11},{"damage":0,"enemies":"Gensokyo:2_Gloops","floor":18,"turns":2},{"damage":0,"enemies":"Gensokyo:3_Dogs","floor":21,"turns":1},{"damage":0,"enemies":"Gensokyo:Reisen","floor":23,"turns":3},{"damage":32,"enemies":"Gensokyo:Tenshi","floor":25,"turns":3},{"damage":13,"enemies":"Gensokyo:Wraith","floor":27,"turns":3},{"damage":15,"enemies":"Gensokyo:Slime_Group","floor":28,"turns":3},{"damage":1,"enemies":"Gensokyo:Chomper_and_Gloop","floor":31,"turns":3},{"damage":75,"enemies":"Gensokyo:Eternal_Rivals","floor":33,"turns":3}],"seed_played":"385663104426764685","potions_obtained":[{"floor":5,"key":"Energy Potion"},{"floor":6,"key":"PowerPotion"},{"floor":10,"key":"AttackPotion"},{"floor":18,"key":"Explosive Potion"},{"floor":23,"key":"Fruit Juice"},{"floor":25,"key":"Block Potion"},{"floor":28,"key":"Regen Potion"}],"is_trial":false,"path_per_floor":["M","?","?","M","M","E","R","?","T","M","E","R","$","M","R","B",null,"M","?","?","M","?","E","R","E","T","M","M","R","$","M","R","B"],"character_chosen":"MARISA","items_purchased":["Membership Card","DC","MealTicket","Toxic Egg 2","BigCrunch+1","BreadOfAWashokuLover","Sling","Master of Strategy+1"],"campfire_rested":0,"item_purchase_floors":[13,13,13,30,30,30,30,30],"current_hp_per_floor":[75,75,75,75,68,58,58,58,58,58,49,49,49,49,49,22,75,75,75,75,75,75,77,77,47,47,36,28,28,43,42,42,0,0],"gold":177,"neow_bonus":"HUNDRED_GOLD","is_daily":false,"chose_seed":false,"campfire_upgraded":6,"win_rate":0.0,"timestamp":1608668034,"path_taken":["M","?","?","M","M","E","R","?","T","M","E","R","?","M","R","BOSS","M","?","?","M","?","E","R","E","T","?","M","R","$","M","R","BOSS"],"items_purchased_type":["Relic","Card","Relic","Relic","Card","Relic","Relic","Card"],"build_version":"2020-12-13","purchased_purges":2,"victory":false,"max_hp_per_floor":[75,75,75,75,75,75,75,75,75,75,75,75,75,75,75,75,75,75,75,75,75,75,77,77,79,79,81,88,88,88,88,88,88,88],"card_choices":[{"not_picked":["PowerUp","PulseMagic"],"picked":"DeepEcoloBomb","floor":1},{"not_picked":["Orbital","UnstableBomb"],"picked":"NonDirectionalLaser","floor":3},{"not_picked":["MilkyWay","EarthLightRay"],"picked":"NonDirectionalLaser","floor":3},{"not_picked":["WitchOfGreed","PowerUp"],"picked":"DoubleSpark","floor":4},{"not_picked":["Singularity","MagicChant"],"picked":"WitchLeyline","floor":5},{"not_picked":["FinalSpark","GravityBeat"],"picked":"GalacticHalo","floor":6},{"not_picked":["MilkyWay","Acceleration"],"picked":"WitchLeyline","floor":10},{"not_picked":["OortCloud","IllusionStar"],"picked":"ShootTheMoon","floor":11},{"not_picked":["Occultation","PowerUp"],"picked":"GalacticHalo","floor":14},{"not_picked":["FinalSpark","MaximisePower"],"picked":"BigCrunch","floor":16},{"not_picked":["IllusionStar","DoubleSpark"],"picked":"SuperPerseids","floor":18},{"not_picked":["DarkSpark","MilkyWay"],"picked":"GalacticHalo","floor":21},{"not_picked":["CasketOfStar","MilkyWay+1","OortCloud"],"picked":"Singing Bowl","floor":23},{"not_picked":["WitchOfGreed","MysteriousBeam","GravityBeat"],"picked":"Singing Bowl","floor":25},{"not_picked":["BigCrunch","6A","MysteriousBeam"],"picked":"Singing Bowl","floor":27},{"not_picked":["LuminesStrike","IllusionStar","PowerUp"],"picked":"Singing Bowl","floor":28},{"not_picked":["PowerUp+1","MagicChant+1"],"picked":"MachineGunSpark","floor":31}],"player_experience":198561,"relics_obtained":[{"floor":6,"key":"Toy Ornithopter"},{"floor":9,"key":"Smiling Mask"},{"floor":11,"key":"Potion Belt"},{"floor":21,"key":"Gensokyo:ConquerorOfFear"},{"floor":23,"key":"Singing Bowl"},{"floor":25,"key":"Torii"},{"floor":26,"key":"Vajra"}],"event_choices":[],"is_beta":false,"boss_relics":[{"not_picked":["Ectoplasm","BewitchedHakkero"],"picked":"ExperimentalFamiliar"}],"items_purged_floors":[13,30],"is_endless":false,"potions_floor_spawned":[5,6,10,18,23,25,28],"killed_by":"Gensokyo:Eternal_Rivals","ascension_level":1}}