{"host":"wit788p0mfrnfops","time":1608603645,"event":{"mods":["ATMod(阿瑾Mod)","Act Like it!","Aspiration","BaseMod","Conspire","Dota2Spire","Friendly Minions","Hallownest","Jedi Mod","Minty Spire (QoL Compilation)","MostiFishMod","Pale of the Ancients","Permanent Neow","Prisma Mod","Quarter Circle Forward PUNCH!","Replay The Spire","RumiaBox-露米?的神秘盒子","Spicy Shops","StSLib","TestMod","The Alterego","[IsaacMod]以撒尖塔","vexMod","【功能Mod】?明的最?Boss","【?物卡牌】REMEMod","篝火指南"],"gold_per_floor":[99,122,152,152,166,166,166,166,193,41,59,59,59,80,148,255,255,266,280,84,84,84,84,84,84,84,84,84,39,59,59,59,166,166,187,352,352,373,433,433,433,0,0,0,0,34,9,9,60,159,159,171,171,171,171,171,171,101,101,101,101,102,114,73,73,75,75],"floor_reached":66,"playtime":4170,"items_purged":[],"score":1102,"play_id":"c008eed5-f402-4fcc-85e8-ccac27c61d82","local_time":"20201222102045","daily_mods":["Hoarder","Insanity","Chimera","Specialized","Vintage","ControlledChaos","Allstar","Diverse","Colorless Cards","Heirloom","Time Dilation","Flight"],"is_ascension_mode":false,"campfire_choices":[{"data":"Demon Form","floor":6.0,"key":"SMITH"},{"data":"Demon Form","floor":7.0,"key":"SMITH"},{"data":"Demon Form","floor":13.0,"key":"SMITH"},{"data":"AT_Dispersion","floor":23.0,"key":"SMITH"},{"data":"AT_Dispersion","floor":25.0,"key":"SMITH"},{"data":"AT_Dispersion","floor":27.0,"key":"SMITH"},{"data":"Dual Wield","floor":31.0,"key":"SMITH"},{"floor":32.0,"key":"DIG"},{"data":"Dual Wield","floor":40.0,"key":"SMITH"},{"data":"Dual Wield","floor":41,"key":"SMITH"},{"data":"Rampage","floor":53,"key":"SMITH"},{"data":"Rampage","floor":57,"key":"SMITH"},{"data":"Rampage","floor":59,"key":"SMITH"},{"data":"Warcry","floor":61,"key":"SMITH"}],"circlet_count":0,"master_deck":["Wraith Form v2","Echo Form","DevaForm","Demon Form+1","Demon Form+1","Demon Form+1","AT_Dispersion+1","AT_Dispersion+1","AT_Dispersion+1","MostiFishMod:KingOfFree+1","MostiFishMod:KingOfFree+1","MostiFishMod:KingOfFree+1","Dual Wield+1","Dual Wield+1","Dual Wield+1","Rampage+1","Rampage+1","Rampage+1","Warcry+1","Warcry","Warcry","Cleave","Cleave","Cleave","Inflame+1","Inflame+1","Inflame+1","Normality","jedi:suffering","jedi:suffering","jedi:suffering","Hallownest:curseDreamersLament","Hallownest:curseDreamersLament","Hallownest:curseDreamersLament","Clothesline+1","Clothesline+1","Clothesline+1","Anger","Anger","Anger","Run Through","Run Through","Run Through","Headbutt+1","Headbutt+1","Headbutt+1","Replay:Undeath\u0027s Touch","Replay:Undeath\u0027s Touch","Replay:Undeath\u0027s Touch","Thunderclap","Thunderclap","Thunderclap"],"relics":["Snecko Eye","Unceasing Top","Ring of Chaos","replay:Trail_Library","jedi:maincommand","HushsDoor","testmod-TestBox","REME_ComplimentaryCards","DaveBox","AT_ATBox","GuppysHead","testmod-CyclicPeriapt","EGODaCapo","Replay:Kaleidoscope","Yang","Replay:Antivirus Software","PlanX","qcfpunch:Not_Strongest_Fighting_Style_Guidebook","testmod-OneHitWonder","conspire:Dentures","Symbiotic Virus","ImportantClient","aspiration:IroncladSkillbook","aspiration:FrozenJewel","Frozen Egg 2","Juzu Bracelet","jedi:arcanewood","Replay:Accelerometer","ZombieArmy","ReplayTheSpireMod:Ring of Addiction","Potion Belt","Toy Ornithopter","Ring of Misfortune","DoctorsRemote","jedi:heavyjacket","aspiration:Stellarator","GuppysTail","Chameleon Ring","Hallownest:GodTamersBeastRelic","Hallownest:BeastSealRelic","Dota2Spire:Vanguard","testmod-EqualTreatment","NineVolt","jedi:kaleidoscope","qcfpunch:Unceasing_Flame","qcfpunch:Army_Boots","FrozenCore","BelialBook","Bag of Preparation","Hallownest:SheosBrushRelic","Hallownest:StagBellRelic1","SentryEyes","Dota2Spire:BladeMail"],"acts_visited":["Hallownest:Greenpath","Hallownest:CityofTears","Hallownest:KingdomsEdge","Hallownest:Greenpath"],"potions_floor_usage":[50,50,50,50,66,66],"damage_taken":[{"damage":0.0,"enemies":"Hallownest:monsterHuskGuard","floor":2.0,"turns":2.0},{"damage":0.0,"enemies":"2_ Uuma","floor":5.0,"turns":2.0},{"damage":0.0,"enemies":"Hallownest:2_Baldur","floor":11.0,"turns":4.0},{"damage":0.0,"enemies":"Hallownest:1_Ooma_and_2_Uuma","floor":14.0,"turns":5.0},{"damage":17.0,"enemies":"Hallownest:BossHornet","floor":16.0,"turns":4.0},{"damage":13.0,"enemies":"Hallownest:2_Mistakes","floor":18.0,"turns":4.0},{"damage":7.0,"enemies":"Hallownest:Flukemon_and_Top","floor":19.0,"turns":4.0},{"damage":11.0,"enemies":"Hallownest:Master_and_Novice","floor":30.0,"turns":8.0},{"damage":0.0,"enemies":"Hallownest:BossMantisLord","floor":33.0,"turns":5.0},{"damage":0.0,"enemies":"Hallownest:Shield_Heavy","floor":35.0,"turns":5.0},{"damage":0.0,"enemies":"Hallownest:Shield_Heavy","floor":36.0,"turns":5.0},{"damage":0.0,"enemies":"Hallownest:Shield_Heavy","floor":36.0,"turns":7.0},{"damage":0.0,"enemies":"Hallownest:Shield_Heavy","floor":36.0,"turns":5.0},{"damage":0.0,"enemies":"Hallownest:Shield_Heavy","floor":36.0,"turns":2.0},{"damage":0.0,"enemies":"Hallownest:2_Littles","floor":38.0,"turns":5.0},{"damage":0.0,"enemies":"Hallownest:2_Primals","floor":39.0,"turns":6.0},{"damage":0,"enemies":"conspire:MimicChest","floor":46,"turns":4},{"damage":0,"enemies":"Hallownest:BossHollowKnight","floor":50,"turns":6},{"damage":1,"enemies":"Hallownest:2_Tiktiks_and_1_Crawlid","floor":52,"turns":2},{"damage":0,"enemies":"Hallownest:monsterMarmu","floor":62,"turns":2},{"damage":0,"enemies":"2_ Uuma","floor":63,"turns":1},{"damage":106,"enemies":"Delirium","floor":66,"turns":6}],"seed_played":"3916661200087433775","potions_obtained":[{"floor":5.0,"key":"testmod-TestPotion"},{"floor":11.0,"key":"AttackPotion"},{"floor":16.0,"key":"SpeedPotion"},{"floor":28.0,"key":"Strength Potion"},{"floor":28.0,"key":"Fire Potion"},{"floor":28.0,"key":"Strength Potion"},{"floor":33.0,"key":"LifebloodPotion"},{"floor":35.0,"key":"Dota2Spire:HealingSalve"},{"floor":38.0,"key":"testmod-TimePotion"},{"floor":39.0,"key":"Swift Potion"},{"floor":52,"key":"BlessingOfTheForge"}],"is_trial":true,"path_per_floor":["?","M","?","$","M","R","R","T","T","$","M","$","R","M","R","B",null,"M","M","$","?","?","R","T","R","T","R","?","?","M","R","R","B",null,"M","?","?","M","?","R","R","?","T","$","T","?","?","$","R","B",null,"M","R","?","?","?","R","?","R","T","R","?","M","$","?","B"],"character_chosen":"IRONCLAD","items_purchased":["jedi:command_common","Warcry","jedi:command_common","jedi:command_common","GuppysTail","jedi:suffering","BelialBook","Thunderclap"],"campfire_rested":0,"item_purchase_floors":[10,20,20,20,34,34,51,64],"current_hp_per_floor":[100,100,100,100,100,100,100,100,100,100,100,100,100,100,100,84,100,92,90,90,100,100,100,100,100,100,100,100,106,103,103,103,106,93,93,93,91,91,91,89,89,89,89,87,87,87,85,85,85,83,73,73,73,71,71,71,69,69,69,67,67,67,65,65,65,0,0],"gold":75,"neow_bonus":"","is_daily":false,"chose_seed":false,"campfire_upgraded":13,"win_rate":0.0,"timestamp":1608603645,"path_taken":["?","M","?","$","M","R","R","?","T","$","M","?","R","?","R","BOSS","M","M","$","?","?","R","?","R","T","R","?","?","M","?","R","BOSS","M","?","?","M","?","R","R","?","T","$","?","?","?","?","R","BOSS","M","?","?","?","?","R","?","R","T","R","?","M","$","?","BOSS"],"items_purchased_type":["Relic","Card","Relic","Relic","Relic","Card","Relic","Card"],"build_version":"2020-12-13","purchased_purges":0,"victory":false,"max_hp_per_floor":[100,100,100,100,100,100,100,100,100,100,100,100,100,100,100,100,100,100,100,100,100,100,100,100,100,100,100,100,106,106,106,104,106,93,93,93,91,91,91,89,89,89,89,87,87,87,85,85,85,83,73,73,73,71,71,71,69,69,69,67,67,67,65,65,65,63,63],"card_choices":[{"not_picked":["PrismaMod:IllyaCheapChannelAttack","Bane+1","testmod-Collector+1"],"picked":"Clothesline+1","floor":39.0},{"not_picked":["alterego_mod:Undulate","PrismaMod:ChloeExhaustOne","AT_EssenceShift+1"],"picked":"Headbutt+1","floor":46}],"player_experience":876832,"relics_obtained":[{"floor":2.0,"key":"jedi:command_uncommon"},{"floor":5.0,"key":"jedi:command_common"},{"floor":8.0,"key":"jedi:command_rare"},{"floor":9.0,"key":"jedi:command_common"},{"floor":11.0,"key":"jedi:command_uncommon"},{"floor":14.0,"key":"jedi:command_uncommon"},{"floor":16.0,"key":"ImportantClient"},{"floor":18.0,"key":"jedi:command_uncommon"},{"floor":19.0,"key":"jedi:command_uncommon"},{"floor":24.0,"key":"jedi:command_uncommon"},{"floor":26.0,"key":"jedi:command_common"},{"floor":28.0,"key":"ReplayTheSpireMod:Ring of Addiction"},{"floor":28.0,"key":"Potion Belt"},{"floor":28.0,"key":"Toy Ornithopter"},{"floor":28.0,"key":"Ring of Misfortune"},{"floor":30.0,"key":"jedi:command_uncommon"},{"floor":32.0,"key":"jedi:command_uncommon"},{"floor":35.0,"key":"jedi:command_uncommon"},{"floor":38.0,"key":"jedi:command_common"},{"floor":39.0,"key":"jedi:command_rare"},{"floor":43,"key":"jedi:command_rare"},{"floor":45,"key":"jedi:command_rare"},{"floor":46,"key":"jedi:command_common"},{"floor":52,"key":"jedi:command_common"},{"floor":60,"key":"jedi:command_rare"},{"floor":63,"key":"jedi:command_common"}],"event_choices":[],"is_beta":false,"boss_relics":[{"not_picked":["jedi:command_boss","jedi:command_boss"],"picked":"jedi:command_boss"},{"not_picked":[]},{"not_picked":["jedi:command_boss","jedi:command_boss"],"picked":"jedi:command_boss"},{"not_picked":[]},{"not_picked":["jedi:command_boss","jedi:command_boss"],"picked":"jedi:command_boss"},{"not_picked":[]}],"items_purged_floors":[],"is_endless":true,"potions_floor_spawned":[5,11,16,33,35,36,36,38,39,52,62],"killed_by":"Delirium","ascension_level":0}}