{"host":"egyxg9lnjq7g2hmw","time":1608600338,"event":{"mods":["AchievementEnabler","BaseMod","Block Reminder","Colored Map","Colored Powertips","Highlight Path","Minty Spire (QoL Compilation)","Rare Cards Sparkle","StSLib"],"gold_per_floor":[111,36,36,55,67,67,100,111,111,82,4,4,35,54,54,130,130,130],"floor_reached":17,"playtime":627,"items_purged":[],"score":330,"play_id":"4a456755-7f2a-4a27-a08a-d05c87c6985d","local_time":"20201221172538","is_ascension_mode":true,"campfire_choices":[{"data":"Dash","floor":6.0,"key":"SMITH"},{"data":"Eviscerate","floor":12.0,"key":"SMITH"},{"data":"Eviscerate","floor":15.0,"key":"SMITH"}],"circlet_count":0,"master_deck":["AscendersBane","Strike_G","Strike_G","Strike_G","Strike_G","Defend_G","Defend_G","Defend_G","Defend_G","Defend_G","Survivor","Neutralize+1","All Out Attack","Dash+1","Quick Slash","Eviscerate+1","Prepared","Dagger Throw","Well Laid Plans","Eviscerate+1"],"relics":["Runic Dome","Singing Bowl","Blue Candle","Potion Belt","Black Star"],"acts_visited":["Exordium","TheCity"],"potions_floor_usage":[],"damage_taken":[{"damage":1.0,"enemies":"Small Slimes","floor":1.0,"turns":6.0},{"damage":0.0,"enemies":"2 Louse","floor":4.0,"turns":3.0},{"damage":0.0,"enemies":"Jaw Worm","floor":5.0,"turns":5.0},{"damage":18.0,"enemies":"Lagavulin","floor":7.0,"turns":10.0},{"damage":4.0,"enemies":"Red Slaver","floor":8.0,"turns":3.0},{"damage":5.0,"enemies":"3 Sentries","floor":13.0,"turns":5.0},{"damage":0.0,"enemies":"2 Fungi Beasts","floor":14.0,"turns":2.0},{"damage":15.0,"enemies":"Slime Boss","floor":16.0,"turns":9.0}],"seed_played":"1817999278555385624","potions_obtained":[{"floor":1.0,"key":"EssenceOfSteel"},{"floor":8.0,"key":"Explosive Potion"},{"floor":13.0,"key":"PowerPotion"}],"is_trial":false,"path_per_floor":["M","?","?","M","M","R","E","M","T","$","$","R","E","M","R","B",null],"character_chosen":"THE_SILENT","items_purchased":["Dagger Throw","Well Laid Plans"],"campfire_rested":0,"item_purchase_floors":[10,11],"current_hp_per_floor":[58,58,58,58,58,58,40,36,36,36,36,36,33,33,33,20,58,58],"gold":130,"neow_bonus":"BOSS_RELIC","is_daily":false,"chose_seed":false,"campfire_upgraded":3,"win_rate":0.0,"timestamp":1608600338,"path_taken":["M","?","?","M","M","R","E","M","T","?","$","R","E","M","R","BOSS"],"items_purchased_type":["Card","Card"],"build_version":"2020-12-13","purchased_purges":0,"victory":false,"max_hp_per_floor":[66,66,66,66,66,66,66,66,66,66,66,66,68,68,68,70,70,70],"card_choices":[{"not_picked":["Setup","Prepared"],"picked":"All Out Attack","floor":1.0},{"not_picked":["Deadly Poison","Tactician"],"picked":"Dash","floor":4.0},{"not_picked":["Slice","Deflect"],"picked":"Quick Slash","floor":5.0},{"not_picked":["Acrobatics","Unload"],"picked":"Eviscerate","floor":7.0},{"not_picked":["Slice","All Out Attack"],"picked":"Prepared","floor":8.0},{"not_picked":["Cloak And Dagger","Flechettes","Deflect"],"picked":"Singing Bowl","floor":13.0},{"not_picked":["Heel Hook","Masterful Stab"],"picked":"Eviscerate","floor":14.0},{"not_picked":["Venomology","Die Die Die","Wraith Form v2"],"picked":"Singing Bowl","floor":16.0}],"player_experience":562727,"relics_obtained":[{"floor":7.0,"key":"Singing Bowl"},{"floor":9.0,"key":"Blue Candle"},{"floor":13.0,"key":"Potion Belt"}],"event_choices":[{"cards_removed":["Strike_G"],"damage_healed":0.0,"max_hp_gain":0.0,"max_hp_loss":0.0,"gold_gain":0.0,"event_name":"The Cleric","player_choice":"Card Removal","floor":2.0,"gold_loss":75.0,"damage_taken":0.0},{"damage_healed":0.0,"max_hp_gain":0.0,"max_hp_loss":0.0,"gold_gain":0.0,"event_name":"Living Wall","player_choice":"Grow","floor":3.0,"gold_loss":0.0,"damage_taken":0.0,"cards_upgraded":["Neutralize"]}],"is_beta":false,"boss_relics":[{"not_picked":["Philosopher\u0027s Stone","SacredBark"],"picked":"Black Star"}],"items_purged_floors":[],"is_endless":false,"potions_floor_spawned":[1,8,13],"ascension_level":20}}