{"host":"kpyoctgc7jne3jiy","time":1608642831,"event":{"mods":["AchievementEnabler","BaseMod","Minty Spire (QoL Compilation)"],"gold_per_floor":[115,115,115,128,203,238,238,11,11,24,24,24,49,65,65,167,167,184,184,196,121,121,121],"floor_reached":22,"playtime":915,"items_purged":[],"score":253,"play_id":"9efa1736-165d-4d45-a467-07a099174baa","local_time":"20201222141351","is_ascension_mode":true,"campfire_choices":[{"floor":7.0,"key":"REST"},{"floor":12.0,"key":"REST"},{"floor":15,"key":"REST"}],"circlet_count":0,"master_deck":["Defend_G","Defend_G","Defend_G","Defend_G","Survivor","Neutralize","Poisoned Stab","Cloak And Dagger","Poisoned Stab","Slice","Footwork","Blade Dance","Crippling Poison","Corpse Explosion","Underhanded Strike","Bite","Bite","Bite","Bite","Bite","Catalyst"],"relics":["Ring of the Snake","Potion Belt","Pantograph","Sling","Odd Mushroom","SlaversCollar"],"acts_visited":["Exordium","TheCity"],"potions_floor_usage":[20,20],"damage_taken":[{"damage":0.0,"enemies":"Small Slimes","floor":1.0,"turns":4.0},{"damage":0.0,"enemies":"2 Louse","floor":4.0,"turns":4.0},{"damage":51.0,"enemies":"Lagavulin","floor":6.0,"turns":7.0},{"damage":1.0,"enemies":"Jaw Worm","floor":10.0,"turns":3.0},{"damage":24,"enemies":"The Mushroom Lair","floor":13,"turns":5},{"damage":0,"enemies":"Large Slime","floor":14,"turns":4},{"damage":31,"enemies":"Hexaghost","floor":16,"turns":12},{"damage":39,"enemies":"Spheric Guardian","floor":18,"turns":9},{"damage":15,"enemies":"2 Thieves","floor":20,"turns":3},{"damage":21,"enemies":"Chosen and Byrds","floor":22,"turns":5}],"seed_played":"1301388610576499546","potions_obtained":[{"floor":4.0,"key":"Strength Potion"},{"floor":16,"key":"Block Potion"},{"floor":18,"key":"EssenceOfSteel"}],"is_trial":false,"path_per_floor":["M","?","?","M","?","E","R","$","T","M","$","R","?","M","R","B",null,"M","?","M","?","M"],"character_chosen":"THE_SILENT","items_purchased":["Sling","Footwork"],"campfire_rested":3,"item_purchase_floors":[8,8],"current_hp_per_floor":[70,63,63,63,52,1,22,22,22,21,21,42,18,18,39,33,61,22,22,15,15,0,0],"gold":121,"neow_bonus":"THREE_CARDS","is_daily":false,"chose_seed":false,"campfire_upgraded":0,"win_rate":0.0,"timestamp":1608642831,"path_taken":["M","?","?","M","?","E","R","$","T","?","$","R","?","M","R","BOSS","M","?","M","?","M"],"items_purchased_type":["Relic","Card"],"build_version":"2020-12-13","purchased_purges":0,"victory":false,"max_hp_per_floor":[70,70,70,70,70,70,70,70,70,70,70,70,70,70,70,70,70,70,49,49,49,49,49],"card_choices":[{"not_picked":["Dagger Spray","Blade Dance"],"picked":"Poisoned Stab","floor":0.0},{"not_picked":["Setup","Dodge and Roll"],"picked":"Cloak And Dagger","floor":1.0},{"not_picked":["Slice","Blade Dance"],"picked":"Poisoned Stab","floor":4.0},{"not_picked":["Prepared","Glass Knife"],"picked":"Slice","floor":6.0},{"not_picked":["Masterful Stab","Deflect"],"picked":"Blade Dance","floor":10.0},{"not_picked":["Terror","Glass Knife"],"picked":"Crippling Poison","floor":14},{"not_picked":["After Image","Storm of Steel"],"picked":"Corpse Explosion","floor":16},{"not_picked":["Deflect","Terror"],"picked":"Underhanded Strike","floor":18},{"not_picked":["Acrobatics","Poisoned Stab"],"picked":"Catalyst","floor":20}],"player_experience":236940,"relics_obtained":[{"floor":6.0,"key":"Pantograph"},{"floor":13,"key":"Odd Mushroom"}],"event_choices":[{"damage_healed":0.0,"max_hp_gain":0.0,"max_hp_loss":0.0,"gold_gain":0.0,"event_name":"Scrap Ooze","player_choice":"Success","floor":2.0,"gold_loss":0.0,"damage_taken":7.0,"relics_obtained":["Potion Belt"]},{"damage_healed":0.0,"max_hp_gain":0.0,"max_hp_loss":0.0,"gold_gain":0.0,"event_name":"Liars Game","player_choice":"Ignored","floor":3.0,"gold_loss":0.0,"damage_taken":0.0},{"damage_healed":0.0,"max_hp_gain":0.0,"max_hp_loss":0.0,"gold_gain":75.0,"event_name":"World of Goop","player_choice":"Gather Gold","floor":5.0,"gold_loss":0.0,"damage_taken":11.0},{"damage_healed":0,"gold_gain":0,"player_choice":"Fought Mushrooms","damage_taken":0,"max_hp_gain":0,"max_hp_loss":0,"event_name":"Mushrooms","floor":13,"gold_loss":0},{"damage_healed":0,"gold_gain":0,"player_choice":"Became a vampire","damage_taken":0,"max_hp_gain":0,"max_hp_loss":21,"event_name":"Vampires","floor":19,"gold_loss":0,"cards_obtained":["Bite","Bite","Bite","Bite","Bite"]},{"cards_removed":["Defend_G"],"damage_healed":0,"gold_gain":0,"player_choice":"Gave Gold","damage_taken":0,"max_hp_gain":0,"max_hp_loss":0,"event_name":"Beggar","floor":21,"gold_loss":75}],"is_beta":false,"boss_relics":[{"not_picked":["Ectoplasm","Snecko Eye"],"picked":"SlaversCollar"}],"items_purged_floors":[],"is_endless":false,"potions_floor_spawned":[4,16,18],"killed_by":"Chosen and Byrds","ascension_level":5}}