{"host":"1t0goru2vbnnqaq4","time":1608605849,"event":{"mods":["2.2 Compatiblity","Act Like it!","Alarm Clock","BaseMod","Better Altar","Better Match","Better Note","Better Sensory Stone","Better Skull","Better Vampires","BetterRewards","Disable Question Mark Monsters","Downfall","Marked Mod","Mimic Mod","Minty Spire (QoL Compilation)","Rare Cards Sparkle","Replay The Spire","Spicy Shops","StSLib","Wandering Minibosses"],"gold_per_floor":[115,127,127,144,161,161,172,172,195,195,195,211,225,255,255,359,359,373,388,38,38,58,86,116,116,116,116,116,116],"floor_reached":28,"playtime":5784,"items_purged":[],"score":340,"play_id":"116ff325-5da7-403a-b5e4-9c457d058245","local_time":"20201221215729","is_ascension_mode":false,"campfire_choices":[{"floor":6,"key":"RECALL"},{"data":"Combust","floor":8,"key":"SMITH"},{"data":"Armaments","floor":11,"key":"SMITH"},{"data":"Bash","floor":15,"key":"SMITH"}],"circlet_count":0,"master_deck":["Strike_R","Strike_R","Strike_R","Strike_R","Strike_R","Defend_R","Defend_R","Defend_R","Defend_R","Bash+1","ReplayTheSpireMod:Brewmster+1","Replay:Parry+1","Replay:BasicMightCard+1","Shrug It Off","Combust+1","Impervious+1","Flex","Armaments+1","Thunderclap","Berserk+1","Sword Boomerang","Limit Break+1","Flex","Perfected Strike","Fire Breathing+1","Disarm+1","Perfected Strike+1","expansioncontent:PrepareCrush","Sentinel","Anger","Pummel"],"relics":["Burning Blood","ReplayTheSpireMod:ShopPack","Golden Egg","Pear","Vajra","Mark of Pain","hexamod:BolsterEngine","Blue Doll","Red Mask","Mercury Hourglass"],"acts_visited":["Exordium","TheCity"],"potions_floor_usage":[2,2,2,5,5,7,7,7,12,12,12,12,13,13,13,13,14,14,14,14,16,16,16,16,18,18,22,22,22,22,22,23,23,23,23,28,28],"damage_taken":[{"damage":10,"enemies":"Cultist","floor":1,"turns":4},{"damage":0,"enemies":"2 Louse","floor":2,"turns":3},{"damage":15,"enemies":"Jaw Worm","floor":4,"turns":6},{"damage":12,"enemies":"Blue Slaver","floor":5,"turns":3},{"damage":19,"enemies":"3 Louse","floor":7,"turns":4},{"damage":20,"enemies":"Large Slime","floor":12,"turns":6},{"damage":27,"enemies":"Gremlin Gang","floor":13,"turns":6},{"damage":28,"enemies":"3 Sentries","floor":14,"turns":6},{"damage":24,"enemies":"Fading Forest","floor":16,"turns":11},{"damage":13,"enemies":"Spheric Guardian","floor":18,"turns":4},{"damage":29,"enemies":"2 Thieves","floor":19,"turns":5},{"damage":24,"enemies":"Cultist and Chosen","floor":22,"turns":6},{"damage":58,"enemies":"Gremlin Leader","floor":23,"turns":8},{"damage":17,"enemies":"Masked Bandits","floor":24,"turns":4},{"damage":53,"enemies":"Centurion and Healer","floor":28,"turns":4}],"seed_played":"5033593124828790255","potions_obtained":[{"floor":5,"key":"BloodPotion"},{"floor":12,"key":"Swift Potion"},{"floor":14,"key":"AttackPotion"},{"floor":24,"key":"Elixir"}],"is_trial":false,"path_per_floor":["M","M","$","M","M","R","M","R","T","?","R","M","M","E","R","B",null,"M","M","$","?","M","E","?","?","T","?","M"],"character_chosen":"IRONCLAD","items_purchased":["ReplayTheSpireMod:ShopPack","Golden Egg","Pear","Fire Breathing","Disarm","Perfected Strike","hexamod:BolsterEngine"],"campfire_rested":0,"item_purchase_floors":[0,0,0,20,20,20,20],"current_hp_per_floor":[56,62,62,53,65,65,70,70,70,70,70,74,53,31,31,23,90,83,60,60,60,60,26,15,15,15,15,0,0],"gold":116,"neow_bonus":"","is_daily":false,"chose_seed":false,"campfire_upgraded":3,"win_rate":0.0,"timestamp":1608605849,"path_taken":["M","M","$","?","M","R","M","R","T","?","R","M","M","E","R","BOSS","M","M","$","?","M","E","?","?","T","?","?"],"items_purchased_type":["Relic","Relic","Relic","Card","Card","Card","Relic"],"build_version":"2020-12-13","purchased_purges":0,"victory":false,"max_hp_per_floor":[90,90,90,90,90,90,90,90,90,90,90,90,90,90,90,90,90,90,90,90,90,90,90,90,90,90,90,90,90],"card_choices":[{"not_picked":["Midas Touch","Metamorphosis"],"picked":"ReplayTheSpireMod:Brewmster","floor":0},{"not_picked":["expansioncontent:SlimeTackle","Madness"],"picked":"Replay:Parry","floor":0},{"not_picked":["Trip","Finesse"],"picked":"Replay:BasicMightCard","floor":0},{"not_picked":["True Grit","Replay:Undeath\u0027s Touch"],"picked":"Shrug It Off","floor":1},{"not_picked":["Havoc","Evolve"],"picked":"Combust","floor":2},{"not_picked":["Burning Pact","Shockwave"],"picked":"Impervious","floor":4},{"not_picked":["Whirlwind","Clothesline"],"picked":"Flex","floor":5},{"not_picked":["Shrug It Off","Havoc"],"picked":"Armaments","floor":7},{"not_picked":["Ghostly Armor","Replay:Undeath\u0027s Touch"],"picked":"Thunderclap","floor":12},{"not_picked":["ReplayReversal","Bloodletting"],"picked":"Berserk","floor":13},{"not_picked":["Replay:Undeath\u0027s Touch","Wild Strike"],"picked":"Sword Boomerang","floor":14},{"not_picked":["Impervious","Fiend Fire"],"picked":"Limit Break","floor":16},{"not_picked":["Sword Boomerang","ReplayTheSpireMod:Corrosion Curse"],"picked":"Flex","floor":18},{"not_picked":["Defy Death","Body Slam"],"picked":"Perfected Strike","floor":19},{"not_picked":["Replay:Undeath\u0027s Touch","Havoc"],"picked":"Sentinel","floor":22},{"not_picked":["Shrug It Off","Clothesline"],"picked":"Anger","floor":23},{"not_picked":["ReplayTheSpireMod:Strike From Hell","Shrug It Off"],"picked":"Pummel","floor":24}],"player_experience":708872,"relics_obtained":[{"floor":14,"key":"Vajra"},{"floor":23,"key":"Blue Doll"},{"floor":24,"key":"Red Mask"},{"floor":26,"key":"Mercury Hourglass"}],"event_choices":[{"damage_healed":0,"gold_gain":0,"player_choice":"Ignored","damage_taken":0,"max_hp_gain":0,"max_hp_loss":0,"event_name":"Golden Wing","floor":10,"gold_loss":0},{"cards_removed":["Fire Breathing"],"damage_healed":0,"gold_gain":0,"player_choice":"Take \u0026 Give","damage_taken":0,"max_hp_gain":0,"max_hp_loss":0,"event_name":"betterNote:BetterNote","floor":21,"gold_loss":0,"cards_obtained":["expansioncontent:PrepareCrush"]},{"damage_healed":0,"gold_gain":0,"player_choice":"Fought Bandits","damage_taken":0,"max_hp_gain":0,"max_hp_loss":0,"event_name":"Masked Bandits","floor":24,"gold_loss":0},{"damage_healed":0,"gold_gain":0,"player_choice":"Ignored","damage_taken":0,"max_hp_gain":0,"max_hp_loss":0,"event_name":"Beggar","floor":25,"gold_loss":0},{"damage_healed":0,"gold_gain":0,"player_choice":"Ignored","damage_taken":0,"max_hp_gain":0,"max_hp_loss":0,"event_name":"Purifier","floor":27,"gold_loss":0}],"is_beta":false,"boss_relics":[{"not_picked":["Sozu","Honey Jar"],"picked":"Mark of Pain"}],"items_purged_floors":[],"is_endless":false,"potions_floor_spawned":[1,5,12,13,14,22,24],"killed_by":"Centurion and Healer","ascension_level":0}}