{"host":"i4eavuqabbk5mi94","time":1608658926,"event":{"mods":["BaseMod","Googly Eyes","Minty Spire (QoL Compilation)"],"gold_per_floor":[119,119,139,139,139,139,180,180,180,218,293,293,311,351,351,477,477,495,513,51,72,91,126,126,126],"floor_reached":24,"playtime":1406,"items_purged":["Injury"],"score":269,"play_id":"e00666b0-bc5a-47b7-8b6e-051ecf0775e6","local_time":"20201222174206","is_ascension_mode":true,"campfire_choices":[{"data":"Neutralize","floor":6,"key":"SMITH"},{"floor":8,"key":"REST"},{"data":"Footwork","floor":12,"key":"SMITH"},{"floor":15,"key":"REST"}],"circlet_count":0,"master_deck":["Strike_G","Strike_G","Strike_G","Strike_G","Strike_G","Defend_G","Defend_G","Defend_G","Defend_G","Defend_G","Survivor","Neutralize+1","Underhanded Strike","Footwork+1","Reflex","Terror","Leg Sweep","Dodge and Roll","A Thousand Cuts","PiercingWail","Dagger Throw+1","Cloak And Dagger+1","Accuracy","Blade Dance+1","Cloak And Dagger+1"],"relics":["Ring of the Snake","Golden Idol","Paper Crane","Potion Belt","Gambling Chip","Pantograph","HoveringKite","Toxic Egg 2","InkBottle"],"acts_visited":["Exordium","TheCity"],"potions_floor_usage":[7,9,10,10,10,10,14,14,22,23],"damage_taken":[{"damage":0,"enemies":"Jaw Worm","floor":1,"turns":5},{"damage":0,"enemies":"2 Louse","floor":3,"turns":4},{"damage":46,"enemies":"3 Sentries","floor":7,"turns":13},{"damage":10,"enemies":"Gremlin Nob","floor":10,"turns":4},{"damage":0,"enemies":"Small Slimes","floor":13,"turns":3},{"damage":24,"enemies":"3 Sentries","floor":14,"turns":8},{"damage":22,"enemies":"The Guardian","floor":16,"turns":22},{"damage":4,"enemies":"Spheric Guardian","floor":18,"turns":9},{"damage":24,"enemies":"Chosen","floor":19,"turns":10},{"damage":10,"enemies":"Snake Plant","floor":21,"turns":5},{"damage":32,"enemies":"Snecko","floor":22,"turns":6},{"damage":48,"enemies":"Slavers","floor":23,"turns":8},{"damage":18,"enemies":"Chosen and Byrds","floor":24,"turns":4}],"seed_played":"-8750857639001956222","potions_obtained":[{"floor":0,"key":"EntropicBrew"},{"floor":0,"key":"Weak Potion"},{"floor":0,"key":"FairyPotion"},{"floor":10,"key":"LiquidBronze"},{"floor":13,"key":"Fire Potion"},{"floor":16,"key":"FairyPotion"},{"floor":21,"key":"Block Potion"},{"floor":23,"key":"Fruit Juice"}],"is_trial":false,"path_per_floor":["M","?","M","?","?","R","E","R","T","E","?","R","M","E","R","B",null,"M","M","$","M","M","E","M"],"character_chosen":"THE_SILENT","items_purchased":["Toxic Egg 2","Cloak And Dagger+1","Accuracy"],"campfire_rested":2,"item_purchase_floors":[20,20,20],"current_hp_per_floor":[70,75,75,75,75,75,29,51,51,53,42,42,42,18,40,43,75,71,47,47,37,5,11,0,0],"gold":126,"neow_bonus":"THREE_SMALL_POTIONS","is_daily":false,"chose_seed":false,"campfire_upgraded":2,"win_rate":0.0,"timestamp":1608658926,"path_taken":["M","?","M","?","?","R","E","R","T","E","?","R","M","E","R","BOSS","M","M","$","M","M","E","M"],"items_purchased_type":["Relic","Card","Card"],"build_version":"2020-12-13","purchased_purges":1,"victory":false,"max_hp_per_floor":[70,75,75,75,75,75,75,75,75,75,75,75,75,75,75,75,75,75,75,75,75,75,80,80,80],"card_choices":[{"not_picked":["Dodge and Roll","Outmaneuver"],"picked":"Underhanded Strike","floor":1},{"not_picked":["Bane","Catalyst"],"picked":"Footwork","floor":3},{"not_picked":["PiercingWail","Concentrate"],"picked":"Reflex","floor":7},{"not_picked":["Deadly Poison","Blur"],"picked":"Terror","floor":10},{"not_picked":["Crippling Poison","Noxious Fumes"],"picked":"Leg Sweep","floor":13},{"not_picked":["Terror","Grand Finale"],"picked":"Dodge and Roll","floor":14},{"not_picked":["Unload","Tools of the Trade"],"picked":"A Thousand Cuts","floor":16},{"not_picked":["Quick Slash","Backstab"],"picked":"PiercingWail","floor":18},{"not_picked":["Deadly Poison","Backflip"],"picked":"Dagger Throw+1","floor":19},{"not_picked":["Noxious Fumes","Cloak And Dagger+1"],"picked":"Blade Dance+1","floor":21},{"not_picked":["Quick Slash","Underhanded Strike","PiercingWail+1"],"picked":"SKIP","floor":22},{"not_picked":["PiercingWail+1","Eviscerate"],"picked":"Cloak And Dagger+1","floor":23}],"player_experience":354971,"relics_obtained":[{"floor":7,"key":"Paper Crane"},{"floor":9,"key":"Potion Belt"},{"floor":10,"key":"Gambling Chip"},{"floor":14,"key":"Pantograph"},{"floor":23,"key":"InkBottle"}],"event_choices":[{"damage_healed":0,"gold_gain":0,"player_choice":"Donut","damage_taken":0,"max_hp_gain":5,"max_hp_loss":0,"event_name":"Big Fish","floor":2,"gold_loss":0},{"damage_healed":0,"gold_gain":0,"player_choice":"Take Wound","damage_taken":0,"relics_obtained":["Golden Idol"],"max_hp_gain":0,"max_hp_loss":0,"event_name":"Golden Idol","floor":4,"gold_loss":0,"cards_obtained":["Injury"]},{"damage_healed":0,"gold_gain":0,"player_choice":"Ignored","damage_taken":0,"max_hp_gain":0,"max_hp_loss":0,"event_name":"Liars Game","floor":5,"gold_loss":0},{"damage_healed":0,"gold_gain":75,"player_choice":"Gather Gold","damage_taken":11,"max_hp_gain":0,"max_hp_loss":0,"event_name":"World of Goop","floor":11,"gold_loss":0}],"is_beta":false,"boss_relics":[{"not_picked":["Empty Cage","Astrolabe"],"picked":"HoveringKite"}],"items_purged_floors":[20],"is_endless":false,"potions_floor_spawned":[1,10,13,16,21,23],"killed_by":"Chosen and Byrds","ascension_level":3}}