{"host":"fxgsgr3e13htip8z","time":1608671211,"event":{"mods":["Aspiration","BaseMod","Dota2Spire","Hubris","Hyrulean Relics","Minty Spire (QoL Compilation)","Replay The Spire","Robot Space Explorer","StSLib","The Dragon Tamer","Trackpad","Wandering Minibosses","vexMod"],"gold_per_floor":[118,137,137,153,165,193,193,227,299,328,328,358,371,397,397,495,495,514,514,126,126,142,142,172,172,197,231,231,257,257,285,285,383,383,393,411,461,108,123,150,165,193,193,193,226,255,281,311,401,496,496,496],"floor_reached":51,"playtime":4166,"items_purged":["hubris:Sloth"],"score":1132,"play_id":"e3219bf1-5c20-4da8-ad98-6d0005dfd0c1","local_time":"20201222150651","daily_mods":["SealedDeck","Heirloom","DeadlyEvents","Elite Swarm"],"is_ascension_mode":false,"campfire_choices":[{"data":"RobotSpaceExplorer:Accelerator","floor":7.0,"key":"SMITH"},{"data":"RobotSpaceExplorer:Comet","floor":11.0,"key":"SMITH"},{"data":"Reprogram","floor":23.0,"key":"SMITH"},{"data":"RobotSpaceExplorer:ExhaustFan","floor":25.0,"key":"SMITH"},{"data":"FTL","floor":28.0,"key":"SMITH"},{"data":"RobotSpaceExplorer:ChargingLaser","floor":30.0,"key":"SMITH"},{"data":"Echo Form","floor":32.0,"key":"SMITH"},{"data":"RobotSpaceExplorer:MiniBoosters","floor":44.0,"key":"SMITH"}],"circlet_count":0,"master_deck":["RobotSpaceExplorer:SwiftStep","Reprogram+1","Force Field","BootSequence","RobotSpaceExplorer:MiniDrones","RobotSpaceExplorer:StunGrenade","RobotSpaceExplorer:Probe","Beam Cell+1","RobotSpaceExplorer:ExhaustFan+1","RobotSpaceExplorer:SwiftStep+1","Go for the Eyes","RobotSpaceExplorer:Accelerator+1","Machine Learning","RobotSpaceExplorer:Comet+1","Machine Learning","RobotSpaceExplorer:ShovelStrike+1","FTL+1","RobotSpaceExplorer:ChargingLaser+1","White Noise+1","Gash+1","RobotSpaceExplorer:MiniBoosters+1","Sadistic Nature","Sadistic Nature","Specialist","Gash","Machine Learning","Pot Of Greed","Pot Of Greed","Pot Of Greed","hubris:DuctTapeCard"],"relics":["Cracked Core","Dota2Spire:DivineRapier","vexMod:RetaliationKit","hubris:MedicalManual","Eternal Feather","Unceasing Top","Blue Doll","The Courier","SlaversCollar","hubris:Towel","Shuriken","vexMod:PaidLearning","Replay:Wax Seal","hubris:CrystalStatue","Replay:Antivirus Software","Strawberry","aspiration:Stabinomicon","Matryoshka","Dota2Spire:RefresherOrb","aspiration:HatOfInfinitePower","ReplayTheSpireMod:CursedCoin","trackpad:ByrdCharm","FossilizedHelix","Dota2Spire:AssaultCuirass","Dota2Spire:PhaseBoots","Pen Nib","Ornamental Fan","Garlic","Grinning Jar","trackpad:WritersBlock","hubris:DuctTape"],"acts_visited":["Exordium","TheCity","TheBeyond","Exordium"],"potions_floor_usage":[],"damage_taken":[{"damage":3.0,"enemies":"Small Slimes","floor":1.0,"turns":2.0},{"damage":0.0,"enemies":"Cultist","floor":2.0,"turns":3.0},{"damage":0.0,"enemies":"2 Louse","floor":4.0,"turns":2.0},{"damage":7.0,"enemies":"Large Slime","floor":5.0,"turns":3.0},{"damage":5.0,"enemies":"Lagavulin","floor":6.0,"turns":7.0},{"damage":9.0,"enemies":"3 Sentries","floor":8.0,"turns":3.0},{"damage":0.0,"enemies":"Gremlin Nob","floor":10.0,"turns":3.0},{"damage":8.0,"enemies":"Lagavulin","floor":12.0,"turns":4.0},{"damage":0.0,"enemies":"Blue Slaver","floor":13.0,"turns":3.0},{"damage":14.0,"enemies":"Gremlin Nob","floor":14.0,"turns":3.0},{"damage":36.0,"enemies":"Hexaghost","floor":16.0,"turns":5.0},{"damage":1.0,"enemies":"Chosen","floor":18.0,"turns":3.0},{"damage":4.0,"enemies":"3 Byrds","floor":22.0,"turns":3.0},{"damage":12.0,"enemies":"Book of Stabbing","floor":24.0,"turns":3.0},{"damage":9.0,"enemies":"Slavers","floor":27.0,"turns":3.0},{"damage":11.0,"enemies":"Book of Stabbing","floor":29.0,"turns":3.0},{"damage":11.0,"enemies":"Gremlin Leader","floor":31.0,"turns":3.0},{"damage":5.0,"enemies":"Pondfish","floor":33.0,"turns":4.0},{"damage":9.0,"enemies":"Orb Walker","floor":35.0,"turns":2.0},{"damage":3.0,"enemies":"3 Darklings","floor":36.0,"turns":2.0},{"damage":0.0,"enemies":"Mind Bloom Boss Battle","floor":37.0,"turns":2.0},{"damage":2.0,"enemies":"Sphere and 2 Shapes","floor":39.0,"turns":2.0},{"damage":0.0,"enemies":"Giant Head","floor":40.0,"turns":3.0},{"damage":0.0,"enemies":"Jaw Worm Horde","floor":41.0,"turns":2.0},{"damage":0.0,"enemies":"R_Hoarder","floor":42.0,"turns":2.0},{"damage":0,"enemies":"Reptomancer","floor":45,"turns":2},{"damage":0,"enemies":"Giant Head","floor":46,"turns":2},{"damage":0,"enemies":"R_Hoarder","floor":48,"turns":2},{"damage":0,"enemies":"Donu and Deca","floor":50,"turns":3}],"seed_played":"-7000644032866596392","potions_obtained":[{"floor":2.0,"key":"SteroidPotion"},{"floor":3.0,"key":"Dota2Spire:Clarity"},{"floor":3.0,"key":"Fruit Juice"},{"floor":3.0,"key":"Dota2Spire:HealingSalve"},{"floor":4.0,"key":"Languid Potion"},{"floor":10.0,"key":"Dexterity Potion"},{"floor":14.0,"key":"LiquidMemories"},{"floor":24.0,"key":"ColorlessPotion"},{"floor":36.0,"key":"SmokeBomb"},{"floor":41.0,"key":"Languid Potion"}],"is_trial":true,"path_per_floor":["M","M","?","M","M","E","R","E","T","E","R","E","M","E","R","B",null,"M","?","$","?","M","R","E","R","T","E","R","E","R","E","R","B",null,"M","M","?","$","M","E","M","E","T","R","E","E","T","E","R","B",null],"character_chosen":"DEFECT","items_purchased":["Shuriken","vexMod:PaidLearning","Replay:Wax Seal","ReplayTheSpireMod:CursedCoin","RobotSpaceExplorer:MiniBoosters","Sadistic Nature","Specialist","trackpad:ByrdCharm"],"campfire_rested":0,"item_purchase_floors":[20,20,20,38,38,38,38,38],"current_hp_per_floor":[72,72,77,77,70,65,65,56,56,59,68,60,60,46,79,43,80,79,79,79,79,75,80,68,77,77,75,84,73,85,74,86,81,87,78,75,75,75,73,73,73,73,73,87,87,87,87,87,87,87,87,87],"gold":496,"neow_bonus":"","is_daily":false,"chose_seed":false,"campfire_upgraded":8,"win_rate":0.0,"timestamp":1608671211,"path_taken":["M","M","?","?","M","E","R","E","T","E","R","E","M","E","R","BOSS","M","?","$","?","?","R","E","R","T","E","R","E","R","E","R","BOSS","M","?","?","$","M","E","M","E","T","R","?","E","?","E","R","BOSS"],"items_purchased_type":["Relic","Relic","Relic","Relic","Card","Card","Card","Relic"],"build_version":"2020-12-13","purchased_purges":1,"victory":false,"max_hp_per_floor":[75,75,80,80,80,80,80,80,80,80,80,80,80,80,80,80,80,80,80,80,80,80,80,80,80,80,87,87,87,87,87,87,87,87,87,87,87,87,87,87,87,87,87,87,87,87,87,87,87,87,87,87],"card_choices":[{"not_picked":["Coolheaded","Sweeping Beam"],"picked":"RobotSpaceExplorer:SwiftStep","floor":1.0},{"not_picked":["RobotSpaceExplorer:BigMissile","Steam","Steam Power"],"picked":"SKIP","floor":2.0},{"not_picked":["Cold Snap","RobotSpaceExplorer:Smokescreen"],"picked":"Go for the Eyes","floor":4.0},{"not_picked":["RobotSpaceExplorer:ImprovisedAttack","RobotSpaceExplorer:SwiftStep","RobotSpaceExplorer:Explosion"],"picked":"SKIP","floor":5.0},{"not_picked":["Hyperbeam","RobotSpaceExplorer:Blaster"],"picked":"RobotSpaceExplorer:Accelerator","floor":6.0},{"not_picked":["RobotSpaceExplorer:Exploration","Amplify"],"picked":"Machine Learning","floor":8.0},{"not_picked":["RobotSpaceExplorer:Exploration","RobotSpaceExplorer:Multitool"],"picked":"RobotSpaceExplorer:Comet","floor":10.0},{"not_picked":["hubris:Prefetch","Fission","RobotSpaceExplorer:Arsenal"],"picked":"SKIP","floor":12.0},{"not_picked":["Crystallizer","RobotSpaceExplorer:Discharger","RobotSpaceExplorer:StunGrenade"],"picked":"SKIP","floor":13.0},{"not_picked":["hubris:DoWhile","ReplayTheSpireMod:Fabricate Wheel"],"picked":"Echo Form","floor":14.0},{"not_picked":["Hyperbeam","hubris:DoWhile"],"picked":"Machine Learning","floor":16.0},{"not_picked":["Rebound+1","RobotSpaceExplorer:SurgingShield"],"picked":"RobotSpaceExplorer:ShovelStrike+1","floor":18.0},{"not_picked":["RobotSpaceExplorer:LuckyStrike","ReplayTheSpireMod:Reroute Power+1","RobotSpaceExplorer:SwiftStep"],"picked":"SKIP","floor":22.0},{"not_picked":["RobotSpaceExplorer:Asteroid","Creative AI","RobotSpaceExplorer:Blaster"],"picked":"SKIP","floor":24.0},{"not_picked":["Meteor Strike","RobotSpaceExplorer:Arsenal","Machine Learning"],"picked":"SKIP","floor":27.0},{"not_picked":["hubris:SpecializedCircuitry","Fission"],"picked":"RobotSpaceExplorer:ChargingLaser","floor":29.0},{"not_picked":["Multi-Cast","RobotSpaceExplorer:Comet","ReplayTheSpireMod:Fabricate Wheel"],"picked":"SKIP","floor":31.0},{"not_picked":["hubris:PowerSurge","RobotSpaceExplorer:StunGrenade"],"picked":"White Noise+1","floor":35.0},{"not_picked":["Genetic Algorithm","RobotSpaceExplorer:StarLightning"],"picked":"Gash+1","floor":36.0},{"not_picked":["Leap+1","ReplayRNGCard","Auto Shields"],"picked":"SKIP","floor":39.0},{"not_picked":["Meteor Strike","Amplify","RobotSpaceExplorer:Asteroid"],"picked":"SKIP","floor":40.0},{"not_picked":["RobotSpaceExplorer:Blitz+1","Panic Button+1"],"picked":"Gash","floor":41.0},{"not_picked":["Mirror Shield","RobotSpaceExplorer:Wormhole"],"picked":"Machine Learning","floor":42.0},{"not_picked":["RobotSpaceExplorer:Arsenal","Electrodynamics","RobotSpaceExplorer:ShockMissile"],"picked":"SKIP","floor":45},{"not_picked":["Electrodynamics","Hyperbeam","ReplayTheSpireMod:Omega Cannon"],"picked":"SKIP","floor":46},{"not_picked":["RobotSpaceExplorer:Asteroid","RobotSpaceExplorer:TrailblazerForm","Multi-Cast"],"picked":"SKIP","floor":48}],"player_experience":1489729,"relics_obtained":[{"floor":6.0,"key":"vexMod:RetaliationKit"},{"floor":8.0,"key":"hubris:MedicalManual"},{"floor":9.0,"key":"Eternal Feather"},{"floor":10.0,"key":"Unceasing Top"},{"floor":12.0,"key":"Blue Doll"},{"floor":14.0,"key":"The Courier"},{"floor":24.0,"key":"hubris:CrystalStatue"},{"floor":26.0,"key":"Replay:Antivirus Software"},{"floor":27.0,"key":"Strawberry"},{"floor":29.0,"key":"aspiration:Stabinomicon"},{"floor":31.0,"key":"Matryoshka"},{"floor":37.0,"key":"aspiration:HatOfInfinitePower"},{"floor":40.0,"key":"FossilizedHelix"},{"floor":42.0,"key":"Dota2Spire:AssaultCuirass"},{"floor":43.0,"key":"Dota2Spire:PhaseBoots"},{"floor":43.0,"key":"Pen Nib"},{"floor":45,"key":"Ornamental Fan"},{"floor":46,"key":"Garlic"},{"floor":47,"key":"Grinning Jar"},{"floor":47,"key":"trackpad:WritersBlock"},{"floor":48,"key":"hubris:DuctTape"}],"event_choices":[{"damage_healed":0.0,"max_hp_gain":0.0,"max_hp_loss":0.0,"gold_gain":0.0,"event_name":"Lab","player_choice":"Got Potions","floor":3.0,"gold_loss":0.0,"damage_taken":0.0},{"damage_healed":0.0,"max_hp_gain":0.0,"max_hp_loss":0.0,"gold_gain":0.0,"event_name":"The Library","player_choice":"Read","floor":21.0,"gold_loss":0.0,"damage_taken":0.0,"cards_obtained":["FTL"]},{"damage_healed":0.0,"max_hp_gain":0.0,"max_hp_loss":0.0,"gold_gain":0.0,"event_name":"MindBloom","player_choice":"Fight","floor":37.0,"gold_loss":0.0,"damage_taken":0.0}],"is_beta":false,"boss_relics":[{"not_picked":["Snecko Heart","hubris:CrackedHourglass"],"picked":"SlaversCollar"},{"not_picked":["Philosopher\u0027s Stone","vexMod:DeviousBotling"],"picked":"Dota2Spire:RefresherOrb"},{"not_picked":["Velvet Choker","Abe\u0027s Treasure","aspiration:RitualDagger"]}],"items_purged_floors":[38],"is_endless":true,"potions_floor_spawned":[2,4,8,10,14,24,29,36,41,42,45,48],"ascension_level":0}}