{"host":"93x13jgem5w43hjr","time":1608676151,"event":{"mods":["AchievementEnabler","BaseMod","Colored Map","Colored Powertips","Minty Spire (QoL Compilation)","StSLib","The Animator","The Bug Knight","Waifu the Spire"],"gold_per_floor":[114,33,33,33,44,54,54,80,127,145,145,163,163,178,178,273,273,290,205,205,220,34,62,78,78,78,0,0,0],"floor_reached":28,"playtime":1634,"items_purged":[],"score":238,"play_id":"fbf0647b-01fa-47fa-a43f-f9cfa31c20ea","local_time":"20201222152911","is_ascension_mode":false,"campfire_choices":[{"data":"HollowMod:HowlingWraiths","floor":7,"key":"SMITH"},{"data":"HollowMod:PogoStrike","floor":11,"key":"SMITH"},{"data":"HollowMod:CloakDash","floor":13,"key":"SMITH"},{"data":"HollowMod:CycloneSlash","floor":15,"key":"SMITH"},{"floor":25,"key":"REST"}],"circlet_count":0,"master_deck":["HollowMod:NailStrikeStart","HollowMod:NailStrikeStart","HollowMod:NailStrikeStart","HollowMod:QuickDashStart","HollowMod:QuickDashStart","HollowMod:QuickDashStart","HollowMod:FocusHealStart+1","HollowMod:PogoStrike+1","HollowMod:SoulSplash","HollowMod:BaldurShell+1","HollowMod:HowlingWraiths+1","HollowMod:CloakDash+1","HollowMod:CycloneSlash+1","HollowMod:SoulMaster","HollowMod:DashSlash","HollowMod:SoulEater","Apotheosis","HollowMod:PerfectDash"],"relics":["HollowMod:VesselMask","HollowMod:PaleOreRelic","Boot","SlaversCollar","HollowMod:KingsBrand","Omamori","Question Card"],"acts_visited":["Exordium","TheCity"],"potions_floor_usage":[8,8,10,16,23,24],"damage_taken":[{"damage":0,"enemies":"Small Slimes","floor":1,"turns":3},{"damage":2,"enemies":"2 Louse","floor":5,"turns":3},{"damage":0,"enemies":"Cultist","floor":6,"turns":3},{"damage":8,"enemies":"3 Sentries","floor":8,"turns":4},{"damage":29,"enemies":"Gremlin Gang","floor":10,"turns":4},{"damage":2,"enemies":"2 Fungi Beasts","floor":12,"turns":5},{"damage":1,"enemies":"Exordium Wildlife","floor":14,"turns":4},{"damage":12,"enemies":"HollowMod:FalseKnight","floor":16,"turns":6},{"damage":15,"enemies":"2 Thieves","floor":18,"turns":3},{"damage":5,"enemies":"Chosen","floor":21,"turns":4},{"damage":72,"enemies":"Slavers","floor":23,"turns":7},{"damage":14,"enemies":"Centurion and Healer","floor":24,"turns":6},{"damage":36,"enemies":"Chosen and Byrds","floor":28,"turns":5}],"seed_played":"-6624264238871655338","potions_obtained":[{"floor":1,"key":"Strength Potion"},{"floor":5,"key":"PowerPotion"},{"floor":8,"key":"LiquidBronze"},{"floor":12,"key":"PowerPotion"},{"floor":16,"key":"Regen Potion"},{"floor":23,"key":"Strength Potion"}],"is_trial":false,"path_per_floor":["M","$","?","?","M","M","R","E","T","M","R","M","R","M","R","B",null,"M","?","?","M","$","E","M","R","T","?","M"],"character_chosen":"THE_BUGKNIGHT","items_purchased":["HollowMod:BaldurShell","Apotheosis"],"campfire_rested":1,"item_purchase_floors":[2,22],"current_hp_per_floor":[75,75,75,75,75,75,75,67,67,48,48,52,52,61,61,55,75,60,60,60,55,55,10,2,24,24,24,0,0],"gold":0,"neow_bonus":"UPGRADE_CARD","is_daily":false,"chose_seed":false,"campfire_upgraded":4,"win_rate":0.0,"timestamp":1608676151,"path_taken":["M","$","?","?","M","?","R","E","T","?","R","M","R","M","R","BOSS","M","?","?","?","$","E","M","R","T","?","M"],"items_purchased_type":["Card","Card"],"build_version":"2020-12-13","purchased_purges":0,"victory":false,"max_hp_per_floor":[75,75,75,75,75,75,75,75,75,75,75,75,75,75,75,75,75,75,75,75,75,75,75,75,75,75,75,75,75],"card_choices":[{"not_picked":["HollowMod:InfectedAttack","HollowMod:LifebloodCocoon"],"picked":"HollowMod:SoulSplash","floor":1},{"not_picked":["HollowMod:CrystalDash","HollowMod:SoulVessel","HollowMod:CloakDash"],"picked":"SKIP","floor":5},{"not_picked":["HollowMod:SoulSplash","HollowMod:DescendingDark"],"picked":"HollowMod:HowlingWraiths","floor":6},{"not_picked":["HollowMod:SharpenedNail","HollowMod:DescendingDark","HollowMod:ElderbugsWisdom"],"picked":"SKIP","floor":8},{"not_picked":["HollowMod:SoulSplash","HollowMod:LifebloodCocoon","HollowMod:InfectedCysts"],"picked":"SKIP","floor":10},{"not_picked":["HollowMod:DescendingDark","HollowMod:HeavyBlow"],"picked":"HollowMod:CloakDash","floor":12},{"not_picked":["HollowMod:BlackTendrils","HollowMod:InfectedAttack"],"picked":"HollowMod:CycloneSlash","floor":14},{"not_picked":["HollowMod:LordofShades","HollowMod:LifebloodCore"],"picked":"HollowMod:SoulMaster","floor":16},{"not_picked":["HollowMod:SharpenedNail","HollowMod:LifebloodCocoon+1"],"picked":"HollowMod:DashSlash","floor":18},{"not_picked":["HollowMod:CornifersMapStart","HollowMod:DoubleDash"],"picked":"HollowMod:SoulEater","floor":21},{"not_picked":["HollowMod:SoulSplash","HollowMod:TaintedHusks+1"],"picked":"HollowMod:PerfectDash","floor":23},{"not_picked":["HollowMod:NewGlowingWomb+1","HollowMod:InfectedAttack+1","HollowMod:SoulVessel"],"picked":"SKIP","floor":24}],"player_experience":130471,"relics_obtained":[{"floor":8,"key":"HollowMod:PaleOreRelic"},{"floor":9,"key":"Boot"},{"floor":23,"key":"Omamori"},{"floor":26,"key":"Question Card"}],"event_choices":[{"cards_removed":["HollowMod:NailStrikeStart"],"damage_healed":0,"gold_gain":0,"player_choice":"Forget","damage_taken":0,"max_hp_gain":0,"max_hp_loss":0,"event_name":"Living Wall","floor":3,"gold_loss":0},{"damage_healed":0,"gold_gain":0,"player_choice":"Forge","damage_taken":0,"max_hp_gain":0,"max_hp_loss":0,"event_name":"Accursed Blacksmith","floor":4,"gold_loss":0,"cards_upgraded":["HollowMod:BaldurShell"]},{"damage_healed":0,"gold_gain":0,"player_choice":"Obtained Relic","damage_taken":0,"relics_obtained":["HollowMod:KingsBrand"],"max_hp_gain":0,"max_hp_loss":0,"event_name":"Addict","floor":19,"gold_loss":85},{"cards_removed":["HollowMod:QuickDashStart"],"damage_healed":0,"gold_gain":0,"player_choice":"Purged","damage_taken":0,"max_hp_gain":0,"max_hp_loss":0,"event_name":"Purifier","floor":20,"gold_loss":0},{"damage_healed":0,"gold_gain":0,"player_choice":"Paid Fearfully","damage_taken":0,"max_hp_gain":0,"max_hp_loss":0,"event_name":"Masked Bandits","floor":27,"gold_loss":78}],"is_beta":false,"boss_relics":[{"not_picked":["Empty Cage","Coffee Dripper"],"picked":"SlaversCollar"}],"items_purged_floors":[],"is_endless":false,"potions_floor_spawned":[1,5,8,12,16,23],"killed_by":"Chosen and Byrds","ascension_level":0}}