{"host":"mqhvlr3kpxebko0t","time":1608628776,"event":{"mods":["AchievementEnabler","BaseMod","Colored Map","Colored Powertips","Keyboard Shortcuts","Minty Spire (QoL Compilation)","StSLib","SuperFastMode"],"gold_per_floor":[111,121,136,153,165,165,184,218,263,263,263],"floor_reached":10,"playtime":136,"items_purged":[],"score":144,"play_id":"73d6a5b6-bafd-4cd2-bdb5-d6cf967cb99e","local_time":"20201222181936","is_ascension_mode":true,"campfire_choices":[{"data":"Armaments","floor":6,"key":"SMITH"}],"circlet_count":0,"master_deck":["AscendersBane","Strike_R+1","Strike_R","Strike_R+1","Strike_R","Defend_R","Defend_R","Defend_R","Defend_R","Bash","Fire Breathing","Anger","Whirlwind","Armaments+1"],"relics":["Burning Blood","Blue Candle","Whetstone"],"acts_visited":["Exordium"],"potions_floor_usage":[8,8],"damage_taken":[{"damage":7,"enemies":"Cultist","floor":1,"turns":4},{"damage":12,"enemies":"Small Slimes","floor":2,"turns":4},{"damage":12,"enemies":"2 Louse","floor":3,"turns":4},{"damage":24,"enemies":"Red Slaver","floor":4,"turns":5},{"damage":17,"enemies":"2 Fungi Beasts","floor":5,"turns":3},{"damage":6,"enemies":"Blue Slaver","floor":7,"turns":4},{"damage":15,"enemies":"3 Sentries","floor":8,"turns":3},{"damage":32,"enemies":"Gremlin Nob","floor":10,"turns":3}],"seed_played":"8190080215290688692","potions_obtained":[{"floor":1,"key":"DuplicationPotion"},{"floor":3,"key":"FearPotion"},{"floor":7,"key":"SteroidPotion"},{"floor":8,"key":"ElixirPotion"}],"is_trial":false,"path_per_floor":["M","M","M","M","M","R","M","E","T","E"],"character_chosen":"IRONCLAD","items_purchased":[],"campfire_rested":0,"item_purchase_floors":[],"current_hp_per_floor":[67,61,55,37,26,26,26,17,17,0,0],"gold":263,"neow_bonus":"REMOVE_CARD","is_daily":false,"chose_seed":false,"campfire_upgraded":1,"win_rate":0.0,"timestamp":1608628776,"path_taken":["M","M","M","M","?","R","?","E","T","E"],"items_purchased_type":[],"build_version":"2020-12-13","purchased_purges":0,"victory":false,"max_hp_per_floor":[75,75,75,75,75,75,75,75,75,75,75],"card_choices":[{"not_picked":["Armaments","Heavy Blade"],"picked":"Fire Breathing","floor":1},{"not_picked":["Thunderclap","Headbutt"],"picked":"Anger","floor":2},{"not_picked":["Metallicize","Sword Boomerang"],"picked":"Whirlwind","floor":3},{"not_picked":["Cleave","Twin Strike","Iron Wave"],"picked":"SKIP","floor":4},{"not_picked":["Entrench","Ghostly Armor"],"picked":"Armaments","floor":5},{"not_picked":["Twin Strike","Thunderclap","Rupture"],"picked":"SKIP","floor":7},{"not_picked":["Juggernaut","Sentinel","True Grit"],"picked":"SKIP","floor":8}],"player_experience":674536,"relics_obtained":[{"floor":8,"key":"Blue Candle"},{"floor":9,"key":"Whetstone"}],"event_choices":[],"is_beta":false,"boss_relics":[],"items_purged_floors":[],"is_endless":false,"potions_floor_spawned":[1,3,7,8],"killed_by":"Gremlin Nob","ascension_level":20}}