{"host":"03a85bwj0a5skoit","time":1608616897,"event":{"mods":["BaseMod","Block Reminder","Minty Spire (QoL Compilation)","Relic Stats","StSLib"],"gold_per_floor":[114,79,97,9,9,36,36,36,36],"floor_reached":8,"playtime":227,"items_purged":[],"score":108,"play_id":"9b10b32a-264f-4984-ab05-17e39eeb0c62","local_time":"20201222163137","is_ascension_mode":true,"campfire_choices":[{"data":"Recycle","floor":7,"key":"SMITH"}],"circlet_count":0,"master_deck":["AscendersBane","Strike_B","Strike_B","Strike_B","Strike_B","Defend_B","Defend_B","Defend_B","Defend_B","Zap","Dualcast","Streamline","Cold Snap","Self Repair","Pain","Recycle+1"],"relics":["Cursed Key","WarpedTongs","Anchor"],"acts_visited":["Exordium"],"potions_floor_usage":[8],"damage_taken":[{"damage":6,"enemies":"2 Louse","floor":1,"turns":3},{"damage":1,"enemies":"Cultist","floor":3,"turns":3},{"damage":22,"enemies":"3 Sentries","floor":6,"turns":9},{"damage":56,"enemies":"Gremlin Nob","floor":8,"turns":4}],"seed_played":"-4290770466478911337","potions_obtained":[{"floor":1,"key":"SkillPotion"}],"is_trial":false,"path_per_floor":["M","?","M","$","?","E","R","E"],"character_chosen":"DEFECT","items_purchased":["Self Repair"],"campfire_rested":0,"item_purchase_floors":[4],"current_hp_per_floor":[58,71,70,70,70,55,55,0,0],"gold":36,"neow_bonus":"BOSS_RELIC","is_daily":false,"chose_seed":false,"campfire_upgraded":1,"win_rate":0.0,"timestamp":1608616897,"path_taken":["M","?","M","$","?","E","R","E"],"items_purchased_type":["Card"],"build_version":"2020-12-13","purchased_purges":0,"victory":false,"max_hp_per_floor":[71,71,71,71,71,71,71,71,71],"relic_stats":{"counters":[4,19],"Cursed Key":0,"obtain_stats":[{"Anchor":6,"Cracked Core":0,"Cursed Key":0,"WarpedTongs":5},{"Anchor":3,"Cracked Core":0,"Cursed Key":0,"WarpedTongs":2},{"Anchor":15,"Cracked Core":0,"Cursed Key":0,"WarpedTongs":6}],"WarpedTongs":[12]},"card_choices":[{"not_picked":["Darkness","Go for the Eyes"],"picked":"Streamline","floor":1},{"not_picked":["Rip and Tear","Reprogram"],"picked":"Cold Snap","floor":3},{"not_picked":["Rebound","Cold Snap"],"picked":"Recycle","floor":6}],"player_experience":2291549,"relics_obtained":[{"floor":6,"key":"Anchor"}],"event_choices":[{"damage_healed":17,"gold_gain":0,"player_choice":"Healed","damage_taken":0,"max_hp_gain":0,"max_hp_loss":0,"event_name":"The Cleric","floor":2,"gold_loss":35},{"damage_healed":0,"gold_gain":0,"player_choice":"Rummage","damage_taken":0,"relics_obtained":["WarpedTongs"],"max_hp_gain":0,"max_hp_loss":0,"event_name":"Accursed Blacksmith","floor":5,"gold_loss":0,"cards_obtained":["Pain"]}],"is_beta":false,"boss_relics":[],"items_purged_floors":[],"is_endless":false,"potions_floor_spawned":[1],"killed_by":"Gremlin Nob","ascension_level":20}}