{"host":"hdafziggwnbzqpcb","time":1608608098,"event":{"mods":["BaseMod","Better Vampires","Colored Map","Colored Powertips","Curses Come First","GifTheSpireLib","Minty Spire (QoL Compilation)","Quick Restart","Rare Cards Sparkle","Relic Stats","Spicy Shops","StSLib","The Bug Knight","The Cursed","TheHero"],"gold_per_floor":[117,292,303,303,314,348,48,48,48,65,65,79,79,98,98,203,203,215,250,4,4,24,57,68,68,68,97,97,109,109,127,127,230,230,250,250,269,23,40,72,82,82,82,116,116,170,170,182,182,182,182,182,79,111,111],"floor_reached":56,"playtime":3542,"items_purged":["TheCursedMod:CursedMace"],"score":1372,"play_id":"daa8a851-71b6-4c45-a27e-802775cae4d7","local_time":"20201221193458","daily_mods":["SealedDeck","Heirloom"],"is_ascension_mode":false,"campfire_choices":[{"data":"TheCursedMod:TroublousMinions","floor":8.0,"key":"SMITH"},{"floor":11.0,"key":"RECALL"},{"data":"TheCursedMod:HellfireBreathing","floor":15.0,"key":"SMITH"},{"data":"TheCursedMod:EmpowerCircles","floor":28.0,"key":"SMITH"},{"data":"TheCursedMod:CollectTribute","floor":30.0,"key":"SMITH"},{"data":"TheCursedMod:FleshFromBone","floor":32.0,"key":"SMITH"},{"floor":45,"key":"REST"},{"data":"TheCursedMod:VoidForm","floor":47,"key":"SMITH"},{"data":"TheCursedMod:LuckyCharm","floor":49,"key":"SMITH"},{"data":"TheCursedMod:LuckyCharm","floor":52,"key":"SMITH"}],"circlet_count":0,"master_deck":["TheCursedMod:CursedBlade","TheCursedMod:CircleOfBlood","TheCursedMod:TroublousMinions+1","TheCursedMod:RapidMovement","TheCursedMod:LuckyCharm+1","TheCursedMod:RapidMovement","TheCursedMod:LuckyCharm+1","TheCursedMod:CursedShiv","TheCursedMod:SurpriseAttack","TheCursedMod:CircleOfCorruption","TheCursedMod:HellfireBreathing+1","TheCursedMod:CursedShiv","TheCursedMod:CollectTribute+1","TheCursedMod:AshesToAshes","TheCursedMod:EmpowerCircles+1","TheCursedMod:WearCloak","TheCursedMod:FleshFromBone+1","TheCursedMod:VoidForm+1","TheCursedMod:HellfireBreathing","TheCursedMod:Wield+1","Parasite"],"relics":["TheCursedMod:BlackMagic101","FossilizedHelix","TungstenRod","Vajra","TheCursedMod:CrystalBall","HornCleat","Sozu","Red Mask","Boot","Happy Flower","StoneCalendar","Bronze Scales","Busted Crown","Gremlin Horn","Toy Ornithopter","Bottled Tornado","Dream Catcher","CaptainsWheel","TheCursedMod:DemonicMark","TheCursedMod:BloodyHarpoon"],"acts_visited":["Exordium","TheCity","TheBeyond","TheEnding"],"potions_floor_usage":[55,55,55],"damage_taken":[{"damage":0.0,"enemies":"Jaw Worm","floor":1.0,"turns":3.0},{"damage":0.0,"enemies":"2 Louse","floor":3.0,"turns":3.0},{"damage":0.0,"enemies":"Small Slimes","floor":5.0,"turns":3.0},{"damage":8.0,"enemies":"3 Sentries","floor":6.0,"turns":7.0},{"damage":0.0,"enemies":"Red Slaver","floor":10.0,"turns":3.0},{"damage":0.0,"enemies":"Large Slime","floor":12.0,"turns":4.0},{"damage":9.0,"enemies":"Exordium Thugs","floor":14.0,"turns":4.0},{"damage":0.0,"enemies":"The Guardian","floor":16.0,"turns":7.0},{"damage":0.0,"enemies":"Spheric Guardian","floor":18.0,"turns":3.0},{"damage":4.0,"enemies":"Masked Bandits","floor":19.0,"turns":3.0},{"damage":0.0,"enemies":"Chosen","floor":22.0,"turns":2.0},{"damage":3.0,"enemies":"Book of Stabbing","floor":23.0,"turns":4.0},{"damage":0.0,"enemies":"Centurion and Healer","floor":24.0,"turns":4.0},{"damage":0.0,"enemies":"Slavers","floor":27.0,"turns":3.0},{"damage":0.0,"enemies":"Snecko","floor":29.0,"turns":4.0},{"damage":0.0,"enemies":"Snake Plant","floor":31.0,"turns":2.0},{"damage":0.0,"enemies":"Champ","floor":33.0,"turns":4.0},{"damage":0.0,"enemies":"3 Shapes","floor":35.0,"turns":3.0},{"damage":0.0,"enemies":"Orb Walker","floor":37.0,"turns":2.0},{"damage":9,"enemies":"Sphere and 2 Shapes","floor":39,"turns":4},{"damage":10,"enemies":"Nemesis","floor":40,"turns":7},{"damage":20,"enemies":"4 Shapes","floor":41,"turns":2},{"damage":0,"enemies":"HollowMod:StalkingDevout","floor":44,"turns":3},{"damage":0,"enemies":"2 Orb Walkers","floor":46,"turns":2},{"damage":0,"enemies":"Sphere and 2 Shapes","floor":48,"turns":3},{"damage":9,"enemies":"Donu and Deca","floor":50,"turns":4},{"damage":0,"enemies":"Shield and Spear","floor":54,"turns":3},{"damage":50,"enemies":"The Heart","floor":55,"turns":6}],"seed_played":"-5591404797488367318","potions_obtained":[{"floor":1.0,"key":"Regen Potion"},{"floor":5.0,"key":"FearPotion"},{"floor":6.0,"key":"SpeedPotion"},{"floor":12.0,"key":"CultistPotion"}],"is_trial":true,"path_per_floor":["M","?","M","?","M","E","$","R","T","M","R","M","?","M","R","B",null,"M","?","$","?","M","E","M","T","T","E","R","M","R","M","R","B",null,"M","?","M","$","M","E","M","?","T","E","R","?","R","M","R","B",null,"R","$","E","B",null],"character_chosen":"THE_CURSED","items_purchased":["TheCursedMod:CrystalBall","TheCursedMod:EmpowerCircles","TheCursedMod:WearCloak","Gremlin Horn","TheCursedMod:DemonicMark"],"campfire_rested":1,"item_purchase_floors":[7,20,20,38,53],"current_hp_per_floor":[75,75,75,63,67,70,70,70,70,74,74,74,74,66,66,72,75,75,73,73,73,75,72,75,75,75,75,75,75,75,75,75,75,75,75,75,75,75,70,60,44,40,40,44,66,68,68,68,68,63,75,75,75,75,29],"gold":111,"neow_bonus":"","is_daily":false,"chose_seed":false,"campfire_upgraded":8,"win_rate":0.0,"timestamp":1608608098,"path_taken":["M","?","M","?","M","E","$","R","T","M","R","M","?","?","R","BOSS","M","?","$","?","M","E","?","?","T","E","R","?","R","M","R","BOSS","M","?","M","$","M","E","M","?","T","E","R","?","R","?","R","BOSS","R","$","E","BOSS"],"items_purchased_type":["Relic","Card","Card","Relic","Relic"],"build_version":"2020-12-13","purchased_purges":1,"victory":true,"max_hp_per_floor":[75,75,75,75,75,75,75,75,75,75,75,75,75,75,75,75,75,75,75,75,75,75,75,75,75,75,75,75,75,75,75,75,75,75,75,75,75,75,75,75,75,75,75,75,75,75,75,75,75,75,75,75,75,75,75],"relic_stats":{"Sozu":7,"Dream Catcher":1,"Busted Crown":24,"Happy Flower":[17],"Gremlin Horn":[10,12],"counters":[28,99],"Bronze Scales":[173],"StoneCalendar":[0],"Boot":[15],"obtain_stats":[{"TheCursedMod:BloodyHarpoon":54,"TheCursedMod:BlackMagic101":0,"Happy Flower":25,"Gremlin Horn":38,"Vajra":6,"StoneCalendar":26,"Bottled Tornado":43,"Boot":23,"TheCursedMod:DemonicMark":53,"Sozu":17,"Dream Catcher":44,"CaptainsWheel":46,"HornCleat":13,"Busted Crown":34,"Bronze Scales":27,"TheCursedMod:CrystalBall":7,"Red Mask":19,"FossilizedHelix":0,"TungstenRod":4,"Toy Ornithopter":40},{"TheCursedMod:BloodyHarpoon":27,"TheCursedMod:BlackMagic101":0,"Happy Flower":13,"Gremlin Horn":19,"Vajra":4,"StoneCalendar":13,"Bottled Tornado":22,"Boot":12,"TheCursedMod:DemonicMark":26,"Sozu":8,"Dream Catcher":23,"CaptainsWheel":24,"HornCleat":6,"Busted Crown":17,"Bronze Scales":14,"TheCursedMod:CrystalBall":4,"Red Mask":10,"FossilizedHelix":0,"TungstenRod":2,"Toy Ornithopter":21},{"TheCursedMod:BloodyHarpoon":93,"TheCursedMod:BlackMagic101":0,"Happy Flower":49,"Gremlin Horn":67,"Vajra":16,"StoneCalendar":49,"Bottled Tornado":79,"Boot":45,"TheCursedMod:DemonicMark":90,"Sozu":34,"Dream Catcher":82,"CaptainsWheel":84,"HornCleat":23,"Busted Crown":62,"Bronze Scales":52,"TheCursedMod:CrystalBall":16,"Red Mask":39,"FossilizedHelix":0,"TungstenRod":6,"Toy Ornithopter":77}],"TungstenRod":28,"Toy Ornithopter":0},"card_choices":[{"not_picked":["TheCursedMod:CursedAmulet","TheCursedMod:Mangle"],"picked":"TheCursedMod:SurpriseAttack","floor":1.0},{"not_picked":["TheCursedMod:TacticalStrike","TheCursedMod:VitalStrike","TheCursedMod:Wield"],"picked":"SKIP","floor":3.0},{"not_picked":["TheCursedMod:Stigma","TheCursedMod:StingEye"],"picked":"TheCursedMod:CircleOfCorruption","floor":5.0},{"not_picked":["TheCursedMod:ReleasedKnowledge","TheCursedMod:Wield","TheCursedMod:VitalStrike"],"picked":"SKIP","floor":6.0},{"not_picked":["TheCursedMod:SpitefulStrike","TheCursedMod:ManaBullet","TheCursedMod:SaltUponWound"],"picked":"SKIP","floor":10.0},{"not_picked":["TheCursedMod:CursedBlade","TheCursedMod:CircleOfCorruption"],"picked":"TheCursedMod:HellfireBreathing","floor":12.0},{"not_picked":["TheCursedMod:CursedArmor","TheCursedMod:Stigma"],"picked":"TheCursedMod:CursedShiv","floor":14.0},{"not_picked":["TheCursedMod:AntiAging","TheCursedMod:ForbiddenAlchemy"],"picked":"TheCursedMod:CollectTribute","floor":16.0},{"not_picked":["TheCursedMod:WearCloak","TheCursedMod:CircleOfCorruption","TheCursedMod:SmokeScreen"],"picked":"SKIP","floor":18.0},{"not_picked":["TheCursedMod:FleshFromBone","TheCursedMod:ManaBullet"],"picked":"TheCursedMod:AshesToAshes","floor":19.0},{"not_picked":["TheCursedMod:LuckyCharm","TheCursedMod:CircleOfBlood","TheCursedMod:SpreadPlague+1"],"picked":"SKIP","floor":22.0},{"not_picked":["TheCursedMod:SmokeScreen+1","TheCursedMod:VitalStrike"],"picked":"TheCursedMod:CursedShiv","floor":23.0},{"not_picked":["TheCursedMod:RapidMovement","TheCursedMod:CircleOfCorruption","TheCursedMod:PrepareRite"],"picked":"SKIP","floor":24.0},{"not_picked":["TheCursedMod:Wield","TheCursedMod:CursedAmulet","TheCursedMod:CircleOfAbyss"],"picked":"SKIP","floor":27.0},{"not_picked":["TheCursedMod:CursedAmulet+1","TheCursedMod:CursedMace+1"],"picked":"TheCursedMod:FleshFromBone","floor":29.0},{"not_picked":["TheCursedMod:SurpriseAttack","TheCursedMod:CircleOfCorruption","TheCursedMod:FleshFromBone"],"picked":"SKIP","floor":31.0},{"not_picked":["TheCursedMod:UltimatePain","TheCursedMod:ForbiddenAlchemy"],"picked":"TheCursedMod:VoidForm","floor":33.0},{"not_picked":["TheCursedMod:CursedMace"],"picked":"SKIP","floor":35.0},{"not_picked":[],"picked":"TheCursedMod:HellfireBreathing","floor":37.0},{"not_picked":["TheCursedMod:Obscuration"],"picked":"SKIP","floor":39},{"not_picked":[],"picked":"TheCursedMod:Wield+1","floor":40},{"not_picked":["TheCursedMod:RavingStaff"],"picked":"SKIP","floor":41},{"not_picked":["TheCursedMod:Wield+1"],"picked":"SKIP","floor":44},{"not_picked":["TheCursedMod:WearCloak"],"picked":"SKIP","floor":48},{"not_picked":["TheCursedMod:DarkBarrier"],"picked":"SKIP","floor":54}],"player_experience":631442,"relics_obtained":[{"floor":6.0,"key":"Vajra"},{"floor":19.0,"key":"Red Mask"},{"floor":23.0,"key":"Boot"},{"floor":25.0,"key":"Happy Flower"},{"floor":26.0,"key":"StoneCalendar"},{"floor":27.0,"key":"Bronze Scales"},{"floor":40,"key":"Toy Ornithopter"},{"floor":43,"key":"Bottled Tornado"},{"floor":44,"key":"Dream Catcher"},{"floor":46,"key":"CaptainsWheel"},{"floor":54,"key":"TheCursedMod:BloodyHarpoon"}],"event_choices":[{"damage_healed":0.0,"max_hp_gain":0.0,"max_hp_loss":0.0,"gold_gain":175.0,"event_name":"Liars Game","player_choice":"AGREE","floor":2.0,"gold_loss":0.0,"damage_taken":0.0,"cards_obtained":["Doubt"]},{"damage_healed":0.0,"max_hp_gain":0.0,"max_hp_loss":0.0,"gold_gain":0.0,"event_name":"Scrap Ooze","player_choice":"Success","floor":4.0,"gold_loss":0.0,"damage_taken":12.0,"relics_obtained":["TungstenRod"]},{"cards_removed":["TheCursedMod:CursedBlade"],"damage_healed":0.0,"max_hp_gain":0.0,"max_hp_loss":0.0,"gold_gain":0.0,"event_name":"WeMeetAgain","player_choice":"Gave Card","floor":13.0,"gold_loss":0.0,"damage_taken":0.0,"relics_obtained":["HornCleat"]},{"damage_healed":0.0,"max_hp_gain":0.0,"max_hp_loss":0.0,"gold_gain":0.0,"event_name":"Masked Bandits","player_choice":"Fought Bandits","floor":19.0,"gold_loss":0.0,"damage_taken":0.0},{"cards_removed":["Doubt"],"damage_healed":0.0,"max_hp_gain":0.0,"max_hp_loss":0.0,"gold_gain":0.0,"event_name":"Fountain of Cleansing","player_choice":"Removed Curses","floor":21.0,"gold_loss":0.0,"damage_taken":0.0},{"cards_removed":["TheCursedMod:CursedShiv"],"damage_healed":0.0,"max_hp_gain":0.0,"max_hp_loss":0.0,"gold_gain":0.0,"event_name":"Falling","player_choice":"Removed Attack","floor":36.0,"gold_loss":0.0,"damage_taken":0.0},{"damage_healed":0,"gold_gain":0,"player_choice":"Memory 2","damage_taken":5,"max_hp_gain":0,"max_hp_loss":0,"event_name":"SensoryStone","floor":42,"gold_loss":0},{"damage_healed":0,"gold_gain":0,"player_choice":"Fight","damage_taken":0,"max_hp_gain":0,"max_hp_loss":0,"event_name":"Mysterious Sphere","floor":46,"gold_loss":0}],"is_beta":false,"boss_relics":[{"not_picked":["Astrolabe","Velvet Choker"],"picked":"Sozu"},{"not_picked":["Fusion Hammer","SlaversCollar"],"picked":"Busted Crown"}],"items_purged_floors":[20],"is_endless":false,"potions_floor_spawned":[1,5,6,12,18,24,31,33,35,41,54],"ascension_level":0}}