{"host":"87fdiiwflhrwsj8a","time":1608595397,"event":{"mods":["Aspiration","BaseMod","Better Match","Better Third Choice","BetterRewards","Colored Map","Conspire","GifTheSpireLib","Infinite Spire","Minty Spire (QoL Compilation)","Quick Restart","Relic Sorter","Replay The Spire","Robot Space Explorer","StSLib","Stuff the Spire","The Cursed","The Jungle"],"gold_per_floor":[111,111,186,0,0,0,26,37,37,51,51,63,63,82,82,158,158,169,169,181,181,181,181,211,54,54,54,67,86,103,103,103,179,179,190,190,190,225,245,277,297,297,320,320,337,337,337,356,356,431,431,431],"floor_reached":51,"playtime":1744,"items_purged":[],"score":1465,"play_id":"2797cc75-e4d5-443f-8486-182e57e8cc7b","local_time":"20201221190317","is_ascension_mode":true,"campfire_choices":[{"data":"Enlightenment","floor":6.0,"key":"SMITH"},{"data":"Bash","floor":11.0,"key":"SMITH"},{"floor":15.0,"key":"REST"},{"floor":23.0,"key":"REST"},{"floor":27.0,"key":"REST"},{"floor":32.0,"key":"REST"},{"floor":42.0,"key":"REST"},{"floor":44.0,"key":"REST"},{"data":"Flex","floor":46.0,"key":"SMITH"}],"circlet_count":0,"master_deck":["AscendersBane","Strike_R","Strike_R","Strike_R","Strike_R","Strike_R","Defend_R","Defend_R","Defend_R","Defend_R","Bash+1","Enlightenment+1","Battle Trance","Flex+1","Shrug It Off","Flex","Parasite","Heavy Blade+1","Feed+1","Heavy Blade+1","infinitespire:Collect+1","Perfected Strike+1","Body Slam+1","Carnage+1","Anger+1","Pommel Strike+1","AbeCurse","Thunderclap+1","infinitespire:FinalStrike+1","Blood for Blood+1","Replay:Undeath\u0027s Touch+1","Replay:Undeath\u0027s Touch+1","ReplayTheSpireMod:LeadingStrike+1","CurseOfTheBell","Headbutt+1","Iron Wave+1","Double Tap"],"relics":["Burning Blood","NeowsBlessing","Molten Egg 2","Lizard Tail","Torii","ChewingGum","Runic Pyramid","conspire:Boomerang","Art of War","conspire:TreasureMap","Paper Frog","infinitespire:Eraser","Abe\u0027s Treasure","HornCleat","MealTicket","StuffTheSpire:Mouthbags","Calling Bell","StuffTheSpire:OldFever","aspiration:DSix","conspire:DecoderRing"],"acts_visited":["Exordium","TheCity","TheBeyond"],"potions_floor_usage":[50,51],"damage_taken":[{"damage":0.0,"enemies":"Jaw Worm","floor":1.0,"turns":1.0},{"damage":0.0,"enemies":"Lagavulin","floor":7.0,"turns":1.0},{"damage":0.0,"enemies":"2 Louse","floor":8.0,"turns":1.0},{"damage":1.0,"enemies":"Small Slimes","floor":10.0,"turns":3.0},{"damage":28.0,"enemies":"Exordium Thugs","floor":12.0,"turns":10.0},{"damage":24.0,"enemies":"Large Slime","floor":14.0,"turns":6.0},{"damage":49.0,"enemies":"The Guardian","floor":16.0,"turns":10.0},{"damage":49.0,"enemies":"conspire:FuzzyDice","floor":18.0,"turns":7.0},{"damage":0.0,"enemies":"Spheric Guardian","floor":20.0,"turns":3.0},{"damage":44.0,"enemies":"conspire:SneckoGhost","floor":24.0,"turns":8.0},{"damage":0.0,"enemies":"Snecko","floor":28.0,"turns":3.0},{"damage":0.0,"enemies":"Centurion and Healer","floor":29.0,"turns":3.0},{"damage":33.0,"enemies":"Snake Plant","floor":30.0,"turns":3.0},{"damage":67.0,"enemies":"Collector","floor":33.0,"turns":7.0},{"damage":36.0,"enemies":"3 Darklings","floor":35.0,"turns":5.0},{"damage":63.0,"enemies":"conspire:MimicChest","floor":38.0,"turns":5.0},{"damage":0.0,"enemies":"3 Shapes","floor":39.0,"turns":2.0},{"damage":26.0,"enemies":"Nightmare","floor":40.0,"turns":5.0},{"damage":25.0,"enemies":"Sphere and 2 Shapes","floor":41.0,"turns":5.0},{"damage":0.0,"enemies":"Transient","floor":45.0,"turns":6.0},{"damage":0.0,"enemies":"Maw","floor":48.0,"turns":4.0},{"damage":76,"enemies":"Donu and Deca","floor":50,"turns":6},{"damage":37,"enemies":"conspire:OrnateMirror","floor":51,"turns":3}],"seed_played":"-6683811781348473530","potions_obtained":[{"floor":7.0,"key":"Strength Potion"},{"floor":8.0,"key":"Toxic Potion"},{"floor":16.0,"key":"Dexterity Potion"},{"floor":18.0,"key":"Strength Potion"},{"floor":38.0,"key":"Adrenaline Potion"},{"floor":40.0,"key":"FearPotion"},{"floor":41.0,"key":"AttackPotion"},{"floor":48.0,"key":"BlessingOfTheForge"}],"is_trial":false,"path_per_floor":["M","$","?","?","?","R","E","M","T","M","R","M","?","M","R","B",null,"M","AVR","M","?","?","R","E","$","T","R","M","M","M","T","R","B",null,"M","?","?","?","M","NM","M","R","T","R","M","R","AVR","M","R","B","B"],"character_chosen":"IRONCLAD","items_purchased":["conspire:TreasureMap"],"campfire_rested":6,"item_purchase_floors":[25],"current_hp_per_floor":[74,74,63,69,69,69,75,81,81,81,81,59,59,41,65,22,66,23,23,33,33,33,58,24,24,24,50,60,70,47,47,77,20,84,58,32,32,46,52,32,17,52,52,87,93,93,93,99,99,33,0,0],"gold":431,"neow_bonus":"THREE_ENEMY_KILL","is_daily":false,"chose_seed":false,"campfire_upgraded":3,"win_rate":0.0,"timestamp":1608595397,"path_taken":["M","$","?","?","?","R","E","M","T","M","R","?","?","M","R","BOSS","M","AVR","M","?","?","R","E","$","T","R","M","M","?","?","R","BOSS","M","?","?","?","M","NM","M","R","T","R","?","R","AVR","M","R","BOSS","BOSS"],"items_purchased_type":["Relic"],"build_version":"2020-12-13","purchased_purges":0,"victory":false,"max_hp_per_floor":[75,75,75,81,81,81,81,81,81,81,81,81,81,81,81,81,81,81,81,85,85,85,85,89,89,89,89,93,97,101,101,101,105,105,109,109,109,113,113,113,117,117,117,117,117,117,117,117,117,121,121,121],"card_choices":[{"not_picked":["infinitespire:OneForAll","Sentinel","Clothesline"],"picked":"SKIP","floor":1.0},{"not_picked":["Wild Strike+1","Havoc"],"picked":"Battle Trance","floor":7.0},{"not_picked":["Uppercut+1","Warcry"],"picked":"Flex","floor":8.0},{"not_picked":["Hemokinesis+1","True Grit"],"picked":"Shrug It Off","floor":10.0},{"not_picked":["Battle Trance","Havoc"],"picked":"Flex","floor":12.0},{"not_picked":["Cleave+1","Dark Embrace"],"picked":"Heavy Blade+1","floor":14.0},{"not_picked":["Exhume","Hemogenesis+1"],"picked":"Feed+1","floor":16.0},{"not_picked":["StuffTheSpire:RockThrow+1","Pummel+1"],"picked":"Heavy Blade+1","floor":18.0},{"not_picked":["StuffTheSpire:RockThrow+1","Havoc"],"picked":"Perfected Strike+1","floor":20.0},{"not_picked":["Defy Death","StuffTheSpire:Incineration+1"],"picked":"Body Slam+1","floor":24.0},{"not_picked":["Replay:Undeath\u0027s Touch+1","Spot Weakness"],"picked":"Carnage+1","floor":28.0},{"not_picked":["Shrug It Off","Run Through+1"],"picked":"Anger+1","floor":29.0},{"not_picked":["Feel No Pain","Intimidate"],"picked":"Pommel Strike+1","floor":30.0},{"not_picked":["Cleave+1","Sword Boomerang+1"],"picked":"Thunderclap+1","floor":35.0},{"not_picked":["ReplayTheSpireMod:Haul","infinitespire:Fortify"],"picked":"infinitespire:FinalStrike","floor":36.0},{"not_picked":["Havoc","ReplayTheSpireMod:Strike From Hell+1"],"picked":"Blood for Blood+1","floor":38.0},{"not_picked":["Burning Pact","Feel No Pain+1"],"picked":"Iron Wave+1","floor":39.0},{"not_picked":["Entrench","Eclipse"],"picked":"Replay:Undeath\u0027s Touch+1","floor":40.0},{"not_picked":["Clash+1","Pommel Strike+1"],"picked":"Replay:Undeath\u0027s Touch+1","floor":41.0},{"not_picked":["Havoc","Clothesline+1"],"picked":"ReplayTheSpireMod:LeadingStrike+1","floor":45.0},{"not_picked":["ReplayReversal","Flex"],"picked":"Headbutt+1","floor":48.0},{"not_picked":["Exhume","Demonic Infusion"],"picked":"Double Tap","floor":50}],"player_experience":2616912,"relics_obtained":[{"floor":7.0,"key":"Lizard Tail"},{"floor":9.0,"key":"Torii"},{"floor":24.0,"key":"Art of War"},{"floor":26.0,"key":"Paper Frog"},{"floor":31.0,"key":"infinitespire:Eraser"},{"floor":38.0,"key":"HornCleat"},{"floor":40.0,"key":"MealTicket"},{"floor":43.0,"key":"StuffTheSpire:Mouthbags"},{"floor":47.0,"key":"StuffTheSpire:OldFever"},{"floor":47.0,"key":"aspiration:DSix"},{"floor":47.0,"key":"conspire:DecoderRing"}],"event_choices":[{"damage_healed":0.0,"max_hp_gain":0.0,"max_hp_loss":0.0,"gold_gain":75.0,"event_name":"betterThird:BetterGoop","player_choice":"Gold","floor":3.0,"gold_loss":0.0,"damage_taken":11.0},{"damage_healed":0.0,"max_hp_gain":0.0,"max_hp_loss":0.0,"gold_gain":0.0,"event_name":"betterThird:BetterSerpent","player_choice":"RENOUNCE","floor":4.0,"gold_loss":186.0,"damage_taken":186.0,"cards_obtained":["Enlightenment"]},{"damage_healed":0.0,"max_hp_gain":0.0,"max_hp_loss":0.0,"gold_gain":0.0,"event_name":"Accursed Blacksmith","player_choice":"Forge","floor":22.0,"gold_loss":0.0,"damage_taken":0.0,"cards_upgraded":["infinitespire:Collect"]}],"is_beta":false,"boss_relics":[{"not_picked":["Snecko Heart","Electric Blood"],"picked":"ChewingGum"},{"not_picked":["StuffTheSpire:Kangaroo","Runic Dome"],"picked":"Abe\u0027s Treasure"}],"items_purged_floors":[],"is_endless":true,"potions_floor_spawned":[7,8,16,18,24,29,38,40,41,48],"killed_by":"conspire:OrnateMirror","ascension_level":20}}