{"host":"j05tanvorlbs2t7f","time":1608666997,"event":{"mods":["2.2 Compatiblity","AchievementEnabler","BaseMod","BetterRewards","Card Forge","Colored Powertips","Conspire","Downfall","Minty Spire (QoL Compilation)","Permanent Neow","Replay The Spire","Shade Mod","StSLib","The Bug Knight","The Construct","The Cursed","The Forsaken","The Hierophant","The Sage","TheHeartMod"],"gold_per_floor":[111,111,62,144,161,186,186,39,93,128,147,174,186,215,215,320,320,332,332,359,374,374,374,72,105,130,65,80,98,114,40,40,145,145,161,121,45,58,74,108,118,138,269,269,304,304,225,238,238,238,238,238,179,219,219],"floor_reached":56,"playtime":4429,"items_purged":[],"score":1554,"play_id":"b012d8c8-6738-4c91-9c94-44e41db03185","local_time":"20201222205637","is_ascension_mode":true,"campfire_choices":[{"floor":7.0,"key":"REST"},{"floor":15.0,"key":"REST"},{"floor":23,"key":"REST"},{"floor":32,"key":"RECALL"},{"data":"Shade:FleshOffering","floor":46,"key":"SMITH"},{"data":"Shade:LichForm","floor":49,"key":"SMITH"},{"data":"Shade:Carnophage","floor":52,"key":"SMITH"}],"circlet_count":0,"master_deck":["Shade:Strike_Shade","Shade:Strike_Shade","Shade:Strike_Shade","Shade:Strike_Shade","Shade:Defend_Shade","Shade:Defend_Shade","Shade:Defend_Shade","Shade:Defend_Shade+1","Shade:AnimateDead+1","Shade:CarefulCut","Shade:AuraOfUnlife+1","Shade:CommandSoldier","Shade:FuneraryArmor","Shade:FleshOffering+1","Shade:Bonestorm+1","Shade:Excise","Shade:AblativeArmor","Shade:SoulPierce+1","Shade:Premonition","Shade:SoulToxin+1","Shade:Bonestorm","Shade:Putrefaction+1","Shade:OpenGraves","CommonCold","Shade:ClawBack","Shade:Premonition","Shade:TouchOfTheGrave+1","Shade:FuneraryJewels","Shade:Carnophage+1","Shade:UnbarTheGrave","Shade:Brains+1","Shade:Carnophage+1","Shade:RitualOffering+1","Shade:Premonition+1","Shade:Bonestorm","Shade:Doomsay+1","Madness","Madness","Doubt","Shade:TouchOfTheGrave+1","Parasite","Shade:LichForm+1","Shade:StitchTogether"],"relics":["Shade:YorickSkull","Hammer of Thor","Seething Fire","Anvil of the Gods","Replay:Wax Seal","Du-Vu Doll","conspire:TreasureMap","Turnip","Replay:Baseball","Shuriken","sagemod:Singing_Vial","Strawberry","Gremlin Horn","Happy Flower","Orichalcum","Blood Vial","construct:ClawGrip","ReplayTheSpireMod:Ring of Collecting","TungstenRod","BargainBundle","Potion Belt","Mango","Bird Faced Urn","ReplayTheSpireMod:Ring of Challenge","Mummified Hand","Pet Ghost","Replay:PocketPolymizer","construct:WeddingRing","Lizard Tail","Ring of Greed","Golden Idol","MealTicket","Nunchaku","Bottled Lightning"],"acts_visited":["Exordium","TheCity","TheBeyond","TheEnding"],"potions_floor_usage":[21,24,25,31,53,55,55,55,55,55,55],"damage_taken":[{"damage":0.0,"enemies":"conspire:RoseBush","floor":1.0,"turns":3.0},{"damage":0.0,"enemies":"Jaw Worm","floor":5.0,"turns":2.0},{"damage":8.0,"enemies":"Lagavulin","floor":6.0,"turns":6.0},{"damage":0.0,"enemies":"Replay:BlueRogue","floor":10.0,"turns":6.0},{"damage":0.0,"enemies":"2 Louse","floor":11.0,"turns":2.0},{"damage":13.0,"enemies":"HollowMod:MossKnight","floor":12.0,"turns":6.0},{"damage":0.0,"enemies":"2 Fungi Beasts","floor":13.0,"turns":3.0},{"damage":0.0,"enemies":"Replay:BlueRogue","floor":14.0,"turns":5.0},{"damage":0.0,"enemies":"Fading Forest","floor":16.0,"turns":11.0},{"damage":14,"enemies":"Spheric Guardian","floor":18,"turns":4},{"damage":11,"enemies":"2 Thieves","floor":21,"turns":3},{"damage":36,"enemies":"Slavers","floor":25,"turns":5},{"damage":8,"enemies":"HollowMod:Nosk","floor":27,"turns":8},{"damage":16,"enemies":"Shelled Parasite and Fungi","floor":28,"turns":4},{"damage":5,"enemies":"Snake Plant","floor":29,"turns":5},{"damage":0,"enemies":"Snecko","floor":30,"turns":3},{"damage":18,"enemies":"conspire:SneckoGhost","floor":31,"turns":7},{"damage":6,"enemies":"Collector","floor":33,"turns":7},{"damage":5,"enemies":"3 Shapes","floor":35,"turns":3},{"damage":4,"enemies":"3 Darklings","floor":38,"turns":3},{"damage":11,"enemies":"Sphere and 2 Shapes","floor":39,"turns":5},{"damage":24,"enemies":"Reptomancer","floor":40,"turns":5},{"damage":0,"enemies":"Maw","floor":41,"turns":6},{"damage":0,"enemies":"Jaw Worm Horde","floor":42,"turns":2},{"damage":14,"enemies":"Nemesis","floor":45,"turns":7},{"damage":10,"enemies":"Writhing Mass","floor":47,"turns":5},{"damage":3,"enemies":"Spire Growth","floor":48,"turns":5},{"damage":20,"enemies":"Replay:Hell Engine","floor":50,"turns":9},{"damage":52,"enemies":"Shield and Spear","floor":54,"turns":6},{"damage":11,"enemies":"The Heart","floor":55,"turns":9}],"seed_played":"7683844662369967998","potions_obtained":[{"floor":6.0,"key":"champ:CounterPotion"},{"floor":10.0,"key":"Fire Potion"},{"floor":16.0,"key":"AttackPotion"},{"floor":22,"key":"EntropicBrew"},{"floor":22,"key":"sagemod:Wine"},{"floor":27,"key":"sagemod:Wine"},{"floor":31,"key":"Elixir"},{"floor":48,"key":"Dexterity Potion"}],"is_trial":false,"path_per_floor":["M","?","$","T","M","E","R","$","T","E","M","E","M","E","R","B",null,"M","?","?","M","?","R","$","E","T","E","M","M","M","E","R","B",null,"M","?","$","M","M","E","M","M","T","?","E","R","M","M","R","B",null,"R","$","E","B",null],"character_chosen":"SHADE","items_purchased":["Shade:AuraOfUnlife","Replay:Wax Seal","FairyPotion","conspire:TreasureMap","Turnip","Replay:Baseball","Shade:CommandSoldier","Shade:FuneraryArmor","Flashbang","Shade:Bonestorm","Strawberry","BargainBundle","Potion Belt","Mango","PowerPotion","Regen Potion","FearPotion","Shade:Carnophage","Shade:StitchTogether","Explosive Potion"],"campfire_rested":3,"item_purchase_floors":[0,0,0,0,0,0,0,0,0,3,8,24,24,24,24,24,24,37,53,53],"current_hp_per_floor":[24,24,24,24,24,16,35,42,42,42,42,29,29,29,50,52,72,58,58,58,49,49,70,84,50,50,52,44,51,55,77,77,80,86,81,81,81,86,75,65,81,85,85,75,75,75,78,86,86,66,86,86,86,44,55],"gold":219,"neow_bonus":"","is_daily":false,"chose_seed":false,"campfire_upgraded":3,"win_rate":0.0,"timestamp":1608666997,"path_taken":["M","?","$","?","M","E","R","$","T","E","M","E","?","E","R","BOSS","M","?","?","M","?","R","$","E","T","E","M","M","?","E","R","BOSS","M","?","?","M","M","E","M","M","T","?","E","R","M","M","R","BOSS","R","$","E","BOSS"],"items_purchased_type":["Card","Relic","Potion","Relic","Relic","Relic","Card","Card","Potion","Card","Relic","Relic","Relic","Relic","Potion","Potion","Potion","Card","Card","Potion"],"build_version":"2020-12-13","purchased_purges":0,"victory":true,"max_hp_per_floor":[65,65,65,65,65,65,65,72,72,72,72,72,72,72,72,72,72,72,72,72,72,72,72,86,86,86,86,86,86,86,86,86,86,86,86,86,86,86,86,86,86,86,86,86,86,86,86,86,86,86,86,86,86,86,86],"card_choices":[{"not_picked":["Shade:SkeletonHug","Shade:ClawBack"],"picked":"Shade:FleshOffering","floor":1.0},{"not_picked":["Shade:FuneraryArmor","Shade:FeralStrike"],"picked":"Shade:Excise","floor":5.0},{"not_picked":["Shade:CloudOfShrapnel","Shade:PotionOfRestlessness"],"picked":"Shade:AblativeArmor","floor":6.0},{"not_picked":["Shade:FuneraryJewels","Shade:WallOfFlesh"],"picked":"Shade:SoulPierce","floor":10.0},{"not_picked":["Shade:WallOfFlesh","Shade:TouchOfTheGrave"],"picked":"Shade:Premonition","floor":11.0},{"not_picked":["Shade:Haruspicy","Shade:CoffinDance","Shade:FeralStrike"],"picked":"Singing Bowl","floor":12.0},{"not_picked":["Shade:Bite_Shade","Shade:TouchOfTheGrave"],"picked":"Shade:SoulToxin","floor":13.0},{"not_picked":["Shade:SkeletonHug","Shade:AncientSpear"],"picked":"Shade:Bonestorm","floor":14.0},{"not_picked":["Shade:OfferingToTheBeyond","Shade:DarkOfNight"],"picked":"Shade:Putrefaction","floor":16.0},{"not_picked":["Shade:DangerousRitual","Shade:Haruspicy+1"],"picked":"Shade:OpenGraves","floor":18},{"not_picked":["Shade:GreyBargain","Shade:Excise"],"picked":"Shade:ClawBack","floor":20},{"not_picked":["Shade:Brains","Shade:UnbarTheGrave"],"picked":"Shade:Premonition","floor":21},{"not_picked":["Shade:Frenzy","Shade:SensePrey","Shade:LyeBath"],"picked":"Singing Bowl","floor":25},{"not_picked":["Shade:TouchOfTheGrave","Shade:BoneShards+1","Shade:CoffinDance"],"picked":"Singing Bowl","floor":27},{"not_picked":["Shade:RitualOffering","Shade:FeralStrike"],"picked":"Shade:TouchOfTheGrave+1","floor":28},{"not_picked":["Shade:GreyBargain+1","Shade:CommandSoldier"],"picked":"Shade:FuneraryJewels","floor":29},{"not_picked":["Shade:FeralStrike","Shade:FingerOfDeath","Shade:Awaken"],"picked":"Singing Bowl","floor":30},{"not_picked":["Shade:Premonition","Shade:Bite_Shade+1"],"picked":"Shade:Carnophage+1","floor":31},{"not_picked":["Shade:DarkOfNight","Shade:LoseControl"],"picked":"Shade:UnbarTheGrave","floor":33},{"not_picked":["Shade:ExtraLimbs+1","Shade:WallOfFlesh"],"picked":"Shade:Brains+1","floor":35},{"not_picked":["Shade:Haruspicy+1","Shade:SkeletonHug+1"],"picked":"Shade:RitualOffering+1","floor":38},{"not_picked":["Shade:DangerousRitual+1","Shade:Trample+1"],"picked":"Shade:Premonition+1","floor":39},{"not_picked":["Shade:RitualOffering+1","Shade:AncientSpear"],"picked":"Shade:Bonestorm","floor":40},{"not_picked":["Shade:FingerOfDeath","Shade:Frenzy","Shade:GreyBargain"],"picked":"SKIP","floor":41},{"not_picked":["Shade:FuneraryArmor","Shade:CallOfTheGrave+1"],"picked":"Shade:Doomsay+1","floor":42},{"not_picked":["Shade:Bonestorm","Shade:RavenousHorde"],"picked":"Shade:TouchOfTheGrave+1","floor":45},{"not_picked":["Shade:Frenzy","Shade:CloudOfShrapnel+1"],"picked":"Shade:LichForm","floor":47},{"not_picked":["Shade:BoneShards","Shade:FuneraryArmor","Shade:SanguineRitual"],"picked":"Singing Bowl","floor":48},{"not_picked":["Shade:Trample","Shade:Bonestorm+1","Shade:GreyBargain"],"picked":"Singing Bowl","floor":54}],"player_experience":474717,"relics_obtained":[{"floor":4.0,"key":"Shuriken"},{"floor":6.0,"key":"sagemod:Singing_Vial"},{"floor":9.0,"key":"Gremlin Horn"},{"floor":10.0,"key":"Happy Flower"},{"floor":12.0,"key":"Orichalcum"},{"floor":14.0,"key":"Blood Vial"},{"floor":19,"key":"ReplayTheSpireMod:Ring of Collecting"},{"floor":20,"key":"TungstenRod"},{"floor":25,"key":"Bird Faced Urn"},{"floor":26,"key":"ReplayTheSpireMod:Ring of Challenge"},{"floor":26,"key":"Mummified Hand"},{"floor":27,"key":"Pet Ghost"},{"floor":31,"key":"Replay:PocketPolymizer"},{"floor":40,"key":"Lizard Tail"},{"floor":43,"key":"Ring of Greed"},{"floor":43,"key":"Golden Idol"},{"floor":43,"key":"MealTicket"},{"floor":45,"key":"Nunchaku"},{"floor":54,"key":"Bottled Lightning"}],"event_choices":[{"damage_healed":0.0,"max_hp_gain":0.0,"max_hp_loss":0.0,"gold_gain":0.0,"event_name":"Accursed Blacksmith","player_choice":"Forge","floor":2.0,"gold_loss":0.0,"damage_taken":0.0,"cards_upgraded":["Shade:AuraOfUnlife"]},{"damage_healed":0,"gold_gain":0,"player_choice":"Got Potions","damage_taken":0,"max_hp_gain":0,"max_hp_loss":0,"event_name":"Lab","floor":22,"gold_loss":0},{"damage_healed":0,"gold_gain":0,"player_choice":"Upgrade","damage_taken":0,"max_hp_gain":0,"max_hp_loss":0,"event_name":"Designer","floor":36,"gold_loss":40,"cards_upgraded":["Shade:SoulToxin"]},{"damage_healed":0,"gold_gain":0,"player_choice":"Embrace Madness","damage_taken":11,"max_hp_gain":0,"max_hp_loss":0,"event_name":"Winding Halls","floor":44,"gold_loss":0,"cards_obtained":["Madness","Madness"]}],"is_beta":false,"boss_relics":[{"not_picked":["conspire:SlowCooker","Replay:Ancient Bell"],"picked":"construct:ClawGrip"},{"not_picked":["conspire:SeveredTorchhead","Philosopher\u0027s Stone"],"picked":"construct:WeddingRing"}],"items_purged_floors":[],"is_endless":false,"potions_floor_spawned":[6,10,11,16,18,27,28,30,31,35,42,47,48],"ascension_level":2}}