{"host":"bg8va46pgqgvtzim","time":1608642102,"event":{"mods":["BaseMod","Minty Spire (QoL Compilation)","Quick Restart","StSLib","SuperFastMode","¡¾ÒÅÎï¿¨ÅÆ¡¿REMEMod"],"gold_per_floor":[18,32,44,59,79,79,114,114,114,114,125,157,82,108,108,204,204,215,215,69,168,186,186,214,224,248,283,283,308,308,357,357,462,462,485,535,557,637,654,654,693,713,713,506,548,132,132,132,132,132,132,132,41,72,72],"floor_reached":56,"playtime":1416,"items_purged":["Strike_G","Strike_G","Hyperbeam+1","Defend_G","Outmaneuver+1"],"score":1749,"play_id":"6394a3e5-a38a-4ee0-87c9-cc792ae1570e","local_time":"20201222210142","is_ascension_mode":true,"campfire_choices":[{"data":"Hyperbeam","floor":6.0,"key":"SMITH"},{"data":"Eviscerate","floor":8.0,"key":"SMITH"},{"data":"Neutralize","floor":10.0,"key":"SMITH"},{"data":"Acrobatics","floor":15.0,"key":"SMITH"},{"data":"Well Laid Plans","floor":23.0,"key":"SMITH"},{"data":"Expertise","floor":30.0,"key":"SMITH"},{"data":"Acrobatics","floor":32.0,"key":"SMITH"},{"floor":40.0,"key":"RECALL"},{"data":"Reflex","floor":47,"key":"SMITH"},{"data":"Survivor","floor":49,"key":"SMITH"},{"data":"After Image","floor":52,"key":"SMITH"}],"circlet_count":0,"master_deck":["Defend_G","Defend_G","Defend_G","Survivor+1","Neutralize+1","Eviscerate+1","Acrobatics+1","Escape Plan+1","Well Laid Plans+1","Acrobatics+1","Expertise+1","Calculated Gamble+1","Concentrate+1","Reflex+1","REME_GreenPollution","After Image+1","Prepared"],"relics":["Ring of the Snake","REME_ComplimentaryCards","Thread and Needle","Tiny Chest","Letter Opener","Philosopher\u0027s Stone","Smiling Mask","Regal Pillow","Bottled Tornado","Ornamental Fan","CeramicFish","Empty Cage","Calipers","Matryoshka","Akabeko","Orichalcum","Question Card","Oddly Smooth Stone","MealTicket","Medical Kit","Anchor","Bottled Lightning"],"acts_visited":["Exordium","TheCity","TheBeyond","TheEnding"],"potions_floor_usage":[],"damage_taken":[{"damage":0.0,"enemies":"2 Louse","floor":1.0,"turns":1.0},{"damage":3.0,"enemies":"Jaw Worm","floor":2.0,"turns":2.0},{"damage":0.0,"enemies":"Small Slimes","floor":3.0,"turns":1.0},{"damage":0.0,"enemies":"Exordium Wildlife","floor":4.0,"turns":2.0},{"damage":0.0,"enemies":"2 Fungi Beasts","floor":5.0,"turns":2.0},{"damage":10.0,"enemies":"Gremlin Nob","floor":7.0,"turns":3.0},{"damage":0.0,"enemies":"Exordium Thugs","floor":11.0,"turns":3.0},{"damage":0.0,"enemies":"3 Sentries","floor":12.0,"turns":3.0},{"damage":6.0,"enemies":"Gremlin Nob","floor":14.0,"turns":4.0},{"damage":0.0,"enemies":"Slime Boss","floor":16.0,"turns":7.0},{"damage":0.0,"enemies":"Chosen","floor":18.0,"turns":3.0},{"damage":3.0,"enemies":"3 Byrds","floor":22.0,"turns":2.0},{"damage":0.0,"enemies":"Slavers","floor":24.0,"turns":1.0},{"damage":0.0,"enemies":"Cultist and Chosen","floor":25.0,"turns":3.0},{"damage":4.0,"enemies":"Gremlin Leader","floor":27.0,"turns":4.0},{"damage":0.0,"enemies":"Book of Stabbing","floor":29.0,"turns":4.0},{"damage":0.0,"enemies":"Collector","floor":33.0,"turns":7.0},{"damage":0.0,"enemies":"3 Shapes","floor":35.0,"turns":2.0},{"damage":4.0,"enemies":"2 Orb Walkers","floor":36.0,"turns":4.0},{"damage":0.0,"enemies":"Orb Walker","floor":37.0,"turns":3.0},{"damage":0.0,"enemies":"4 Shapes","floor":39.0,"turns":2.0},{"damage":0.0,"enemies":"Giant Head","floor":41.0,"turns":1.0},{"damage":0.0,"enemies":"Maw","floor":42.0,"turns":1.0},{"damage":0.0,"enemies":"Reptomancer","floor":45.0,"turns":1.0},{"damage":0,"enemies":"Donu and Deca","floor":50,"turns":2},{"damage":0,"enemies":"Shield and Spear","floor":54,"turns":1},{"damage":0,"enemies":"The Heart","floor":55,"turns":3}],"seed_played":"9126410541717641664","potions_obtained":[{"floor":1.0,"key":"SteroidPotion"},{"floor":2.0,"key":"GhostInAJar"},{"floor":3.0,"key":"DuplicationPotion"},{"floor":18.0,"key":"FearPotion"},{"floor":25.0,"key":"SneckoOil"},{"floor":39.0,"key":"Swift Potion"}],"is_trial":false,"path_per_floor":["M","M","M","M","M","R","E","R","T","R","M","E","$","E","R","B",null,"M","?","$","?","M","R","E","M","T","E","?","E","R","T","R","B",null,"M","?","M","T","M","R","E","M","T","$","E","$","R","?","R","B",null,"R","$","E","B",null],"character_chosen":"THE_SILENT","items_purchased":["Acrobatics","Oddly Smooth Stone","After Image","Medical Kit","Anchor","Prepared"],"campfire_rested":0,"item_purchase_floors":[20,44,46,46,46,53],"current_hp_per_floor":[70,67,67,67,67,67,57,57,57,57,57,57,57,51,51,51,70,70,70,70,70,67,67,67,67,67,63,63,63,63,63,63,63,70,70,66,66,66,66,66,66,66,66,66,66,70,70,70,70,70,70,70,70,70,70],"gold":72,"neow_bonus":"REMOVE_TWO","is_daily":false,"chose_seed":false,"campfire_upgraded":10,"win_rate":0.0,"timestamp":1608642102,"path_taken":["M","M","M","M","M","R","E","R","T","R","M","E","$","E","R","BOSS","M","?","$","?","M","R","E","M","T","E","?","E","R","?","R","BOSS","M","?","M","?","M","R","E","M","T","$","E","$","R","?","R","BOSS","R","$","E","BOSS"],"items_purchased_type":["Card","Relic","Card","Relic","Relic","Card"],"build_version":"2020-12-13","purchased_purges":5,"victory":true,"max_hp_per_floor":[70,70,70,70,70,70,70,70,70,70,70,70,70,70,70,70,70,70,70,70,70,70,70,70,70,70,70,70,70,70,70,70,70,70,70,70,70,70,70,70,70,70,70,70,70,70,70,70,70,70,70,70,70,70,70],"card_choices":[{"not_picked":["Slice","Deadly Poison","Dagger Throw"],"picked":"SKIP","floor":1.0},{"not_picked":["Deflect","Dagger Spray"],"picked":"Eviscerate","floor":2.0},{"not_picked":["Accuracy","Catalyst","Deflect"],"picked":"SKIP","floor":3.0},{"not_picked":["PiercingWail","Deflect","Heel Hook"],"picked":"SKIP","floor":4.0},{"not_picked":["Setup","Slice","Blur"],"picked":"SKIP","floor":5.0},{"not_picked":["Quick Slash","Skewer","Underhanded Strike"],"picked":"SKIP","floor":7.0},{"not_picked":["Slice","Dodge and Roll","Blade Dance"],"picked":"SKIP","floor":11.0},{"not_picked":["Skewer","Bouncing Flask","Slice"],"picked":"SKIP","floor":12.0},{"not_picked":["Poisoned Stab","Envenom"],"picked":"Acrobatics","floor":14.0},{"not_picked":["Sucker Punch","Dagger Spray"],"picked":"Escape Plan+1","floor":18.0},{"not_picked":["Dagger Throw","Heel Hook"],"picked":"Outmaneuver+1","floor":22.0},{"not_picked":["Crippling Poison","Well Laid Plans+1","Sucker Punch"],"picked":"SKIP","floor":24.0},{"not_picked":["Backflip","Blade Dance+1"],"picked":"Expertise","floor":25.0},{"not_picked":["Acrobatics","Underhanded Strike+1","Expertise"],"picked":"SKIP","floor":27.0},{"not_picked":["Finisher","All Out Attack","Unload"],"picked":"SKIP","floor":29.0},{"not_picked":["Endless Agony+1","PiercingWail"],"picked":"Calculated Gamble+1","floor":35.0},{"not_picked":["Catalyst+1","Underhanded Strike"],"picked":"Concentrate+1","floor":37.0},{"not_picked":["Dodge and Roll+1","Outmaneuver","Skewer+1"],"picked":"SKIP","floor":39.0},{"not_picked":["Cloak And Dagger","Poisoned Stab"],"picked":"Reflex","floor":41.0},{"not_picked":["Noxious Fumes","Sucker Punch","Distraction+1"],"picked":"SKIP","floor":42.0},{"not_picked":["Acrobatics+1","Bouncing Flask+1","Flechettes"],"picked":"REME_GreenPollution","floor":45.0},{"not_picked":["Sucker Punch+1","Masterful Stab+1","Poisoned Stab","Deflect+1"],"picked":"SKIP","floor":54}],"player_experience":2131795,"relics_obtained":[{"floor":7.0,"key":"Thread and Needle"},{"floor":12.0,"key":"Tiny Chest"},{"floor":14.0,"key":"Letter Opener"},{"floor":24.0,"key":"Smiling Mask"},{"floor":26.0,"key":"Regal Pillow"},{"floor":27.0,"key":"Bottled Tornado"},{"floor":29.0,"key":"Ornamental Fan"},{"floor":31.0,"key":"CeramicFish"},{"floor":36.0,"key":"Calipers"},{"floor":38.0,"key":"Matryoshka"},{"floor":41.0,"key":"Akabeko"},{"floor":43.0,"key":"Orichalcum"},{"floor":43.0,"key":"Question Card"},{"floor":45.0,"key":"MealTicket"},{"floor":54,"key":"Bottled Lightning"}],"event_choices":[{"damage_healed":0.0,"max_hp_gain":0.0,"max_hp_loss":0.0,"gold_gain":0.0,"event_name":"The Library","player_choice":"Read","floor":19.0,"gold_loss":0.0,"damage_taken":0.0,"cards_obtained":["Well Laid Plans"]},{"damage_healed":0.0,"max_hp_gain":0.0,"max_hp_loss":0.0,"gold_gain":99.0,"event_name":"Nest","player_choice":"Stole From Cult","floor":21.0,"gold_loss":0.0,"damage_taken":0.0},{"damage_healed":0.0,"max_hp_gain":0.0,"max_hp_loss":0.0,"gold_gain":0.0,"event_name":"Vampires","player_choice":"Ignored","floor":28.0,"gold_loss":0.0,"damage_taken":0.0},{"damage_healed":0.0,"max_hp_gain":0.0,"max_hp_loss":0.0,"gold_gain":0.0,"event_name":"Mysterious Sphere","player_choice":"Fight","floor":36.0,"gold_loss":0.0,"damage_taken":0.0},{"damage_healed":0,"gold_gain":0,"player_choice":"Bought 0 Potions","damage_taken":0,"max_hp_gain":0,"max_hp_loss":0,"event_name":"The Woman in Blue","floor":48,"gold_loss":0}],"is_beta":false,"boss_relics":[{"not_picked":["Tiny House","Sozu"],"picked":"Philosopher\u0027s Stone"},{"not_picked":["Busted Crown","Cursed Key"],"picked":"Empty Cage"}],"items_purged_floors":[13,20,44,46,53],"is_endless":false,"potions_floor_spawned":[1,2,3,12,18,25,39,41,42,45],"ascension_level":1}}