{"host":"tmw6oi484o2emew9","time":1608630291,"event":{"mods":["AchievementEnabler","Ascension Reborn","Aspiration","BaseMod","Bestiary","BetterRewards","Colored Map","DeckTracker","Downfall","Friendly Minions","Halation","Hermit","Hubris","Infinite Spire","Marisa????????","Minty Spire (QoL Compilation)","Permanent Neow","Replay The Spire","StSLib","The Animator","The Bug Knight"],"gold_per_floor":[117,117,42,42,60,93,106,106,106,122,122,122,142,186,186,309,309,330,344,344,344,363,363,379,379,379,394,394,265,365,384,384,384,384],"floor_reached":33,"playtime":1775,"items_purged":["Strike_MRS"],"score":307,"play_id":"a7a63380-8ad5-4d73-8640-80deb4a7cc41","local_time":"20201222094451","is_ascension_mode":true,"campfire_choices":[{"floor":15,"key":"REST"},{"data":"hubris:InfiniteBlow","floor":23,"key":"SMITH"},{"data":"hubris:InfiniteBlow+1","floor":23,"key":"SMITH"},{"data":"hubris:InfiniteBlow+2","floor":25,"key":"SMITH"},{"data":"hubris:InfiniteBlow+3","floor":25,"key":"SMITH"},{"data":"hubris:InfiniteBlow+4","floor":28,"key":"SMITH"},{"data":"hubris:InfiniteBlow+5","floor":28,"key":"SMITH"},{"data":"hubris:InfiniteBlow+6","floor":32,"key":"SMITH"},{"data":"hubris:InfiniteBlow+7","floor":32,"key":"SMITH"}],"circlet_count":0,"master_deck":["Strike_MRS","Strike_MRS","Strike_MRS","Defend_MRS","Defend_MRS","Defend_MRS","MasterSpark+1","UpSweep","PulseMagic","FairyDestructionRay+1","RefractionSpark","FinalSpark","hubris:InfiniteBlow+8","OortCloud","expansioncontent:QuickStudy","expansioncontent:PrepareCrush","Replay:SS_forest_6","GalacticHalo"],"relics":["MiniHakkero","NeowsBlessing","Potion Belt","Thread and Needle","Golden Idol","Replay:Arrowhead","hubris:Zylophone","hubris:Stopwatch","infinitespire:FocusingShard","hubris:64BitClover","ReplayTheSpireMod:ShopPack"],"acts_visited":["Exordium","TheCity"],"potions_floor_usage":[14,14,16,19,33,33],"damage_taken":[{"damage":0,"enemies":"Small Slimes","floor":1,"turns":1},{"damage":0,"enemies":"2 Louse","floor":5,"turns":1},{"damage":0,"enemies":"3 Sentries","floor":6,"turns":1},{"damage":13,"enemies":"infinitespire:Voidling","floor":7,"turns":3},{"damage":0,"enemies":"Exordium Wildlife","floor":10,"turns":1},{"damage":0,"enemies":"Looter","floor":13,"turns":3},{"damage":9,"enemies":"Lagavulin","floor":14,"turns":5},{"damage":33,"enemies":"Hexaghost","floor":16,"turns":9},{"damage":0,"enemies":"3 Byrds","floor":18,"turns":4},{"damage":10,"enemies":"Shell Parasite","floor":19,"turns":5},{"damage":43,"enemies":"Snake Plant","floor":22,"turns":6},{"damage":18,"enemies":"Sentry and Sphere","floor":24,"turns":4},{"damage":0,"enemies":"Centurion and Healer","floor":27,"turns":5},{"damage":10,"enemies":"Chosen and Byrds","floor":31,"turns":7},{"damage":19,"enemies":"Pondfish","floor":33,"turns":3}],"seed_played":"-2686695369715733057","potions_obtained":[{"floor":5,"key":"BottledSpark"},{"floor":10,"key":"ColorlessPotion"},{"floor":14,"key":"Guardian:BlockOnCardUsePotion"},{"floor":16,"key":"Flashbang"},{"floor":19,"key":"Explosive Potion"},{"floor":31,"key":"Cursed Concoction"}],"is_trial":false,"path_per_floor":["M","?","$","?","M","E","M","?","T","M","?","?","M","E","R","B",null,"M","M","?","AVR","M","R","M","R","T","M","R","$","?","M","R","B"],"character_chosen":"MARISA","items_purchased":["ReplayTheSpireMod:ShopPack"],"campfire_rested":1,"item_purchase_floors":[29],"current_hp_per_floor":[75,75,75,75,75,75,66,66,66,66,48,30,30,21,43,10,75,75,65,65,65,22,22,4,4,4,4,4,4,4,10,10,0,0],"gold":384,"neow_bonus":"THREE_ENEMY_KILL","is_daily":false,"chose_seed":false,"campfire_upgraded":8,"win_rate":0.0,"timestamp":1608630291,"path_taken":["M","?","$","?","M","E","M","?","T","?","?","?","M","E","R","BOSS","M","M","?","AVR","?","R","?","R","T","M","R","$","?","?","R","BOSS"],"items_purchased_type":["Relic"],"build_version":"2020-12-13","purchased_purges":1,"victory":false,"max_hp_per_floor":[75,75,75,75,75,75,75,75,75,75,75,75,75,75,75,75,75,75,75,75,75,75,75,75,75,75,75,75,75,75,75,75,75,75],"card_choices":[{"not_picked":["ManaConvection","IllusionStar","DragonMeteor"],"picked":"SKIP","floor":1},{"not_picked":["AlicesGift","OpenUniverse"],"picked":"PulseMagic","floor":5},{"not_picked":["UnstableBomb","MysteriousBeam"],"picked":"FairyDestructionRay","floor":6},{"not_picked":["UnstableBomb","SporeBomb"],"picked":"RefractionSpark","floor":7},{"not_picked":["DeepEcoloBomb","MysteriousBeam","PulseMagic"],"picked":"SKIP","floor":10},{"not_picked":["WitchLeyline","PowerUp","Acceleration"],"picked":"SKIP","floor":13},{"not_picked":["DC","SuperNova","GravityBeat"],"picked":"SKIP","floor":14},{"not_picked":["MaximisePower","CollectingQuirk"],"picked":"FinalSpark","floor":16},{"not_picked":["DC+1","SporeBomb","UnstableBomb"],"picked":"SKIP","floor":18},{"not_picked":["SporeBomb","WitchOfGreed","EnergyFlow"],"picked":"SKIP","floor":19},{"not_picked":["GalacticHalo","LuminesStrike+1","StarBarrage"],"picked":"SKIP","floor":22},{"not_picked":["SuperNova","UnstableBomb"],"picked":"OortCloud","floor":24},{"not_picked":["NonDirectionalLaser","PowerUp","OneTimeOff+1"],"picked":"SKIP","floor":27},{"not_picked":["ReplayUltimateDefense","Thinking Ahead"],"picked":"expansioncontent:QuickStudy","floor":29},{"not_picked":["Impatience","Replay:SS_fish_1"],"picked":"expansioncontent:PrepareCrush","floor":29},{"not_picked":["Replay:SS_fish_3","hubris:Ssssneak"],"picked":"Replay:SS_forest_6","floor":29},{"not_picked":["StarDustReverie","UnstableBomb"],"picked":"GalacticHalo","floor":31}],"player_experience":219149,"relics_obtained":[{"floor":4,"key":"Potion Belt"},{"floor":6,"key":"Thread and Needle"},{"floor":14,"key":"hubris:Zylophone"},{"floor":26,"key":"hubris:64BitClover"}],"event_choices":[{"damage_healed":0,"gold_gain":0,"player_choice":"Grow","damage_taken":0,"max_hp_gain":0,"max_hp_loss":0,"event_name":"Living Wall","floor":2,"gold_loss":0,"cards_upgraded":["MasterSpark"]},{"damage_healed":0,"gold_gain":0,"player_choice":"Forge","damage_taken":0,"max_hp_gain":0,"max_hp_loss":0,"event_name":"Accursed Blacksmith","floor":8,"gold_loss":0,"cards_upgraded":["FairyDestructionRay"]},{"damage_healed":0,"gold_gain":0,"player_choice":"Take Damage","damage_taken":18,"relics_obtained":["Golden Idol"],"max_hp_gain":0,"max_hp_loss":0,"event_name":"Golden Idol","floor":11,"gold_loss":0},{"damage_healed":0,"gold_gain":0,"player_choice":"Success","damage_taken":18,"relics_obtained":["Replay:Arrowhead"],"max_hp_gain":0,"max_hp_loss":0,"event_name":"Scrap Ooze","floor":12,"gold_loss":0},{"cards_removed":["Defend_MRS"],"damage_healed":0,"gold_gain":0,"player_choice":"Offered Basic","damage_taken":0,"max_hp_gain":0,"max_hp_loss":0,"event_name":"Bonfire Elementals","floor":20,"gold_loss":0},{"damage_healed":0,"gold_gain":100,"player_choice":"Pray","damage_taken":0,"max_hp_gain":0,"max_hp_loss":0,"event_name":"Golden Shrine","floor":30,"gold_loss":0}],"is_beta":false,"boss_relics":[{"not_picked":["Coffee Dripper","halation:SmartPhone"],"picked":"hubris:Stopwatch"}],"items_purged_floors":[3],"is_endless":false,"potions_floor_spawned":[5,10,14,16,19,31],"killed_by":"Pondfish","ascension_level":0}}