{"host":"95wyl20yxqdpjbr6","time":1608659584,"event":{"mods":["2.2 Compatiblity","Act Like it!","BaseMod","Better Third Choice","BetterRewards","Colored Map","Conspire","Downfall","Gensokyo","Hallownest","Hermit","Highlight Path","Hubris","Infinite Spire","Jorbs\u0027s Wanderer Trilogy","Marisa????????","Minty Spire (QoL Compilation)","Rare Cards Sparkle","Replay The Spire","StSLib","The Construct","The Cursed","The Disciple","The Hierophant","The Runesmith"],"gold_per_floor":[111,111,111,111,129,168,168,212,235,183,183,207,220,240,240,360,360,380,404,425,448,448,448],"floor_reached":22,"playtime":2419,"items_purged":[],"score":323,"play_id":"131a4d9f-525b-4b5a-8bf5-620d83663bcd","local_time":"20201222185304","is_ascension_mode":false,"campfire_choices":[{"data":"hermit:PistolWhip","floor":7,"key":"SMITH"},{"data":"Pot Of Greed","floor":11,"key":"SMITH"},{"data":"Pot Of Greed","floor":15,"key":"SMITH"}],"circlet_count":0,"master_deck":["hermit:Strike_Hermit","hermit:Strike_Hermit","hermit:Strike_Hermit","hermit:Defend_Hermit","hermit:Defend_Hermit","hermit:Defend_Hermit","hermit:Snapshot","hermit:Covet","hermit:Dive","hermit:Ricochet","hermit:PistolWhip+1","hermit:LowProfile","hermit:Vantage","Pot Of Greed+1","Pot Of Greed+1","hermit:TrackingShot","hermit:CalledShot","hermit:BigShot","hermit:GhostlyPresence","hermit:SprayPray","hermit:Cheat","hermit:Quickdraw"],"relics":["hermit:Momento","ReplayTheSpireMod:TigerMarble","Golden Idol","Pear","Mummified Hand","Grinning Jar","ReplayTheSpireMod:DimensionalGlitch"],"acts_visited":["Exordium","TheCity"],"potions_floor_usage":[6,8,16,20],"damage_taken":[{"damage":0,"enemies":"Cultist","floor":1,"turns":3},{"damage":2,"enemies":"Small Slimes","floor":5,"turns":3},{"damage":0,"enemies":"Lagavulin","floor":6,"turns":5},{"damage":20,"enemies":"3 Sentries","floor":8,"turns":10},{"damage":0,"enemies":"2 Louse","floor":12,"turns":1},{"damage":0,"enemies":"Gremlin Gang","floor":13,"turns":4},{"damage":0,"enemies":"Red Slaver","floor":14,"turns":2},{"damage":42,"enemies":"Slime Boss","floor":16,"turns":12},{"damage":0,"enemies":"Shell Parasite","floor":18,"turns":4},{"damage":8,"enemies":"Spheric Guardian","floor":19,"turns":4},{"damage":8,"enemies":"Snecko","floor":20,"turns":7},{"damage":55,"enemies":"3 Cultists","floor":21,"turns":7},{"damage":14,"enemies":"Snake Plant","floor":22,"turns":3}],"seed_played":"7680513901932485345","potions_obtained":[{"floor":1,"key":"Fire Potion"},{"floor":5,"key":"SkillPotion"},{"floor":13,"key":"PowerPotion"},{"floor":16,"key":"BlessingOfTheForge"},{"floor":18,"key":"Elixir"}],"is_trial":false,"path_per_floor":["M","?","?","?","M","E","R","E","T","$","R","M","M","M","R","B",null,"M","M","M","M","M"],"character_chosen":"HERMIT","items_purchased":["ReplayTheSpireMod:TigerMarble","hermit:Ricochet","hermit:TrackingShot"],"campfire_rested":0,"item_purchase_floors":[0,0,10],"current_hp_per_floor":[75,75,57,57,63,73,73,53,53,53,53,53,53,53,53,11,85,85,77,69,14,0,0],"gold":448,"neow_bonus":"","is_daily":false,"chose_seed":false,"campfire_upgraded":3,"win_rate":0.0,"timestamp":1608659584,"path_taken":["M","?","?","?","?","E","R","E","T","?","R","M","M","?","R","BOSS","M","M","M","M","M"],"items_purchased_type":["Relic","Card","Card"],"build_version":"2020-12-13","purchased_purges":0,"victory":false,"max_hp_per_floor":[75,75,75,75,75,85,85,85,85,85,85,85,85,85,85,85,85,85,85,85,85,85,85],"card_choices":[{"not_picked":["hermit:FullyLoaded","hermit:Vantage"],"picked":"hermit:PistolWhip","floor":1},{"not_picked":["hermit:BodyArmor","hermit:CalledShot"],"picked":"hermit:LowProfile","floor":5},{"not_picked":["hermit:LowProfile","hermit:TakeAim"],"picked":"hermit:Vantage","floor":6},{"not_picked":["hermit:PistolWhip","hermit:Dive","hermit:HighNoon"],"picked":"SKIP","floor":8},{"not_picked":["hermit:Vantage","hermit:Feint","hermit:HoleUp"],"picked":"SKIP","floor":12},{"not_picked":["hermit:Quickdraw","hermit:Malice"],"picked":"hermit:CalledShot","floor":13},{"not_picked":["hermit:Headshot","hermit:Ricochet"],"picked":"hermit:BigShot","floor":14},{"not_picked":["hermit:Roulette","hermit:HoleUp"],"picked":"hermit:GhostlyPresence","floor":18},{"not_picked":["hermit:LowProfile","hermit:GoldenBullet"],"picked":"hermit:SprayPray","floor":19},{"not_picked":["hermit:FullyLoaded","hermit:Desperado"],"picked":"hermit:Cheat","floor":20},{"not_picked":["hermit:BodyArmor","hermit:Ricochet+1"],"picked":"hermit:Quickdraw","floor":21}],"player_experience":491939,"relics_obtained":[{"floor":6,"key":"Pear"},{"floor":8,"key":"Mummified Hand"},{"floor":9,"key":"Grinning Jar"}],"event_choices":[{"cards_removed":["hermit:Strike_Hermit"],"damage_healed":0,"gold_gain":0,"player_choice":"Forget","damage_taken":0,"max_hp_gain":0,"max_hp_loss":0,"event_name":"Living Wall","floor":2,"gold_loss":0},{"damage_healed":0,"gold_gain":0,"player_choice":"Take Damage","damage_taken":18,"relics_obtained":["Golden Idol"],"max_hp_gain":0,"max_hp_loss":0,"event_name":"Golden Idol","floor":3,"gold_loss":0},{"cards_removed":["hermit:Defend_Hermit"],"damage_healed":0,"gold_gain":0,"player_choice":"Purged","damage_taken":0,"max_hp_gain":0,"max_hp_loss":0,"event_name":"Purifier","floor":4,"gold_loss":0}],"is_beta":false,"boss_relics":[{"not_picked":["Fusion Hammer","hubris:BlackHole"],"picked":"ReplayTheSpireMod:DimensionalGlitch"}],"items_purged_floors":[],"is_endless":false,"potions_floor_spawned":[1,5,13,16,18],"killed_by":"Snake Plant","ascension_level":0}}