{"host":"lmshf3swj20gmdor","time":1608654626,"event":{"mods":["Aspiration","Astrologer","BaseMod","Conspire","Downfall","Hubris","Mad Scientist","Marisa????????","Minty Spire (QoL Compilation)","Replay The Spire","Spikes Relics","StSLib","Synergy Search","The Construct"],"gold_per_floor":[99,99,99,99,129,129,129,129,129,163,88,116,116,61,79,79,79,79],"floor_reached":16,"playtime":446,"items_purged":[],"score":183,"play_id":"4bc68505-f1cb-4523-a7f2-cc4f7b9f6db3","local_time":"20201222163026","is_ascension_mode":true,"campfire_choices":[{"floor":1,"key":"RECALL"},{"data":"Slimebound:SplitSpecialist","floor":11,"key":"SMITH"},{"floor":13,"key":"REST"}],"circlet_count":0,"master_deck":["AscendersBane","conspire:GhostlyStrike","conspire:GhostlyStrike","conspire:GhostlyStrike","Slimebound:Tackle","conspire:GhostlyDefend","conspire:GhostlyDefend","conspire:GhostlyDefend","conspire:GhostlyDefend","Slimebound:Split","Slimebound:CorrosiveSpit","Slimebound:SplitSpecialist","Slimebound:SamplingLick","sneckomod:Bewildered","Slimebound:SplitSpecialist+1","Slimebound:Nibble+1","Slimebound:RainOfGoop"],"relics":["Slimebound:AbsorbEndCombat","downfall:HeartsMalice","ReplayTheSpireMod:Ring of Challenge","ReplayTheSpireMod:Ring of Addiction","hubris:EmptyBottle","SacredBark","MiniBlackHole","Singing Bowl","Art of War","downfall:HeartBlessingRed","Molten Egg 2"],"acts_visited":["Exordium"],"potions_floor_usage":[10,12,16],"damage_taken":[{"damage":0,"enemies":"2 Louse","floor":2,"turns":1},{"damage":0,"enemies":"Small Slimes","floor":3,"turns":1},{"damage":0,"enemies":"Cultist","floor":9,"turns":1},{"damage":34,"enemies":"Gremlin Nob","floor":10,"turns":4},{"damage":23,"enemies":"3 Sentries","floor":12,"turns":6},{"damage":18,"enemies":"downfall:FleeingMerchant","floor":14,"turns":4},{"damage":12,"enemies":"Blue Slaver","floor":15,"turns":2},{"damage":76,"enemies":"downfall:Defect","floor":16,"turns":5}],"seed_played":"6097559062764026780","potions_obtained":[{"floor":4,"key":"Fire Potion"},{"floor":4,"key":"Weak Potion"},{"floor":12,"key":"Explosive Potion"}],"is_trial":false,"path_per_floor":["R","M","M","?","?","?","T","?","M","E","R","E","R","$","M","B"],"character_chosen":"SLIMEBOUND","items_purchased":["Slimebound:Nibble+1"],"campfire_rested":1,"item_purchase_floors":[14],"current_hp_per_floor":[54,54,54,54,54,54,54,54,54,38,38,29,47,55,63,0,0,0],"gold":79,"neow_bonus":"THREE_ENEMY_KILL","is_daily":false,"chose_seed":false,"campfire_upgraded":1,"win_rate":0.0,"timestamp":1608654626,"path_taken":["R","M","M","?","?","?","T","?","M","E","R","E","R","$","M","BOSS"],"items_purchased_type":["Card"],"build_version":"2020-12-13","purchased_purges":0,"victory":false,"max_hp_per_floor":[60,60,60,60,60,60,60,58,58,60,60,62,62,64,64,62,62,62],"card_choices":[{"not_picked":["Slimebound:LeechEnergy","Slimebound:BestDefense"],"picked":"Slimebound:SplitSpecialist","floor":2},{"not_picked":["Slimebound:SplitBruiser","Slimebound:SplitLeeching"],"picked":"Slimebound:SamplingLick","floor":3},{"not_picked":["Slimebound:Equalize","Slimebound:SplitLeeching"],"picked":"Slimebound:SplitSpecialist","floor":9},{"not_picked":["Slimebound:Nibble","Slimebound:ForwardTackle","Slimebound:FinishingTackle"],"picked":"Singing Bowl","floor":10},{"not_picked":["Slimebound:FinishingTackle+1","Slimebound:Schlurp","Slimebound:HungryTackle+1"],"picked":"Singing Bowl","floor":12},{"not_picked":["Slimebound:SlimeSpikes","Slimebound:PressTheAttack+1","Slimebound:SplitMire"],"picked":"Singing Bowl","floor":14},{"not_picked":["Slimebound:Nibble+1","Slimebound:SplitLeeching"],"picked":"Slimebound:RainOfGoop","floor":15}],"player_experience":858858,"relics_obtained":[{"floor":4,"key":"ReplayTheSpireMod:Ring of Challenge"},{"floor":4,"key":"ReplayTheSpireMod:Ring of Addiction"},{"floor":4,"key":"hubris:EmptyBottle"},{"floor":4,"key":"SacredBark"},{"floor":7,"key":"Singing Bowl"},{"floor":10,"key":"Art of War"},{"floor":12,"key":"Molten Egg 2"}],"event_choices":[{"damage_healed":0,"gold_gain":0,"player_choice":"Leave","damage_taken":0,"max_hp_gain":0,"max_hp_loss":0,"event_name":"conspire:Investor","floor":6,"gold_loss":0},{"damage_healed":0,"gold_gain":0,"player_choice":"Agree","damage_taken":0,"max_hp_gain":0,"max_hp_loss":0,"event_name":"conspire:LoneGhost","floor":8,"gold_loss":0}],"is_beta":false,"boss_relics":[],"items_purged_floors":[],"is_endless":false,"potions_floor_spawned":[12,15],"killed_by":"downfall:Defect","ascension_level":11}}