{"host":"709gjpjg43u3i5a8","time":1608601176,"event":{"mods":["BaseMod","Colored Map","Colored Powertips","Downfall","Hermit","Hubris","Infinite Spire","Marisa????????","Minty Spire (QoL Compilation)","Remilia??????","StSLib","Td1madao Mod","The Animator","The Bug Knight","The Cursed","The Disciple","The Hierophant","The Jungle","The Servant 0.9.4"],"gold_per_floor":[111,111,111,141,141,169,179,216,216,216,262,57,85,119,119,249,249,242,286,286,299,328,334,334],"floor_reached":23,"playtime":1972,"items_purged":[],"score":236,"play_id":"32cc8943-1ba4-48ae-b118-ecfadda0d395","local_time":"20201221183936","is_ascension_mode":false,"campfire_choices":[{"data":"animator:Chris","floor":10,"key":"SMITH"},{"data":"animator:Eve","floor":15,"key":"SMITH"}],"circlet_count":0,"master_deck":["animator:Strike_Konosuba","animator:Defend_Konosuba","animator:Strike","animator:Strike","animator:Strike","animator:Defend","animator:Defend","animator:Defend","animator:Kazuma+1","animator:Aqua","animator:ElricAlphonse+1","animator:Mitsurugi","animator:Mitsurugi","animator:Chris+1","animator:Verdia","animator:Eve+1","animator:Megumin+6","animator:HigakiRinne","animator:Emonzaemon"],"relics":["animator:LivingPicture","animator:TheMissingPiece","NeowsBlessing","hubris:MysteriousPyramids","White Beast Statue","Pantograph","Eternal Feather","hubris:OldNail","hubris:Backtick","The Courier","Red Mask"],"acts_visited":["Exordium","TheCity"],"potions_floor_usage":[11,18,18,19,23,23,23],"damage_taken":[{"damage":0,"enemies":"Jaw Worm","floor":1,"turns":1},{"damage":0,"enemies":"Small Slimes","floor":4,"turns":1},{"damage":0,"enemies":"Lagavulin","floor":6,"turns":1},{"damage":0,"enemies":"Cultist","floor":7,"turns":4},{"damage":17,"enemies":"3 Sentries","floor":8,"turns":8},{"damage":1,"enemies":"Gremlin Nob","floor":11,"turns":3},{"damage":8,"enemies":"Red Slaver","floor":13,"turns":3},{"damage":0,"enemies":"2 Fungi Beasts","floor":14,"turns":3},{"damage":43,"enemies":"Slime Boss","floor":16,"turns":13},{"damage":13,"enemies":"2 Thieves","floor":18,"turns":4},{"damage":35,"enemies":"Masked Bandits","floor":19,"turns":5},{"damage":0,"enemies":"Spheric Guardian","floor":21,"turns":3},{"damage":39,"enemies":"3 Cultists","floor":22,"turns":5},{"damage":16,"enemies":"Slavers","floor":23,"turns":3}],"seed_played":"-9193380396199583541","potions_obtained":[{"floor":4,"key":"DistilledChaos"},{"floor":6,"key":"animator:FalseLifePotion"},{"floor":11,"key":"ColorlessPotion"},{"floor":13,"key":"Ancient Potion"},{"floor":14,"key":"Block Potion"},{"floor":16,"key":"infinitespire:BlackPotion"},{"floor":18,"key":"hexamod:EctoCoolerPotion"},{"floor":19,"key":"champ:CounterPotion"},{"floor":21,"key":"LiquidBronze"},{"floor":22,"key":"Energy Potion"}],"is_trial":false,"path_per_floor":["M","?","?","M","?","E","M","E","T","R","E","$","M","M","R","B",null,"M","?","?","M","M","E"],"character_chosen":"THE_ANIMATOR","items_purchased":["animator:Verdia","hubris:OldNail"],"campfire_rested":0,"item_purchase_floors":[12,12],"current_hp_per_floor":[66,66,66,66,66,66,67,52,52,52,53,53,47,49,58,24,67,56,23,45,47,10,0,0],"gold":334,"neow_bonus":"THREE_ENEMY_KILL","is_daily":false,"chose_seed":false,"campfire_upgraded":2,"win_rate":0.0,"timestamp":1608601176,"path_taken":["M","?","?","M","?","E","?","E","T","R","E","?","M","M","R","BOSS","M","?","?","M","?","E"],"items_purchased_type":["Card","Relic"],"build_version":"2020-12-13","purchased_purges":0,"victory":false,"max_hp_per_floor":[66,66,66,66,66,66,67,67,67,67,67,67,67,67,67,67,67,67,67,67,67,67,67,67],"card_choices":[{"not_picked":["animator:MaesHughes","animator:OrikoMikuni"],"picked":"animator:ElricAlphonse","floor":1},{"not_picked":["animator:MaesHughes","animator:Ain"],"picked":"animator:Mitsurugi","floor":4},{"not_picked":["animator:RinTohsaka","animator:MamiTomoe"],"picked":"animator:Mitsurugi","floor":6},{"not_picked":["animator:Vanir","animator:Aqua"],"picked":"animator:Chris","floor":7},{"not_picked":["animator:RinTohsaka","animator:Gluttony","animator:MamiTomoe"],"picked":"SKIP","floor":8},{"not_picked":["animator:MamiTomoe","animator:MaesHughes","animator:Rider"],"picked":"SKIP","floor":11},{"not_picked":["animator:Ciel","animator:Hitei"],"picked":"animator:Eve","floor":13},{"not_picked":["animator:Aqua","animator:Vanir"],"picked":"animator:Megumin","floor":14},{"not_picked":["animator:Elesis","animator:MadokaKaname"],"picked":"animator:HigakiRinne","floor":16},{"not_picked":["animator:Assassin+1","animator:Lancer","animator:Azekura"],"picked":"SKIP","floor":18},{"not_picked":["animator:WinryRockbell","animator:Illya"],"picked":"animator:Emonzaemon","floor":21},{"not_picked":["animator:ElricEdward","animator:KyokoSakura","animator:SayakaMiki"],"picked":"SKIP","floor":22}],"player_experience":362457,"relics_obtained":[{"floor":6,"key":"hubris:MysteriousPyramids"},{"floor":8,"key":"White Beast Statue"},{"floor":9,"key":"Pantograph"},{"floor":11,"key":"Eternal Feather"},{"floor":19,"key":"Red Mask"}],"event_choices":[{"damage_healed":0,"gold_gain":0,"player_choice":"Upgraded","damage_taken":0,"max_hp_gain":0,"max_hp_loss":0,"event_name":"Upgrade Shrine","floor":5,"gold_loss":0,"cards_upgraded":["animator:Kazuma"]},{"damage_healed":0,"gold_gain":0,"player_choice":"Fought Bandits","damage_taken":0,"max_hp_gain":0,"max_hp_loss":0,"event_name":"Masked Bandits","floor":19,"gold_loss":0},{"damage_healed":22,"gold_gain":0,"player_choice":"Heal","damage_taken":0,"max_hp_gain":0,"max_hp_loss":0,"event_name":"The Library","floor":20,"gold_loss":0}],"is_beta":false,"boss_relics":[{"not_picked":["SlaversCollar","hubris:BlackHole"],"picked":"hubris:Backtick"}],"items_purged_floors":[],"is_endless":false,"potions_floor_spawned":[4,6,11,13,14,16,18,19,21,22],"killed_by":"Slavers","ascension_level":0}}