{"host":"5fasz840ryq7obdf","time":1608674181,"event":{"mods":["AchievementEnabler","BaseMod","Bestiary","Better Altar","Better Skull","Better Third Choice","BetterRewards","Block Reminder","Colored Powertips","Curses Come First","Minty Spire (QoL Compilation)","Quick Restart","Relic Stats","Shop Mod","Spicy Shops","StSLib"],"gold_per_floor":[134,409,444,7,37,86,116,116,116,147,181,216,216,77,77,150,150,164,0,0,0,37,90,90,110,182,20,48,84,140,181,181,181,181],"floor_reached":33,"playtime":2466,"items_purged":["Regret"],"score":1114,"play_id":"98ee649f-b959-476b-a50d-f727a711a7de","local_time":"20201222215621","is_ascension_mode":true,"campfire_choices":[{"floor":8.0,"key":"REST"},{"floor":13.0,"key":"REST"},{"data":"Eruption","floor":15.0,"key":"SMITH"},{"floor":24.0,"key":"REST"},{"floor":32,"key":"REST"}],"circlet_count":0,"master_deck":["AscendersBane","Strike_P","Strike_P","Strike_P","Strike_P+1","Defend_P","Defend_P","Defend_P","Defend_P","Eruption+1","Vigilance","WreathOfFlame","CrushJoints","Protect","HandOfGreed","FlurryOfBlows+1","EmptyMind","Study","EmptyBody","ClearTheMind","LessonLearned+1","FlurryOfBlows","Halt","Consecrate","Judgement","Doubt","ConjureBlade","FlurryOfBlows+1","Meditate","CrushJoints","ClearTheMind","Protect","Omniscience","ReachHeaven","WreathOfFlame","FlyingSleeves","Brilliance"],"relics":["PureWater","Tiny Chest","Bird Faced Urn","Gremlin Horn","HandDrill","Damaru","Matryoshka","PreservedInsect","Letter Opener","Girya","Bag of Marbles","Peace Pipe","TeardropLocket","Torii","Vajra","Velvet Choker","OrangePellets","Anchor","Ornamental Fan","Ginger","Darkstone Periapt","Bottled Tornado","CeramicFish"],"acts_visited":["Exordium","TheCity"],"potions_floor_usage":[],"damage_taken":[{"damage":2.0,"enemies":"Jaw Worm","floor":1.0,"turns":4.0},{"damage":0.0,"enemies":"Cultist","floor":3.0,"turns":1.0},{"damage":10.0,"enemies":"2 Louse","floor":5.0,"turns":4.0},{"damage":0.0,"enemies":"Gremlin Nob","floor":6.0,"turns":1.0},{"damage":2.0,"enemies":"Large Slime","floor":7.0,"turns":4.0},{"damage":5.0,"enemies":"Lagavulin","floor":10.0,"turns":3.0},{"damage":2.0,"enemies":"Gremlin Gang","floor":11.0,"turns":3.0},{"damage":5.0,"enemies":"Gremlin Nob","floor":12.0,"turns":3.0},{"damage":0.0,"enemies":"Slime Boss","floor":16.0,"turns":5.0},{"damage":24.0,"enemies":"2 Thieves","floor":18.0,"turns":4.0},{"damage":15.0,"enemies":"3 Byrds","floor":22.0,"turns":4.0},{"damage":0.0,"enemies":"Slavers","floor":23.0,"turns":5.0},{"damage":18.0,"enemies":"Snake Plant","floor":25.0,"turns":3.0},{"damage":0.0,"enemies":"Gremlin Leader","floor":28.0,"turns":2.0},{"damage":13.0,"enemies":"Chosen and Byrds","floor":29.0,"turns":5.0},{"damage":8.0,"enemies":"Book of Stabbing","floor":30.0,"turns":3.0},{"damage":23,"enemies":"Centurion and Healer","floor":31,"turns":5},{"damage":58,"enemies":"Automaton","floor":33,"turns":6}],"seed_played":"-8048118469234777568","potions_obtained":[{"floor":3.0,"key":"SneckoOil"},{"floor":6.0,"key":"SteroidPotion"},{"floor":12.0,"key":"FearPotion"},{"floor":18.0,"key":"FairyPotion"},{"floor":25.0,"key":"LiquidBronze"},{"floor":31,"key":"FearPotion"}],"is_trial":false,"path_per_floor":["M","?","M","$","M","E","M","R","T","E","M","E","R","$","R","B",null,"M","$","T","?","M","E","R","M","T","$","E","M","E","M","R","B"],"character_chosen":"WATCHER","items_purchased":["Tiny Chest","WreathOfFlame","CrushJoints","Protect","Bird Faced Urn","Gremlin Horn","HandDrill","HandOfGreed","Damaru","Matryoshka","FlurryOfBlows","EmptyMind","Study","PreservedInsect","Letter Opener","Vajra","OrangePellets","Omniscience"],"campfire_rested":4,"item_purchase_floors":[0,0,0,0,0,0,0,0,0,0,0,0,0,4,4,14,19,27],"current_hp_per_floor":[17,17,17,17,9,9,7,27,27,22,20,17,37,37,37,39,61,37,37,37,37,22,22,42,24,24,24,24,13,7,7,27,0,0],"gold":181,"neow_bonus":"","is_daily":false,"chose_seed":false,"campfire_upgraded":1,"win_rate":0.0,"timestamp":1608674181,"path_taken":["M","?","M","$","M","E","?","R","T","E","?","E","R","$","R","BOSS","M","$","?","?","M","E","R","M","T","$","E","M","E","M","R","BOSS"],"items_purchased_type":["Relic","Card","Card","Card","Relic","Relic","Relic","Card","Relic","Relic","Card","Card","Card","Relic","Relic","Relic","Relic","Card"],"build_version":"2020-12-13","purchased_purges":1,"victory":false,"max_hp_per_floor":[68,68,68,68,68,68,68,68,68,68,68,68,68,68,68,68,68,68,68,68,68,68,68,68,68,68,68,68,68,68,68,68,68,68],"relic_stats":{"Darkstone Periapt":0,"Gremlin Horn":[38,33],"Torii":13,"counters":[259,1093],"CeramicFish":18,"PreservedInsect":205,"Letter Opener":[1090],"Ginger":[2],"Peace Pipe":1,"OrangePellets":[28],"Ornamental Fan":[52],"Bird Faced Urn":[120],"Tiny Chest":1,"HandDrill":[18],"obtain_stats":[{"Whetstone":31,"Ginger":23,"Bottled Tornado":47,"Boot":47,"Sling":5,"Old Coin":5,"Blood Vial":24,"Sundial":42,"MealTicket":11,"HandDrill":0,"Kunai":0,"Pear":54,"Blue Candle":31,"Velvet Choker":17,"Eternal Feather":8,"Pen Nib":6,"Akabeko":9,"SlaversCollar":17,"Bird Faced Urn":0,"Unceasing Top":23,"Regal Pillow":25,"Lantern":9,"Singing Bowl":23,"Torii":12,"StoneCalendar":0,"Bag of Preparation":47,"Ancient Tea Set":20,"Smiling Mask":40,"Shovel":17,"Matryoshka":0,"Toolbox":0,"WingedGreaves":36,"InkBottle":31,"Potion Belt":0,"Lee\u0027s Waffle":0,"NeowsBlessing":0,"Golden Idol":10,"Damaru":22,"Thread and Needle":6,"PreservedInsect":47,"betterThird:NestCultRelic":19,"The Courier":41,"Omamori":40,"Frozen Egg 2":48,"MawBank":28,"Ornamental Fan":28,"Bloody Idol":21,"Orrery":0,"Turnip":40,"Art of War":26,"Bottled Lightning":43,"Toy Ornithopter":11,"Ice Cream":47,"Calipers":0,"Gremlin Horn":0,"CeramicFish":34,"Vajra":43,"Sozu":34,"Centennial Puzzle":39,"Lizard Tail":36,"HornCleat":43,"DollysMirror":36,"Strawberry":24,"Philosopher\u0027s Stone":34,"Prayer Wheel":31,"Toxic Egg 2":8,"Girya":47,"Happy Flower":38,"Astrolabe":17,"Dead Branch":14,"Oddly Smooth Stone":6,"Letter Opener":6,"War Paint":44,"Question Card":17,"Du-Vu Doll":27,"OrangePellets":0,"Bottled Flame":47,"Shuriken":0,"Bronze Scales":37,"Molten Egg 2":14,"Black Star":17,"Meat on the Bone":0,"Pocketwatch":17,"Darkstone Periapt":25,"Mango":43,"Yang":0,"Incense Burner":17,"Juzu Bracelet":23,"TeardropLocket":42,"Empty Cage":17,"Nunchaku":4,"Dream Catcher":29,"TheAbacus":20,"Mummified Hand":26,"Gambling Chip":8,"Pantograph":34,"Tiny Chest":8,"Red Mask":44,"Runic Pyramid":17,"Orichalcum":9,"White Beast Statue":9,"Mercury Hourglass":28,"Calling Bell":34,"Peace Pipe":21,"Cauldron":2,"Strange Spoon":5,"Anchor":22,"CaptainsWheel":48,"HolyWater":34,"Bag of Marbles":46,"Membership Card":0,"PureWater":0,"TungstenRod":0},{"Whetstone":62,"Ginger":253,"Bottled Tornado":186,"Boot":71,"Sling":76,"Old Coin":105,"Blood Vial":35,"Sundial":70,"MealTicket":30,"HandDrill":23,"Kunai":47,"Pear":189,"Blue Candle":15,"Velvet Choker":250,"Eternal Feather":52,"Pen Nib":27,"Akabeko":4,"SlaversCollar":171,"Bird Faced Urn":23,"Unceasing Top":85,"Regal Pillow":36,"Lantern":52,"Singing Bowl":35,"Torii":249,"StoneCalendar":130,"Bag of Preparation":71,"Ancient Tea Set":112,"Smiling Mask":182,"Shovel":223,"Matryoshka":241,"Toolbox":73,"WingedGreaves":153,"InkBottle":231,"Potion Belt":23,"Lee\u0027s Waffle":102,"NeowsBlessing":0,"Golden Idol":167,"Damaru":34,"Thread and Needle":136,"PreservedInsect":21,"betterThird:NestCultRelic":112,"The Courier":122,"Omamori":20,"Frozen Egg 2":158,"MawBank":60,"Ornamental Fan":87,"Bloody Idol":57,"Orrery":130,"Turnip":43,"Art of War":36,"Bottled Lightning":237,"Toy Ornithopter":53,"Ice Cream":71,"Calipers":130,"Gremlin Horn":102,"CeramicFish":40,"Vajra":70,"Sozu":151,"Centennial Puzzle":42,"Lizard Tail":120,"HornCleat":44,"DollysMirror":41,"Strawberry":12,"Philosopher\u0027s Stone":16,"Prayer Wheel":89,"Toxic Egg 2":29,"Girya":127,"Happy Flower":18,"Astrolabe":32,"Dead Branch":198,"Oddly Smooth Stone":77,"Letter Opener":3,"War Paint":45,"Question Card":55,"Du-Vu Doll":147,"OrangePellets":130,"Bottled Flame":186,"Shuriken":130,"Bronze Scales":92,"Molten Egg 2":6,"Black Star":82,"Meat on the Bone":23,"Pocketwatch":142,"Darkstone Periapt":59,"Mango":20,"Yang":73,"Incense Burner":55,"Juzu Bracelet":202,"TeardropLocket":156,"Empty Cage":7,"Nunchaku":1,"Dream Catcher":38,"TheAbacus":57,"Mummified Hand":12,"Gambling Chip":4,"Pantograph":40,"Tiny Chest":107,"Red Mask":20,"Runic Pyramid":111,"Orichalcum":29,"White Beast Statue":167,"Mercury Hourglass":14,"Calling Bell":40,"Peace Pipe":225,"Cauldron":133,"Strange Spoon":165,"Anchor":57,"CaptainsWheel":214,"HolyWater":63,"Bag of Marbles":71,"Membership Card":23,"PureWater":0,"TungstenRod":47},{"Whetstone":265,"Ginger":1069,"Bottled Tornado":809,"Boot":312,"Sling":329,"Old Coin":452,"Blood Vial":136,"Sundial":307,"MealTicket":111,"HandDrill":89,"Kunai":199,"Pear":824,"Blue Candle":52,"Velvet Choker":1056,"Eternal Feather":215,"Pen Nib":100,"Akabeko":12,"SlaversCollar":748,"Bird Faced Urn":89,"Unceasing Top":360,"Regal Pillow":142,"Lantern":215,"Singing Bowl":136,"Torii":1051,"StoneCalendar":563,"Bag of Preparation":312,"Ancient Tea Set":476,"Smiling Mask":791,"Shovel":945,"Matryoshka":1028,"Toolbox":320,"WingedGreaves":664,"InkBottle":977,"Potion Belt":89,"Lee\u0027s Waffle":444,"NeowsBlessing":0,"Golden Idol":731,"Damaru":133,"Thread and Needle":577,"PreservedInsect":82,"betterThird:NestCultRelic":476,"The Courier":517,"Omamori":77,"Frozen Egg 2":694,"MawBank":250,"Ornamental Fan":368,"Bloody Idol":235,"Orrery":563,"Turnip":176,"Art of War":142,"Bottled Lightning":1007,"Toy Ornithopter":219,"Ice Cream":312,"Calipers":563,"Gremlin Horn":444,"CeramicFish":163,"Vajra":307,"Sozu":655,"Centennial Puzzle":171,"Lizard Tail":507,"HornCleat":183,"DollysMirror":168,"Strawberry":43,"Philosopher\u0027s Stone":59,"Prayer Wheel":377,"Toxic Egg 2":107,"Girya":541,"Happy Flower":65,"Astrolabe":123,"Dead Branch":868,"Oddly Smooth Stone":333,"Letter Opener":3,"War Paint":188,"Question Card":227,"Du-Vu Doll":628,"OrangePellets":563,"Bottled Flame":809,"Shuriken":563,"Bronze Scales":392,"Molten Egg 2":20,"Black Star":347,"Meat on the Bone":89,"Pocketwatch":600,"Darkstone Periapt":245,"Mango":77,"Yang":320,"Incense Burner":227,"Juzu Bracelet":890,"TeardropLocket":683,"Empty Cage":27,"Nunchaku":1,"Dream Catcher":152,"TheAbacus":235,"Mummified Hand":43,"Gambling Chip":12,"Pantograph":163,"Tiny Chest":459,"Red Mask":77,"Runic Pyramid":473,"Orichalcum":107,"White Beast Statue":731,"Mercury Hourglass":50,"Calling Bell":163,"Peace Pipe":951,"Cauldron":569,"Strange Spoon":725,"Anchor":235,"CaptainsWheel":911,"HolyWater":272,"Bag of Marbles":312,"Membership Card":89,"PureWater":0,"TungstenRod":199}]},"card_choices":[{"not_picked":["PathToVictory","JustLucky"],"picked":"EmptyBody","floor":1.0},{"not_picked":["ThirdEye","Fasting2"],"picked":"ClearTheMind","floor":3.0},{"not_picked":["ThirdEye","Halt"],"picked":"LessonLearned","floor":5.0},{"not_picked":["Study","InnerPeace"],"picked":"FlurryOfBlows","floor":6.0},{"not_picked":["SashWhip","JustLucky"],"picked":"Halt","floor":7.0},{"not_picked":["FollowUp","BowlingBash","WindmillStrike"],"picked":"SKIP","floor":10.0},{"not_picked":["EmptyBody","Protect"],"picked":"Consecrate","floor":11.0},{"not_picked":["EmptyBody","BattleHymn"],"picked":"Judgement","floor":12.0},{"not_picked":["SpiritShield","Brilliance"],"picked":"ConjureBlade","floor":16.0},{"not_picked":["WheelKick","SashWhip+1"],"picked":"FlurryOfBlows+1","floor":18.0},{"not_picked":["ThirdEye+1","FollowUp"],"picked":"CrushJoints","floor":22.0},{"not_picked":["SashWhip","InnerPeace"],"picked":"ClearTheMind","floor":23.0},{"not_picked":["FearNoEvil","Halt"],"picked":"Protect","floor":25.0},{"not_picked":["EmptyMind","ThirdEye"],"picked":"ReachHeaven","floor":28.0},{"not_picked":["CrushJoints","Crescendo"],"picked":"WreathOfFlame","floor":29.0},{"not_picked":["Nirvana","Meditate"],"picked":"FlyingSleeves","floor":30.0},{"not_picked":["JustLucky","Collect"],"picked":"Brilliance","floor":31}],"player_experience":952656,"relics_obtained":[{"floor":6.0,"key":"Girya"},{"floor":9.0,"key":"Bag of Marbles"},{"floor":9.0,"key":"Peace Pipe"},{"floor":10.0,"key":"TeardropLocket"},{"floor":12.0,"key":"Torii"},{"floor":20.0,"key":"Anchor"},{"floor":20.0,"key":"Ornamental Fan"},{"floor":23.0,"key":"Ginger"},{"floor":26.0,"key":"Darkstone Periapt"},{"floor":28.0,"key":"Bottled Tornado"},{"floor":30.0,"key":"CeramicFish"}],"event_choices":[{"damage_healed":0.0,"max_hp_gain":0.0,"max_hp_loss":0.0,"gold_gain":275.0,"event_name":"Golden Shrine","player_choice":"Desecrate","floor":2.0,"gold_loss":0.0,"damage_taken":0.0,"cards_obtained":["Regret"]},{"damage_healed":0.0,"max_hp_gain":0.0,"max_hp_loss":0.0,"gold_gain":0.0,"event_name":"The Library","player_choice":"Read","floor":21.0,"gold_loss":0.0,"damage_taken":0.0,"cards_obtained":["Meditate"]}],"is_beta":false,"boss_relics":[{"not_picked":["SacredBark","Busted Crown"],"picked":"Velvet Choker"}],"items_purged_floors":[14],"is_endless":false,"potions_floor_spawned":[3,6,12,18,25,31],"killed_by":"Automaton","ascension_level":17}}