{"host":"lmshf3swj20gmdor","time":1608653326,"event":{"mods":["Aspiration","Astrologer","BaseMod","Conspire","Downfall","Hubris","Mad Scientist","Marisa????????","Minty Spire (QoL Compilation)","Replay The Spire","Spikes Relics","StSLib","Synergy Search","The Construct"],"gold_per_floor":[111,81,94,114,91,125,125,150,175,190,205,225,225,245,245,345,345,360,375,411,411,426,426,426],"floor_reached":23,"playtime":582,"items_purged":[],"score":302,"play_id":"13f3ec14-e060-45a9-9a20-e7dcd40617b0","local_time":"20201222160846","is_ascension_mode":true,"campfire_choices":[{"data":"Genetic Algorithm","floor":7,"key":"SMITH"},{"floor":13,"key":"REST"},{"floor":15,"key":"REST"}],"circlet_count":0,"master_deck":["Strike_B","Strike_B","Strike_B","Defend_B","Defend_B","Defend_B","Defend_B","Zap","Dualcast","Genetic Algorithm+1","Gash","Gash","Go for the Eyes","Rip and Tear","Gash","Gash","Go for the Eyes","Beam Cell+1","Self Repair"],"relics":["Cracked Core","NeowsBlessing","Pear","hubris:GlazedTorus","ReplayFunnel","construct:WeddingRing","Replay:Accelerometer"],"acts_visited":["Exordium","TheCity"],"potions_floor_usage":[10,20,22],"damage_taken":[{"damage":0,"enemies":"Small Slimes","floor":1,"turns":1},{"damage":0,"enemies":"Cultist","floor":3,"turns":1},{"damage":0,"enemies":"Jaw Worm","floor":4,"turns":1},{"damage":15,"enemies":"Replay:BlueRogue","floor":6,"turns":6},{"damage":36,"enemies":"Lagavulin","floor":8,"turns":6},{"damage":0,"enemies":"Large Slime","floor":10,"turns":4},{"damage":6,"enemies":"Looter","floor":11,"turns":3},{"damage":13,"enemies":"Exordium Thugs","floor":12,"turns":4},{"damage":8,"enemies":"Blue Slaver","floor":14,"turns":3},{"damage":25,"enemies":"The Guardian","floor":16,"turns":9},{"damage":0,"enemies":"Spheric Guardian","floor":18,"turns":3},{"damage":0,"enemies":"Shell Parasite","floor":19,"turns":4},{"damage":39,"enemies":"conspire:MimicChest","floor":20,"turns":6},{"damage":19,"enemies":"Centurion and Healer","floor":22,"turns":5},{"damage":12,"enemies":"Book of Stabbing","floor":23,"turns":2}],"seed_played":"7938170862183855933","potions_obtained":[{"floor":1,"key":"FearPotion"},{"floor":2,"key":"champ:CounterPotion"},{"floor":2,"key":"AttackPotion"},{"floor":3,"key":"ColorlessPotion"},{"floor":14,"key":"SpeedPotion"},{"floor":20,"key":"FearPotion"},{"floor":22,"key":"champ:CounterPotion"}],"is_trial":false,"path_per_floor":["M","?","M","M","$","E","R","E","T","M","M","M","R","M","R","B",null,"M","M","?","?","M","E"],"character_chosen":"DEFECT","items_purchased":["Go for the Eyes"],"campfire_rested":2,"item_purchase_floors":[5],"current_hp_per_floor":[68,68,68,68,68,63,63,27,27,27,21,8,33,25,50,25,70,70,70,31,31,12,0,0],"gold":426,"neow_bonus":"THREE_ENEMY_KILL","is_daily":false,"chose_seed":false,"campfire_upgraded":1,"win_rate":0.0,"timestamp":1608653326,"path_taken":["M","?","M","M","$","E","R","E","T","M","?","M","R","M","R","BOSS","M","M","?","?","?","E"],"items_purchased_type":["Card"],"build_version":"2020-12-13","purchased_purges":0,"victory":false,"max_hp_per_floor":[75,75,75,75,75,85,85,85,85,85,85,85,85,85,85,85,85,85,85,85,85,85,85,85],"card_choices":[{"not_picked":["Sweeping Beam","Leap"],"picked":"Genetic Algorithm","floor":1},{"not_picked":["Cold Snap","ReplayGash"],"picked":"Gash","floor":3},{"not_picked":["Steam Power","Barrage"],"picked":"Gash","floor":4},{"not_picked":["Streamline","BootSequence","Steam Power"],"picked":"SKIP","floor":6},{"not_picked":["Force Field","Tempest","Barrage"],"picked":"SKIP","floor":8},{"not_picked":["Conserve Battery","Redo"],"picked":"Rip and Tear","floor":10},{"not_picked":["Meteor Strike","Glacier","DiskWipe"],"picked":"SKIP","floor":11},{"not_picked":["Leap","ReplayTheSpireMod:Dual Polarity"],"picked":"Gash","floor":12},{"not_picked":["Cold Snap","BasicCrystalCard"],"picked":"Gash","floor":14},{"not_picked":["Crystallizer+1","Panic Button","Coolheaded+1"],"picked":"SKIP","floor":18},{"not_picked":["BasicCrystalCard+1","Panic Button"],"picked":"Go for the Eyes","floor":19},{"not_picked":["Loop+1","ReplayTheSpireMod:Dual Polarity+1"],"picked":"Beam Cell+1","floor":20},{"not_picked":["Chaos+1","Consume"],"picked":"Self Repair","floor":22}],"player_experience":857554,"relics_obtained":[{"floor":6,"key":"Pear"},{"floor":8,"key":"hubris:GlazedTorus"},{"floor":9,"key":"ReplayFunnel"},{"floor":20,"key":"Replay:Accelerometer"}],"event_choices":[{"damage_healed":0,"gold_gain":0,"player_choice":"Bought 2 Potions","damage_taken":0,"max_hp_gain":0,"max_hp_loss":0,"event_name":"The Woman in Blue","floor":2,"gold_loss":0},{"cards_removed":["Strike_B"],"damage_healed":0,"gold_gain":0,"player_choice":"Offered Basic","damage_taken":0,"max_hp_gain":0,"max_hp_loss":0,"event_name":"Bonfire Elementals","floor":21,"gold_loss":0}],"is_beta":false,"boss_relics":[{"not_picked":["Coffee Dripper","aspiration:SilentSkillbook"],"picked":"construct:WeddingRing"}],"items_purged_floors":[],"is_endless":false,"potions_floor_spawned":[1,3,8,14,20,22],"killed_by":"Book of Stabbing","ascension_level":7}}