{"host":"4a6fro0of1ie0h2w","time":1608664896,"event":{"mods":["Aspiration","BaseMod","CCEM","Colored Map","Conspire","Downfall","GifTheSpireLib","Halation","Highlight Path","Hubris","Infinite Spire","Marisa????????","Minty Spire (QoL Compilation)","Permanent Neow","Replay The Spire","StSLib","Stuff the Spire","The Servant 0.9.4"],"gold_per_floor":[99,115,135,135,155,185,185,285,300,174,204,204,235,235,247,344,344,344,358,374,385,38,38,85,100,100,100,100],"floor_reached":27,"playtime":2094,"items_purged":["ReplayTheSpireMod:Doomed","Injury"],"score":275,"play_id":"3b7befaa-75e0-477c-bfc4-cfbd0c4cc5c5","local_time":"20201222212135","is_ascension_mode":false,"campfire_choices":[{"data":"sneckomod:UnlimitedRolls","floor":12,"key":"SMITH"},{"floor":18,"key":"RECALL"}],"circlet_count":0,"master_deck":["champ:BerserkerStyle+1","sneckomod:Strike","sneckomod:Strike","sneckomod:Defend","sneckomod:Defend","sneckomod:Defend","sneckomod:TailWhip","sneckomod:SnekBite","sneckomod:Unknown","sneckomod:Unknown","expansioncontent:ChargeUp","sneckomod:UnknownBlock","sneckomod:UnknownClassSILVER","sneckomod:UnknownStrike","sneckomod:UnknownExhaust+1","sneckomod:UnknownStrike","sneckomod:UnlimitedRolls+1","sneckomod:UnknownClassGREEN+1","sneckomod:Unknown1Cost+1","sneckomod:UnknownClassHEXA_GHOST_PURPLE+1","expansioncontent:Collect","sneckomod:UnknownCommonSkill+1","sneckomod:UnknownCommonAttack","sneckomod:Nope+1","sneckomod:UnknownUncommonPower","sneckomod:Nope+1","sneckomod:SerpentMind+1","sneckomod:Unknown0Cost+1","sneckomod:SoulExchange+1","sneckomod:WideSting","sneckomod:CheapStock","sneckomod:Unknown1Cost+1","sneckomod:WideSting","sneckomod:UnknownRarePower","sneckomod:UnknownRareAttack","sneckomod:SoulDraw+1","sneckomod:Unknown1Cost+1"],"relics":["sneckomod:SneckoSoul","Toxic Egg 2","Pet Ghost","downfall:GremlinSack","infinitespire:Broken Mirror","Sozu","conspire:DeflatedDodgeball","MealTicket"],"acts_visited":["Exordium","TheCity"],"potions_floor_usage":[6,8,15,16,16,19],"damage_taken":[{"damage":8,"enemies":"Cultist","floor":2,"turns":3},{"damage":18,"enemies":"Small Slimes","floor":3,"turns":4},{"damage":16,"enemies":"infinitespire:Voidling","floor":5,"turns":2},{"damage":32,"enemies":"Lagavulin","floor":6,"turns":6},{"damage":21,"enemies":"Lagavulin","floor":8,"turns":4},{"damage":21,"enemies":"Blue Slaver","floor":9,"turns":3},{"damage":12,"enemies":"downfall:FleeingMerchant","floor":10,"turns":4},{"damage":35,"enemies":"conspire:2 RoseBushes","floor":11,"turns":6},{"damage":21,"enemies":"3 Sentries","floor":13,"turns":7},{"damage":13,"enemies":"Red Slaver","floor":15,"turns":3},{"damage":16,"enemies":"downfall:Silent","floor":16,"turns":8},{"damage":22,"enemies":"3 Byrds","floor":19,"turns":4},{"damage":45,"enemies":"Snake Plant","floor":20,"turns":5},{"damage":42,"enemies":"Sentry and Sphere","floor":21,"turns":7},{"damage":10,"enemies":"downfall:FleeingMerchant","floor":22,"turns":5},{"damage":26,"enemies":"conspire:HollyBat","floor":25,"turns":7},{"damage":22,"enemies":"Shelled Parasite and Fungi","floor":27,"turns":3}],"seed_played":"4913266857280388398","potions_obtained":[{"floor":2,"key":"Flashbang"},{"floor":3,"key":"Reflective Coating"},{"floor":6,"key":"AttackPotion"},{"floor":11,"key":"GamblersBrew"},{"floor":13,"key":"Weak Potion"},{"floor":16,"key":"Strength Potion"}],"is_trial":false,"path_per_floor":["R_BF","M","M","?","M","E","T","?","M","$","M","R","E","?","M","B",null,"R","M","M","M","$","?","T","M","?","M"],"character_chosen":"THE_SNECKO","items_purchased":["sneckomod:UnknownUncommonPower","conspire:DeflatedDodgeball","sneckomod:UnknownRarePower","sneckomod:UnknownRareAttack","sneckomod:SoulDraw+1"],"campfire_rested":0,"item_purchase_floors":[10,22,22,22,22],"current_hp_per_floor":[91,92,86,86,73,64,64,70,52,47,34,34,25,25,17,11,102,102,88,51,22,22,33,33,18,18,0,0],"gold":100,"neow_bonus":"RANDOM_COLORLESS","is_daily":false,"chose_seed":false,"campfire_upgraded":1,"win_rate":0.0,"timestamp":1608664895,"path_taken":["R_BF","M","M","?","M","E","T","?","M","$","?","R","E","?","M","BOSS","R","M","M","M","$","?","T","M","?","M"],"items_purchased_type":["Card","Relic","Card","Card","Card"],"build_version":"2020-12-13","purchased_purges":2,"victory":false,"max_hp_per_floor":[91,92,93,93,94,95,95,99,100,101,101,101,101,101,102,102,102,102,102,102,103,105,105,105,106,106,106,106],"card_choices":[{"not_picked":["expansioncontent:SlimeTackle","PanicButton"],"picked":"expansioncontent:ChargeUp","floor":0},{"not_picked":["sneckomod:SoulDraw","sneckomod:UnknownWeak"],"picked":"sneckomod:UnknownClassSILVER","floor":2},{"not_picked":["sneckomod:SoulCleanse","sneckomod:QuickMove"],"picked":"sneckomod:UnknownStrike","floor":3},{"not_picked":["sneckomod:UnknownStrike","sneckomod:ImprovisedGuard+1"],"picked":"sneckomod:UnknownExhaust+1","floor":5},{"not_picked":["sneckomod:QuickMove+1","sneckomod:DangerNoodle"],"picked":"sneckomod:UnknownStrike","floor":6},{"not_picked":["sneckomod:UnknownCommonAttack","sneckomod:TrashToTreasure+1"],"picked":"sneckomod:UnknownCommonSkill+1","floor":8},{"not_picked":["sneckomod:SoulRoll+1","sneckomod:IronFang"],"picked":"sneckomod:UnknownCommonAttack","floor":9},{"not_picked":["sneckomod:UnknownClassSLIMEBOUND+1","sneckomod:UnknownUncommonAttack"],"picked":"sneckomod:Nope+1","floor":10},{"not_picked":["sneckomod:UnknownUncommonPower","sneckomod:UnknownWeak+1"],"picked":"sneckomod:Nope+1","floor":11},{"not_picked":["sneckomod:UnknownWeak+1","sneckomod:UnknownVulnerable+1"],"picked":"sneckomod:SerpentMind","floor":13},{"not_picked":["sneckomod:UnknownWeak+1","sneckomod:SoulDraw+1"],"picked":"sneckomod:Unknown0Cost+1","floor":15},{"not_picked":["sneckomod:UnknownRareAttack","sneckomod:SerpentMind"],"picked":"sneckomod:SoulExchange+1","floor":16},{"not_picked":["sneckomod:UnknownUncommonAttack","sneckomod:UnknownBlock+1"],"picked":"sneckomod:WideSting","floor":19},{"not_picked":["sneckomod:SoulRoll+1","sneckomod:UnknownVulnerable+1"],"picked":"sneckomod:CheapStock","floor":20},{"not_picked":["sneckomod:WideSting","sneckomod:ImprovisedGuard+1"],"picked":"sneckomod:Unknown1Cost+1","floor":21},{"not_picked":["sneckomod:QuickBite","sneckomod:UnknownWeak+1"],"picked":"sneckomod:WideSting","floor":22},{"not_picked":["sneckomod:WideSting","sneckomod:ImprovisedGuard+1"],"picked":"sneckomod:Unknown1Cost+1","floor":25}],"player_experience":209438,"relics_obtained":[{"floor":6,"key":"Pet Ghost"},{"floor":8,"key":"downfall:GremlinSack"},{"floor":13,"key":"infinitespire:Broken Mirror"},{"floor":24,"key":"MealTicket"}],"event_choices":[],"is_beta":false,"boss_relics":[{"not_picked":["aspiration:PoetsPen_weak","aspiration:SilentSkillbook"],"picked":"Sozu"}],"items_purged_floors":[10,22],"is_endless":false,"potions_floor_spawned":[2,3,6,11,13,16,20,21],"killed_by":"Shelled Parasite and Fungi","ascension_level":0}}