{"host":"30jsp143e4v19aze","time":1608674311,"event":{"mods":["BaseMod","Colored Map","Colored Powertips","Curses Come First","DeckTracker","Highlight Path","Minty Spire (QoL Compilation)","Quick Restart","Relic Stats","StSLib"],"gold_per_floor":[119,119,34,34,53,53,53,53,53,81,81,93,128,145,145,145,145],"floor_reached":16,"playtime":532,"items_purged":[],"score":211,"play_id":"74903977-be97-4f3e-8139-1061a8a5f50b","local_time":"20201222225831","is_ascension_mode":true,"campfire_choices":[{"data":"Skewer","floor":6,"key":"SMITH"},{"data":"All Out Attack","floor":8,"key":"SMITH"},{"floor":11,"key":"REST"},{"floor":15,"key":"REST"}],"circlet_count":0,"master_deck":["AscendersBane","Strike_G","Strike_G","Strike_G","Strike_G","Defend_G","Defend_G","Defend_G","Defend_G","Defend_G","Survivor","Neutralize","Flying Knee","Skewer+1","All Out Attack+1","Slice","Bullet Time"],"relics":["WristBlade","Darkstone Periapt","Ancient Tea Set","Matryoshka"],"acts_visited":["Exordium"],"potions_floor_usage":[14,16],"damage_taken":[{"damage":6,"enemies":"Jaw Worm","floor":1,"turns":6},{"damage":0,"enemies":"2 Louse","floor":5,"turns":3},{"damage":22,"enemies":"Lagavulin","floor":10,"turns":6},{"damage":0,"enemies":"Cultist","floor":12,"turns":3},{"damage":15,"enemies":"3 Sentries","floor":13,"turns":5},{"damage":8,"enemies":"Exordium Thugs","floor":14,"turns":3},{"damage":30,"enemies":"The Guardian","floor":16,"turns":10}],"seed_played":"-4038456622497380875","potions_obtained":[{"floor":10,"key":"DuplicationPotion"},{"floor":14,"key":"SpeedPotion"}],"is_trial":false,"path_per_floor":["M","?","$","?","M","R","$","R","T","E","R","M","E","M","R","B"],"character_chosen":"THE_SILENT","items_purchased":["Skewer"],"campfire_rested":2,"item_purchase_floors":[3],"current_hp_per_floor":[53,46,46,46,46,46,46,46,46,24,43,43,28,20,39,9,9],"gold":145,"neow_bonus":"BOSS_RELIC","is_daily":false,"chose_seed":false,"campfire_upgraded":2,"win_rate":0.0,"timestamp":1608674311,"path_taken":["M","?","$","?","M","R","?","R","T","E","R","M","E","M","R","BOSS"],"items_purchased_type":["Card"],"build_version":"2020-12-13","purchased_purges":0,"victory":false,"max_hp_per_floor":[66,66,66,66,66,66,66,66,66,66,66,66,66,66,66,66,66],"relic_stats":{"Darkstone Periapt":0,"counters":[7,36],"obtain_stats":[{"Darkstone Periapt":9,"Matryoshka":13,"WristBlade":0,"Ancient Tea Set":10,"Ring of the Snake":0},{"Darkstone Periapt":2,"Matryoshka":5,"WristBlade":0,"Ancient Tea Set":3,"Ring of the Snake":0},{"Darkstone Periapt":9,"Matryoshka":23,"WristBlade":0,"Ancient Tea Set":15,"Ring of the Snake":0}]},"card_choices":[{"not_picked":["Deflect","Backflip"],"picked":"Flying Knee","floor":1},{"not_picked":["Cloak And Dagger","Deflect"],"picked":"All Out Attack","floor":5},{"not_picked":["Flying Knee","Burst"],"picked":"Slice","floor":10},{"not_picked":["Heel Hook","Deflect","Bane"],"picked":"SKIP","floor":12},{"not_picked":["Dodge and Roll","Outmaneuver"],"picked":"Bullet Time","floor":13},{"not_picked":["Prepared","Quick Slash","Sucker Punch"],"picked":"SKIP","floor":14}],"player_experience":3067708,"relics_obtained":[{"floor":9,"key":"Darkstone Periapt"},{"floor":10,"key":"Ancient Tea Set"},{"floor":13,"key":"Matryoshka"}],"event_choices":[{"cards_removed":["Strike_G"],"damage_healed":0,"gold_gain":0,"player_choice":"Card Removal","damage_taken":7,"max_hp_gain":0,"max_hp_loss":0,"event_name":"Golden Wing","floor":2,"gold_loss":0},{"damage_healed":0,"gold_gain":0,"player_choice":"Ignored","damage_taken":0,"max_hp_gain":0,"max_hp_loss":0,"event_name":"Liars Game","floor":4,"gold_loss":0}],"is_beta":false,"boss_relics":[],"items_purged_floors":[],"is_endless":false,"potions_floor_spawned":[10,14],"killed_by":"The Guardian","ascension_level":19}}