{"host":"h8l1uc7c2i19r904","time":1608663208,"event":{"mods":["AchievementEnabler","BaseMod","Colored Map","Colored Powertips","Downfall","Minty Spire (QoL Compilation)","Quick Restart","Replay The Spire","StSLib","SuperFastMode"],"gold_per_floor":[113,63,5,5,5,32,48,48,71,71,103,121,121,138,190,295,295,305,329,343,343,359,359,359,359],"floor_reached":24,"playtime":1184,"items_purged":[],"score":254,"play_id":"5139d90b-577a-4ea3-9190-76468b5d8897","local_time":"20201222105328","is_ascension_mode":false,"campfire_choices":[{"data":"Perfected Strike","floor":8.0,"key":"SMITH"},{"data":"Flex","floor":13.0,"key":"SMITH"},{"data":"Double Tap","floor":23,"key":"SMITH"}],"circlet_count":0,"master_deck":["Strike_R","Strike_R","Strike_R","Strike_R","Strike_R","Defend_R","Defend_R","Defend_R","Bash+1","Flame Barrier+1","Regret","Perfected Strike+1","Flex+1","Double Tap+1","ReplayTheSpireMod:Stacked","Warcry+1","Slimebound:CheckThePlaybook"],"relics":["Burning Blood","NeowsBlessing","Happy Flower","Counterbalance","Boot","Gremlin Food","Coffee Dripper","ReplayTheSpireMod:Spearhead"],"acts_visited":["Exordium","TheCity"],"potions_floor_usage":[],"damage_taken":[{"damage":0.0,"enemies":"Jaw Worm","floor":1.0,"turns":1.0},{"damage":0.0,"enemies":"3 Sentries","floor":6.0,"turns":2.0},{"damage":0.0,"enemies":"2 Louse","floor":7.0,"turns":1.0},{"damage":0.0,"enemies":"Gremlin Nob","floor":11.0,"turns":3.0},{"damage":3.0,"enemies":"Cultist","floor":12.0,"turns":3.0},{"damage":15.0,"enemies":"Red Slaver","floor":14.0,"turns":2.0},{"damage":69.0,"enemies":"Hexaghost","floor":16.0,"turns":9.0},{"damage":23.0,"enemies":"2 Thieves","floor":18.0,"turns":5.0},{"damage":0.0,"enemies":"3 Byrds","floor":20.0,"turns":2.0},{"damage":33.0,"enemies":"Snake Plant","floor":22.0,"turns":3.0},{"damage":16,"enemies":"Slavers","floor":24,"turns":2}],"seed_played":"6961617345212848832","potions_obtained":[{"floor":1.0,"key":"PowerPotion"},{"floor":11.0,"key":"GamblersBrew"},{"floor":14.0,"key":"Toxic Potion"}],"is_trial":false,"path_per_floor":["M","?","$","?","?","E","M","R","T","$","E","M","R","M","R_BF","B",null,"M","T","M","?","M","R","E"],"character_chosen":"IRONCLAD","items_purchased":["Flame Barrier+1"],"campfire_rested":0,"item_purchase_floors":[3],"current_hp_per_floor":[80,80,80,80,80,80,80,80,80,80,80,80,80,71,71,8,80,63,63,69,41,14,14,0,0],"gold":359,"neow_bonus":"THREE_ENEMY_KILL","is_daily":false,"chose_seed":false,"campfire_upgraded":3,"win_rate":0.0,"timestamp":1608663208,"path_taken":["M","?","$","?","?","E","M","R","T","$","E","?","R","?","R_BF","BOSS","M","?","M","?","M","R","E"],"items_purchased_type":["Card"],"build_version":"2020-12-13","purchased_purges":0,"victory":false,"max_hp_per_floor":[80,80,80,80,80,80,80,80,80,80,80,80,80,80,80,80,80,80,80,80,80,80,80,80,80],"card_choices":[{"not_picked":["Metallicize","Thunderclap","Evolve"],"picked":"SKIP","floor":1.0},{"not_picked":["Wild Strike","Combust","Run Through"],"picked":"SKIP","floor":6.0},{"not_picked":["Thunderclap","Twin Strike"],"picked":"Perfected Strike","floor":7.0},{"not_picked":["Heavy Blade","Warcry","Sever Soul"],"picked":"SKIP","floor":11.0},{"not_picked":["Clash","Hemokinesis"],"picked":"Flex","floor":12.0},{"not_picked":["Metallicize","Blood for Blood","Thunderclap"],"picked":"SKIP","floor":14.0},{"not_picked":["Barricade","Eclipse"],"picked":"Double Tap","floor":16.0},{"not_picked":["Entrench","Shrug It Off"],"picked":"ReplayTheSpireMod:Stacked","floor":18.0},{"not_picked":["Cleave","Sever Soul"],"picked":"Warcry+1","floor":20.0},{"not_picked":["Burning Pact","Intimidate","ReplayTheSpireMod:Limb From Limb"],"picked":"SKIP","floor":22},{"not_picked":["Burning Pact","Intimidate","ReplayTheSpireMod:Limb From Limb"],"picked":"SKIP","floor":22}],"player_experience":97934,"relics_obtained":[{"floor":6.0,"key":"Counterbalance"},{"floor":9.0,"key":"Boot"},{"floor":11.0,"key":"Gremlin Food"},{"floor":19.0,"key":"ReplayTheSpireMod:Spearhead"}],"event_choices":[{"cards_removed":["Defend_R"],"damage_healed":0.0,"max_hp_gain":0.0,"max_hp_loss":0.0,"gold_gain":0.0,"event_name":"The Cleric","player_choice":"Card Removal","floor":2.0,"gold_loss":50.0,"damage_taken":0.0},{"damage_healed":0.0,"max_hp_gain":0.0,"max_hp_loss":0.0,"gold_gain":0.0,"event_name":"Living Wall","player_choice":"Grow","floor":4.0,"gold_loss":0.0,"damage_taken":0.0,"cards_upgraded":["Bash"]},{"damage_healed":0.0,"max_hp_gain":0.0,"max_hp_loss":0.0,"gold_gain":0.0,"event_name":"Big Fish","player_choice":"Box","floor":5.0,"gold_loss":0.0,"damage_taken":0.0,"relics_obtained":["Happy Flower"],"cards_obtained":["Regret"]}],"is_beta":false,"boss_relics":[{"not_picked":["Snecko Eye","Honey Jar"],"picked":"Coffee Dripper"}],"items_purged_floors":[],"is_endless":false,"potions_floor_spawned":[1,11,14,20],"killed_by":"Slavers","ascension_level":0}}