{"host":"q6rs3in4l29iepap","time":1608656184,"event":{"mods":["Aspiration","BaseMod","BetterRewards","Colored Map","Downfall","Friendly Minions","Hermit","Hubris","Infinite Spire","Jorbs\u0027s Wanderer Trilogy","Minty Spire (QoL Compilation)","Replay The Spire","Shade Mod","StSLib","The Bug Knight","The Construct","The Cursed","The Disciple","The Hierophant","The Mystic","The Runesmith"],"gold_per_floor":[113,32,32,43,58,58,90,107,175,192,192,207,207,227,227,323,323,341,341,341,353,353,353],"floor_reached":22,"playtime":2161,"items_purged":["Strike_R"],"score":288,"play_id":"d039c6bc-71bc-449f-b7b1-9b0a9b7fc072","local_time":"20201222085624","is_ascension_mode":false,"campfire_choices":[{"floor":6,"key":"REST"},{"floor":11,"key":"REST"},{"floor":15,"key":"REST"}],"circlet_count":0,"master_deck":["Strike_R","Strike_R","Strike_R","Strike_R+1","Defend_R","Defend_R","Defend_R","Defend_R","Bash","Warcry","Flame Barrier","Clothesline","Thunderclap","expansioncontent:FaceSlap","True Grit","Eclipse","champ:Taunt","ReplayTheSpireMod:Strike From Hell","infinitespire:OneForAll","hubris:SharpeningStone","Intimidate","Second Wind","ReplayTheSpireMod:Haul","Life Link+1","ReplayReversal","Reaper+1","True Grit","Combust","Barricade","Eclipse","Headbutt+1","infinitespire:UltimateForm","Feed+1"],"relics":["BargainBundle","construct:RocketBooster","Mercury Hourglass","Molten Egg 2","hubris:KleinBottle","Orrery","Philosopher\u0027s Stone","Painkiller Herb","Membership Card"],"acts_visited":["Exordium","TheCity"],"potions_floor_usage":[4,7,8,8,14],"damage_taken":[{"damage":0,"enemies":"Cultist","floor":1,"turns":3},{"damage":2,"enemies":"infinitespire:Voidling","floor":4,"turns":3},{"damage":10,"enemies":"Small Slimes","floor":5,"turns":4},{"damage":27,"enemies":"Replay:BlueRogue","floor":7,"turns":9},{"damage":2,"enemies":"Red Slaver","floor":8,"turns":2},{"damage":17,"enemies":"Gremlin Gang","floor":10,"turns":4},{"damage":0,"enemies":"Large Slime","floor":12,"turns":3},{"damage":3,"enemies":"2 Fungi Beasts","floor":14,"turns":4},{"damage":44,"enemies":"Slime Boss","floor":16,"turns":12},{"damage":25,"enemies":"2 Thieves","floor":18,"turns":4},{"damage":36,"enemies":"3 Byrds","floor":21,"turns":4},{"damage":23,"enemies":"3 Cultists","floor":22,"turns":3}],"seed_played":"3217209913513776052","potions_obtained":[{"floor":5,"key":"Explosive Potion"},{"floor":10,"key":"PowerPotion"},{"floor":16,"key":"SpeedPotion"},{"floor":18,"key":"Doom Potion"}],"is_trial":false,"path_per_floor":["M","$","?","M","M","R","E","M","T","M","R","M","$","M","R","B",null,"M","?","AVR","?","?"],"character_chosen":"IRONCLAD","items_purchased":["BargainBundle","PowerPotion","Block Potion","Warcry","Flame Barrier","Clothesline","Thunderclap","expansioncontent:FaceSlap","SneckoOil","True Grit","Eclipse","hubris:KleinBottle","Orrery"],"campfire_rested":3,"item_purchase_floors":[0,0,0,0,0,0,0,0,0,0,2,13,13],"current_hp_per_floor":[52,52,52,50,40,64,37,35,35,18,42,42,13,20,44,5,80,55,55,55,19,0,0],"gold":353,"neow_bonus":"","is_daily":false,"chose_seed":false,"campfire_upgraded":0,"win_rate":0.0,"timestamp":1608656184,"path_taken":["M","$","?","M","M","R","E","M","T","M","R","?","?","M","R","BOSS","M","?","AVR","?","?"],"items_purchased_type":["Relic","Potion","Potion","Card","Card","Card","Card","Card","Potion","Card","Card","Relic","Relic"],"build_version":"2020-12-13","purchased_purges":1,"victory":false,"max_hp_per_floor":[80,80,80,80,80,80,80,80,80,80,80,80,80,80,80,80,80,80,80,80,80,80,80],"card_choices":[{"not_picked":["ReplayTheSpireMod:Muscle Training","ReplayReversal"],"picked":"Perfected Strike","floor":1},{"not_picked":["Sword Boomerang","Warcry"],"picked":"ReplayTheSpireMod:Strike From Hell","floor":4},{"not_picked":["Iron Wave","Uppercut","Searing Blow"],"picked":"SKIP","floor":5},{"not_picked":["Iron Wave","Dropkick"],"picked":"infinitespire:OneForAll","floor":7},{"not_picked":["Sword Boomerang","Heavy Blade"],"picked":"hubris:SharpeningStone","floor":8},{"not_picked":["Sword Boomerang+1","Shrug It Off"],"picked":"Intimidate","floor":10},{"not_picked":["Perfected Strike+1","Shrug It Off"],"picked":"Second Wind","floor":12},{"not_picked":["ReplayTheSpireMod:Chaos Vortex","Replay:Fractal Strike"],"picked":"ReplayTheSpireMod:Haul","floor":13},{"not_picked":["Inflame","Replay:Undeath\u0027s Touch+1"],"picked":"Life Link","floor":13},{"not_picked":["Shockwave","Pommel Strike+1"],"picked":"ReplayReversal","floor":13},{"not_picked":["Run Through+1","Blood for Blood+1"],"picked":"Reaper+1","floor":13},{"not_picked":["Heavy Blade+1","Pommel Strike+1"],"picked":"True Grit","floor":13},{"not_picked":["Warcry","Clash+1"],"picked":"Combust","floor":13},{"not_picked":["Shrug It Off","Sword Boomerang+1"],"picked":"Barricade","floor":14},{"not_picked":["Offering","Impervious"],"picked":"Eclipse","floor":16},{"not_picked":["Perfected Strike+1","Warcry"],"picked":"Headbutt+1","floor":18},{"not_picked":["Dropkick+1","Replay:Undeath\u0027s Touch+1"],"picked":"Feed+1","floor":21}],"player_experience":87299,"relics_obtained":[{"floor":7,"key":"Mercury Hourglass"},{"floor":9,"key":"Molten Egg 2"}],"event_choices":[{"cards_removed":["Perfected Strike"],"damage_healed":0,"gold_gain":0,"player_choice":"Took Card","damage_taken":0,"max_hp_gain":0,"max_hp_loss":0,"event_name":"NoteForYourself","floor":3,"gold_loss":0,"cards_obtained":["champ:Taunt"]},{"damage_healed":0,"gold_gain":0,"player_choice":"Forge","damage_taken":0,"max_hp_gain":0,"max_hp_loss":0,"event_name":"Accursed Blacksmith","floor":19,"gold_loss":0,"cards_upgraded":["Life Link"]}],"is_beta":false,"boss_relics":[{"not_picked":["SacredBark","Coffee Dripper"],"picked":"Philosopher\u0027s Stone"}],"items_purged_floors":[0],"is_endless":false,"potions_floor_spawned":[5,10,16,18],"killed_by":"3 Cultists","ascension_level":0}}