{"host":"by8i6f8xc0ywpsd5","time":1608672713,"event":{"mods":["BaseMod","Colored Map","Minty Spire (QoL Compilation)","Relic Stats"],"gold_per_floor":[116,136,149,21,31,31,56,73,96,106,106,119,131,163,163,241,241,261,288,288,298,298,298,310,342,342,355,384,384,412,422,422,498,498,516,532,532,532,546,546,598,609,609,627,656,224,253,271,271,271,271,271,271,24,56,56,56],"floor_reached":56,"playtime":6670,"items_purged":["Strike_R","Strike_R"],"score":2116,"play_id":"caf3aee1-4ce1-4e5f-86cf-0e7dd21d0485","local_time":"20201222233153","is_ascension_mode":true,"campfire_choices":[{"data":"Twin Strike","floor":6.0,"key":"SMITH"},{"data":"Spot Weakness","floor":15.0,"key":"SMITH"},{"floor":23.0,"key":"REST"},{"data":"Limit Break","floor":29.0,"key":"SMITH"},{"data":"Dark Embrace","floor":32.0,"key":"SMITH"},{"data":"Power Through","floor":40.0,"key":"SMITH"},{"floor":49.0,"key":"RECALL"},{"floor":53.0,"key":"REST"}],"circlet_count":0,"master_deck":["AscendersBane","Strike_R","Strike_R","Strike_R","Defend_R","Defend_R+1","Defend_R","Defend_R+1","Bash","Pommel Strike","Twin Strike+1","Flame Barrier","Clothesline","Spot Weakness+1","Pummel","Pommel Strike","Fiend Fire+1","Limit Break+1","Flame Barrier","Whirlwind+1","Power Through+1","Dark Embrace+1","Burning Pact","Fiend Fire","Power Through+1","Sword Boomerang+1","Brutality+1","Inflame+1","Thinking Ahead+1","Blind+1","Shrug It Off+1","Dropkick","Warcry+1","Inflame+1","Shrug It Off+1","Power Through+1","Offering+1","Power Through+1","Shrug It Off+1"],"relics":["Burning Blood","War Paint","Nunchaku","Bag of Marbles","Bag of Preparation","Black Star","Red Mask","Red Skull","Lantern","Pocketwatch","InkBottle","Potion Belt","Mummified Hand","Meat on the Bone","Toxic Egg 2","Velvet Choker","Prayer Wheel","Frozen Egg 2","Art of War","PreservedInsect","Orrery","Kunai","Unceasing Top","OrangePellets","Blood Vial","White Beast Statue"],"acts_visited":["Exordium","TheCity","TheBeyond","TheEnding"],"potions_floor_usage":[56,56,56,56],"damage_taken":[{"damage":1.0,"enemies":"Cultist","floor":1.0,"turns":3.0},{"damage":11.0,"enemies":"Jaw Worm","floor":2.0,"turns":4.0},{"damage":4.0,"enemies":"Small Slimes","floor":3.0,"turns":4.0},{"damage":5.0,"enemies":"2 Fungi Beasts","floor":5.0,"turns":4.0},{"damage":53.0,"enemies":"3 Sentries","floor":7.0,"turns":16.0},{"damage":10.0,"enemies":"Large Slime","floor":8.0,"turns":6.0},{"damage":0.0,"enemies":"Lots of Slimes","floor":10.0,"turns":3.0},{"damage":13.0,"enemies":"Blue Slaver","floor":12.0,"turns":3.0},{"damage":0.0,"enemies":"2 Fungi Beasts","floor":13.0,"turns":1.0},{"damage":0.0,"enemies":"Gremlin Nob","floor":14.0,"turns":1.0},{"damage":25.0,"enemies":"The Guardian","floor":16.0,"turns":12.0},{"damage":4.0,"enemies":"Chosen","floor":18.0,"turns":3.0},{"damage":25.0,"enemies":"Masked Bandits","floor":19.0,"turns":5.0},{"damage":25.0,"enemies":"Shell Parasite","floor":21.0,"turns":5.0},{"damage":24.0,"enemies":"Snake Plant","floor":24.0,"turns":4.0},{"damage":0.0,"enemies":"Book of Stabbing","floor":25.0,"turns":2.0},{"damage":0.0,"enemies":"Centurion and Healer","floor":27.0,"turns":12.0},{"damage":18.0,"enemies":"Gremlin Leader","floor":28.0,"turns":5.0},{"damage":3.0,"enemies":"Book of Stabbing","floor":30.0,"turns":4.0},{"damage":12.0,"enemies":"Cultist and Chosen","floor":31.0,"turns":3.0},{"damage":30.0,"enemies":"Collector","floor":33.0,"turns":6.0},{"damage":5.0,"enemies":"Orb Walker","floor":35.0,"turns":4.0},{"damage":0.0,"enemies":"3 Shapes","floor":36.0,"turns":6.0},{"damage":3.0,"enemies":"3 Darklings","floor":39.0,"turns":3.0},{"damage":17.0,"enemies":"2 Orb Walkers","floor":41.0,"turns":4.0},{"damage":5.0,"enemies":"Transient","floor":42.0,"turns":6.0},{"damage":4.0,"enemies":"Spire Growth","floor":44.0,"turns":3.0},{"damage":19.0,"enemies":"Reptomancer","floor":45.0,"turns":4.0},{"damage":18.0,"enemies":"Giant Head","floor":47.0,"turns":4.0},{"damage":4.0,"enemies":"Jaw Worm Horde","floor":48.0,"turns":5.0},{"damage":30.0,"enemies":"Donu and Deca","floor":50.0,"turns":7.0},{"damage":33.0,"enemies":"Awakened One","floor":51.0,"turns":6.0},{"damage":19.0,"enemies":"Shield and Spear","floor":55.0,"turns":2.0},{"damage":65,"enemies":"The Heart","floor":56,"turns":5}],"seed_played":"4371849158104080652","potions_obtained":[{"floor":3.0,"key":"EntropicBrew"},{"floor":8.0,"key":"SteroidPotion"},{"floor":14.0,"key":"LiquidBronze"},{"floor":18.0,"key":"LiquidMemories"},{"floor":25.0,"key":"SkillPotion"},{"floor":27.0,"key":"Swift Potion"},{"floor":28.0,"key":"LiquidMemories"},{"floor":31.0,"key":"Block Potion"},{"floor":39.0,"key":"SkillPotion"},{"floor":41.0,"key":"SkillPotion"},{"floor":45.0,"key":"PowerPotion"},{"floor":47.0,"key":"Explosive Potion"},{"floor":55.0,"key":"Ancient Potion"}],"is_trial":false,"path_per_floor":["M","M","M","$","M","R","E","M","T","M","?","M","M","E","R","B",null,"M","?","T","M","?","R","M","E","T","M","E","R","E","M","R","B",null,"M","M","?","?","M","R","?","M","T","M","E","$","E","M","R","B","B",null,"R","$","E","B"],"character_chosen":"IRONCLAD","items_purchased":["Clothesline","PreservedInsect","Orrery","OrangePellets","Shrug It Off+1","Swift Potion"],"campfire_rested":2,"item_purchase_floors":[4,46,46,54,54,54],"current_hp_per_floor":[73,68,70,70,71,71,24,20,20,26,51,44,50,56,56,37,66,68,49,49,30,30,52,34,40,40,46,34,34,37,43,43,31,64,65,71,61,61,64,64,53,54,54,56,55,55,55,57,57,45,30,64,75,75,62,0,0],"gold":56,"neow_bonus":"RANDOM_COMMON_RELIC","is_daily":false,"chose_seed":false,"campfire_upgraded":5,"win_rate":0.0,"timestamp":1608672713,"path_taken":["M","M","M","$","?","R","E","M","T","M","?","M","M","E","R","BOSS","M","?","?","M","?","R","M","E","T","M","E","R","E","M","R","BOSS","M","?","?","?","?","R","?","M","T","M","E","$","E","M","R","BOSS","BOSS","R","$","E","BOSS"],"items_purchased_type":["Card","Relic","Relic","Relic","Card","Potion"],"build_version":"2020-12-13","purchased_purges":2,"victory":false,"max_hp_per_floor":[75,75,75,75,75,75,75,75,75,75,75,75,75,75,75,75,75,75,75,75,75,75,75,75,75,75,75,75,75,75,75,75,75,75,75,75,75,75,75,75,75,75,75,75,75,75,75,75,75,75,75,75,75,75,75,75,75],"relic_stats":{"counters":[34,165],"PreservedInsect":207,"Bag of Preparation":[48],"War Paint":["Defend_R","Defend_R"],"Burning Blood":198,"Blood Vial":2,"OrangePellets":[2],"Nunchaku":[21],"Mummified Hand":[40],"Prayer Wheel":3,"Black Star":6,"Art of War":[6],"Kunai":[2],"obtain_stats":[{"Lantern":25,"Bag of Preparation":14,"Burning Blood":0,"Blood Vial":55,"Nunchaku":7,"Mummified Hand":28,"Prayer Wheel":41,"Red Mask":19,"Kunai":47,"Toxic Egg 2":30,"Red Skull":20,"InkBottle":26,"Potion Belt":28,"Velvet Choker":34,"PreservedInsect":46,"War Paint":0,"Frozen Egg 2":45,"White Beast Statue":55,"OrangePellets":54,"Orrery":46,"Bag of Marbles":9,"Black Star":17,"Art of War":45,"Unceasing Top":47,"Pocketwatch":25,"Meat on the Bone":30},{"Lantern":16,"Bag of Preparation":10,"Burning Blood":0,"Blood Vial":33,"Nunchaku":5,"Mummified Hand":18,"Prayer Wheel":25,"Red Mask":13,"Kunai":29,"Toxic Egg 2":19,"Red Skull":13,"InkBottle":16,"Potion Belt":18,"Velvet Choker":21,"PreservedInsect":28,"War Paint":0,"Frozen Egg 2":28,"White Beast Statue":33,"OrangePellets":32,"Orrery":28,"Bag of Marbles":6,"Black Star":11,"Art of War":28,"Unceasing Top":29,"Pocketwatch":16,"Meat on the Bone":19},{"Lantern":76,"Bag of Preparation":45,"Burning Blood":0,"Blood Vial":160,"Nunchaku":31,"Mummified Hand":93,"Prayer Wheel":123,"Red Mask":65,"Kunai":140,"Toxic Egg 2":97,"Red Skull":65,"InkBottle":76,"Potion Belt":93,"Velvet Choker":106,"PreservedInsect":136,"War Paint":0,"Frozen Egg 2":136,"White Beast Statue":160,"OrangePellets":158,"Orrery":136,"Bag of Marbles":37,"Black Star":57,"Art of War":136,"Unceasing Top":140,"Pocketwatch":76,"Meat on the Bone":97}],"InkBottle":[29],"Unceasing Top":[1],"Pocketwatch":[116],"Meat on the Bone":72},"card_choices":[{"not_picked":["Wild Strike","Clothesline"],"picked":"Pommel Strike","floor":1.0},{"not_picked":["Anger","Thunderclap"],"picked":"Twin Strike","floor":2.0},{"not_picked":["Intimidate","Burning Pact"],"picked":"Flame Barrier","floor":3.0},{"not_picked":["Anger","Sentinel"],"picked":"Spot Weakness","floor":5.0},{"not_picked":["Dual Wield","Flex","Second Wind"],"picked":"SKIP","floor":7.0},{"not_picked":["Iron Wave","Evolve"],"picked":"Pummel","floor":8.0},{"not_picked":["Entrench","Rampage"],"picked":"Pommel Strike","floor":10.0},{"not_picked":["Perfected Strike","Heavy Blade","Armaments"],"picked":"SKIP","floor":12.0},{"not_picked":["Blood for Blood","Wild Strike","Flex"],"picked":"SKIP","floor":13.0},{"not_picked":["Intimidate","Flex"],"picked":"Fiend Fire","floor":14.0},{"not_picked":["Berserk","Demon Form"],"picked":"Limit Break","floor":16.0},{"not_picked":["Armaments","Entrench"],"picked":"Flame Barrier","floor":18.0},{"not_picked":["Metallicize","Warcry"],"picked":"Whirlwind+1","floor":19.0},{"not_picked":["Warcry","Pommel Strike"],"picked":"Power Through+1","floor":21.0},{"not_picked":["Havoc","Blood for Blood"],"picked":"Dark Embrace","floor":24.0},{"not_picked":["Wild Strike","Perfected Strike"],"picked":"Burning Pact","floor":25.0},{"not_picked":["Intimidate","Pummel"],"picked":"Fiend Fire","floor":27.0},{"not_picked":["Shrug It Off","Pommel Strike"],"picked":"Power Through","floor":28.0},{"not_picked":["Immolate","Carnage","Wild Strike"],"picked":"SKIP","floor":30.0},{"not_picked":["Twin Strike","Headbutt+1"],"picked":"Sword Boomerang+1","floor":31.0},{"not_picked":["Immolate","Demon Form"],"picked":"Brutality","floor":33.0},{"not_picked":["Shrug It Off+1","Body Slam"],"picked":"Inflame+1","floor":35.0},{"not_picked":["Twin Strike","Blood for Blood+1","Bloodletting+1"],"picked":"SKIP","floor":36.0},{"not_picked":["Dramatic Entrance","Purity+1"],"picked":"Thinking Ahead+1","floor":37.0},{"not_picked":["Madness+1","Bandage Up+1"],"picked":"Blind+1","floor":37.0},{"not_picked":["Entrench+1","Twin Strike+1","Cleave"],"picked":"SKIP","floor":39.0},{"not_picked":["Flame Barrier+1","Whirlwind+1"],"picked":"Shrug It Off+1","floor":41.0},{"not_picked":["Heavy Blade","Dark Embrace"],"picked":"Dropkick","floor":42.0},{"not_picked":["Iron Wave","Armaments+1","Reckless Charge"],"picked":"SKIP","floor":42.0},{"not_picked":["Heavy Blade","Sword Boomerang"],"picked":"Warcry+1","floor":44.0},{"not_picked":["Havoc+1","Blood for Blood","Clash"],"picked":"SKIP","floor":44.0},{"not_picked":["Twin Strike","Warcry+1"],"picked":"Inflame+1","floor":45.0},{"not_picked":["Fire Breathing+1","Cleave"],"picked":"Shrug It Off+1","floor":46.0},{"not_picked":["Body Slam+1","Iron Wave"],"picked":"Power Through+1","floor":46.0},{"not_picked":["Carnage","Shrug It Off+1"],"picked":"Offering+1","floor":46.0},{"not_picked":["Shrug It Off+1","Sever Soul"],"picked":"Power Through+1","floor":47.0},{"not_picked":["Blood for Blood","Combust+1","Heavy Blade"],"picked":"SKIP","floor":48.0},{"not_picked":["Sentinel+1","Pommel Strike","Pummel"],"picked":"SKIP","floor":48.0},{"not_picked":["Clash+1","Thunderclap","True Grit+1"],"picked":"SKIP","floor":55.0}],"player_experience":1688425,"relics_obtained":[{"floor":7.0,"key":"Nunchaku"},{"floor":9.0,"key":"Bag of Marbles"},{"floor":14.0,"key":"Bag of Preparation"},{"floor":19.0,"key":"Red Mask"},{"floor":20.0,"key":"Red Skull"},{"floor":25.0,"key":"Lantern"},{"floor":25.0,"key":"Pocketwatch"},{"floor":26.0,"key":"InkBottle"},{"floor":28.0,"key":"Potion Belt"},{"floor":28.0,"key":"Mummified Hand"},{"floor":30.0,"key":"Meat on the Bone"},{"floor":30.0,"key":"Toxic Egg 2"},{"floor":41.0,"key":"Prayer Wheel"},{"floor":45.0,"key":"Frozen Egg 2"},{"floor":45.0,"key":"Art of War"},{"floor":47.0,"key":"Kunai"},{"floor":47.0,"key":"Unceasing Top"},{"floor":55.0,"key":"Blood Vial"},{"floor":55.0,"key":"White Beast Statue"}],"event_choices":[{"damage_healed":25.0,"max_hp_gain":0.0,"max_hp_loss":0.0,"gold_gain":0.0,"event_name":"Big Fish","player_choice":"Banana","floor":11.0,"gold_loss":0.0,"damage_taken":0.0},{"damage_healed":0.0,"max_hp_gain":0.0,"max_hp_loss":0.0,"gold_gain":0.0,"event_name":"Masked Bandits","player_choice":"Fought Bandits","floor":19.0,"gold_loss":0.0,"damage_taken":0.0},{"damage_healed":0.0,"max_hp_gain":0.0,"max_hp_loss":0.0,"gold_gain":0.0,"event_name":"Upgrade Shrine","player_choice":"Upgraded","floor":22.0,"gold_loss":0.0,"damage_taken":0.0,"cards_upgraded":["Fiend Fire"]},{"damage_healed":0.0,"max_hp_gain":0.0,"max_hp_loss":0.0,"gold_gain":0.0,"event_name":"SensoryStone","player_choice":"Memory 3","floor":37.0,"gold_loss":0.0,"damage_taken":10.0},{"damage_healed":0.0,"max_hp_gain":0.0,"max_hp_loss":0.0,"gold_gain":0.0,"event_name":"Accursed Blacksmith","player_choice":"Forge","floor":38.0,"gold_loss":0.0,"damage_taken":0.0,"cards_upgraded":["Brutality"]},{"damage_healed":0.0,"max_hp_gain":0.0,"max_hp_loss":0.0,"gold_gain":0.0,"event_name":"Mysterious Sphere","player_choice":"Fight","floor":41.0,"gold_loss":0.0,"damage_taken":0.0}],"is_beta":false,"boss_relics":[{"not_picked":["Mark of Pain","Fusion Hammer"],"picked":"Black Star"},{"not_picked":["Tiny House","Runic Cube"],"picked":"Velvet Choker"}],"items_purged_floors":[4,46],"is_endless":false,"potions_floor_spawned":[3,8,12,14,18,25,27,28,31,39,41,45,47,55],"killed_by":"The Heart","ascension_level":20}}