{"host":"lmshf3swj20gmdor","time":1608654126,"event":{"mods":["Aspiration","Astrologer","BaseMod","Conspire","Downfall","Hubris","Mad Scientist","Marisa????????","Minty Spire (QoL Compilation)","Replay The Spire","Spikes Relics","StSLib","Synergy Search","The Construct"],"gold_per_floor":[116,66,66,66,66,66,97,113,194,221,235,235,245,102,102,205,205,217,217,233,233,243,243,243],"floor_reached":23,"playtime":459,"items_purged":[],"score":327,"play_id":"43c6301f-7a4f-41bd-8f30-8b595e59953e","local_time":"20201222162206","is_ascension_mode":true,"campfire_choices":[{"data":"Zap","floor":6,"key":"SMITH"},{"data":"Dualcast","floor":12,"key":"SMITH"},{"data":"Defend_B","floor":15,"key":"SMITH"}],"circlet_count":0,"master_deck":["Defend_B+1","Defend_B","Defend_B+1","Defend_B","Zap+1","Dualcast+1","Darkness+1","Darkness+1","Darkness","Bite","Bite","Bite","Bite","Bite"],"relics":["Cracked Core","NeowsBlessing","PreservedInsect","conspire:Dentures","CrustySpines","DollysMirror","conspire:SpecialSausage","SsserpentHead"],"acts_visited":["Exordium","TheCity"],"potions_floor_usage":[23,23,23],"damage_taken":[{"damage":0,"enemies":"Small Slimes","floor":1,"turns":1},{"damage":0,"enemies":"3 Sentries","floor":7,"turns":1},{"damage":0,"enemies":"2 Louse","floor":8,"turns":1},{"damage":10,"enemies":"Lagavulin","floor":10,"turns":5},{"damage":0,"enemies":"Jaw Worm","floor":11,"turns":3},{"damage":8,"enemies":"Exordium Thugs","floor":13,"turns":4},{"damage":3,"enemies":"Hexaghost","floor":16,"turns":6},{"damage":0,"enemies":"Spheric Guardian","floor":18,"turns":2},{"damage":17,"enemies":"3 Byrds","floor":20,"turns":4},{"damage":37,"enemies":"Shelled Parasite and Fungi","floor":22,"turns":4},{"damage":14,"enemies":"Book of Stabbing","floor":23,"turns":2}],"seed_played":"-9047651619038825842","potions_obtained":[{"floor":1,"key":"FocusPotion"},{"floor":13,"key":"PowerPotion"},{"floor":20,"key":"LiquidBronze"}],"is_trial":false,"path_per_floor":["M","?","?","?","$","R","E","M","T","E","M","R","M","$","R","B",null,"M","?","M","?","M","E"],"character_chosen":"DEFECT","items_purchased":["DollysMirror"],"campfire_rested":0,"item_purchase_floors":[14],"current_hp_per_floor":[68,68,68,53,53,53,53,53,53,43,43,43,35,35,35,32,64,64,52,37,37,8,0,0],"gold":243,"neow_bonus":"THREE_ENEMY_KILL","is_daily":false,"chose_seed":false,"campfire_upgraded":3,"win_rate":0.0,"timestamp":1608654126,"path_taken":["M","?","?","?","$","R","E","M","T","E","M","R","?","$","R","BOSS","M","?","M","?","M","E"],"items_purchased_type":["Relic"],"build_version":"2020-12-13","purchased_purges":0,"victory":false,"max_hp_per_floor":[75,75,75,75,75,75,75,75,75,75,75,75,75,75,75,75,75,75,52,52,52,52,52,52],"card_choices":[{"not_picked":["Reinforced Body","Scrape"],"picked":"Darkness","floor":1},{"not_picked":["Turbo","Reprogram","DiskWipe"],"picked":"SKIP","floor":7},{"not_picked":["Rebound","Barrage","Streamline"],"picked":"SKIP","floor":8},{"not_picked":["Heatsinks","Rebound","Barrage"],"picked":"SKIP","floor":10},{"not_picked":["Gash","ReplayTheSpireMod:System Scan","Steam"],"picked":"SKIP","floor":11},{"not_picked":["Sweeping Beam","Turbo","Force Field"],"picked":"SKIP","floor":13},{"not_picked":["Turbo","Auto Shields"],"picked":"Darkness","floor":18},{"not_picked":["Go for the Eyes+1","Steam+1","ReplayGash"],"picked":"SKIP","floor":20},{"not_picked":["Gash","Hologram","Conserve Battery"],"picked":"SKIP","floor":22}],"player_experience":858399,"relics_obtained":[{"floor":7,"key":"PreservedInsect"},{"floor":9,"key":"conspire:Dentures"},{"floor":10,"key":"CrustySpines"}],"event_choices":[{"cards_removed":["Strike_B"],"damage_healed":0,"gold_gain":0,"player_choice":"Card Removal","damage_taken":0,"max_hp_gain":0,"max_hp_loss":0,"event_name":"The Cleric","floor":2,"gold_loss":50},{"damage_healed":0,"gold_gain":0,"player_choice":"Grow","damage_taken":0,"max_hp_gain":0,"max_hp_loss":0,"event_name":"Living Wall","floor":3,"gold_loss":0,"cards_upgraded":["Darkness"]},{"damage_healed":0,"gold_gain":0,"player_choice":"Entered Light","damage_taken":15,"max_hp_gain":0,"max_hp_loss":0,"event_name":"Shining Light","floor":4,"gold_loss":0,"cards_upgraded":["Defend_B","Strike_B"]},{"damage_healed":0,"gold_gain":0,"player_choice":"Became a vampire","damage_taken":0,"max_hp_gain":0,"max_hp_loss":23,"event_name":"Vampires","floor":19,"gold_loss":0,"cards_obtained":["Bite","Bite","Bite","Bite","Bite"]},{"damage_healed":0,"gold_gain":0,"player_choice":"Trade","damage_taken":0,"relics_obtained":["SsserpentHead"],"max_hp_gain":0,"max_hp_loss":0,"event_name":"FaceTrader","floor":21,"gold_loss":0}],"is_beta":false,"boss_relics":[{"not_picked":["SacredBark","Nuclear Battery"],"picked":"conspire:SpecialSausage"}],"items_purged_floors":[],"is_endless":false,"potions_floor_spawned":[1,13,20,22],"killed_by":"Book of Stabbing","ascension_level":7}}