{"host":"n4fty02wqqi95laq","time":1608636469,"event":{"mods":["BaseMod","Highlight Path","Minty Spire (QoL Compilation)","Quick Restart","Rare Cards Sparkle","StSLib"],"gold_per_floor":[365,24,24,35,35,35,62,62,85,85,101,101,111,19,19,19,19],"floor_reached":16,"playtime":302,"items_purged":["Strike_G","Strike_G"],"score":196,"play_id":"1b6159f7-fe9a-4c74-85e7-c8acedd082da","local_time":"20201222192749","is_ascension_mode":true,"campfire_choices":[{"data":"Wraith Form v2","floor":6.0,"key":"SMITH"},{"floor":10,"key":"REST"},{"data":"Neutralize","floor":12,"key":"SMITH"},{"data":"Flechettes","floor":15,"key":"SMITH"}],"circlet_count":0,"master_deck":["AscendersBane","Strike_G","Strike_G","Defend_G","Defend_G","Defend_G","Defend_G","Defend_G","Survivor+1","Neutralize+1","Wraith Form v2+1","Poisoned Stab+1","Flechettes+1","Outmaneuver","Reflex","Footwork+1"],"relics":["Ring of the Snake","Membership Card","Matryoshka","Snake Skull","Frozen Egg 2","PreservedInsect"],"acts_visited":["Exordium"],"potions_floor_usage":[],"damage_taken":[{"damage":4.0,"enemies":"Cultist","floor":1.0,"turns":4.0},{"damage":2.0,"enemies":"2 Louse","floor":4.0,"turns":4.0},{"damage":2.0,"enemies":"Gremlin Nob","floor":7.0,"turns":4.0},{"damage":0,"enemies":"Small Slimes","floor":11,"turns":3},{"damage":5,"enemies":"Red Slaver","floor":13,"turns":5},{"damage":16,"enemies":"Slime Boss","floor":16,"turns":8}],"seed_played":"-7754878221458791603","potions_obtained":[{"floor":1.0,"key":"EntropicBrew"},{"floor":11,"key":"LiquidBronze"}],"is_trial":false,"path_per_floor":["M","$","?","M","?","R","E","?","T","R","M","R","M","$","R","B"],"character_chosen":"THE_SILENT","items_purchased":["Membership Card","Matryoshka","Footwork+1"],"campfire_rested":1,"item_purchase_floors":[2,2,14],"current_hp_per_floor":[40,40,40,38,18,18,16,16,16,35,35,35,30,30,30,14,14],"gold":19,"neow_bonus":"TWO_FIFTY_GOLD","is_daily":false,"chose_seed":false,"campfire_upgraded":3,"win_rate":0.0,"timestamp":1608636469,"path_taken":["M","$","?","?","?","R","E","?","T","R","M","R","M","$","R","BOSS"],"items_purchased_type":["Relic","Relic","Card"],"build_version":"2020-12-13","purchased_purges":2,"victory":false,"max_hp_per_floor":[66,66,66,66,66,66,66,66,66,66,66,66,66,66,66,66,66],"card_choices":[{"not_picked":["Backstab","Prepared"],"picked":"Underhanded Strike","floor":1.0},{"not_picked":["Quick Slash","PiercingWail"],"picked":"Poisoned Stab","floor":4.0},{"not_picked":["Choke","Outmaneuver"],"picked":"Flechettes","floor":7.0},{"not_picked":["Choke","Poisoned Stab"],"picked":"Reflex","floor":11},{"not_picked":["Riddle With Holes","Dagger Spray","Underhanded Strike"],"picked":"SKIP","floor":13}],"player_experience":630894,"relics_obtained":[{"floor":7.0,"key":"Snake Skull"},{"floor":9,"key":"Frozen Egg 2"},{"floor":9,"key":"PreservedInsect"}],"event_choices":[{"damage_healed":0.0,"max_hp_gain":0.0,"max_hp_loss":0.0,"gold_gain":0.0,"cards_transformed":["Underhanded Strike"],"event_name":"Transmorgrifier","player_choice":"Transformed","floor":3.0,"gold_loss":0.0,"damage_taken":0.0,"cards_obtained":["Wraith Form v2"]},{"damage_healed":0.0,"max_hp_gain":0.0,"max_hp_loss":0.0,"gold_gain":0.0,"event_name":"Shining Light","player_choice":"Entered Light","floor":5.0,"gold_loss":0.0,"damage_taken":20.0,"cards_upgraded":["Poisoned Stab","Survivor"]},{"damage_healed":0,"gold_gain":0,"cards_transformed":["Strike_G"],"player_choice":"Transformed","damage_taken":0,"max_hp_gain":0,"max_hp_loss":0,"event_name":"Transmorgrifier","floor":8,"gold_loss":0,"cards_obtained":["Outmaneuver"]}],"is_beta":false,"boss_relics":[],"items_purged_floors":[2,14],"is_endless":false,"potions_floor_spawned":[1,11,13],"killed_by":"Slime Boss","ascension_level":20}}