{"host":"30jsp143e4v19aze","time":1608660551,"event":{"mods":["BaseMod","Colored Map","Colored Powertips","Curses Come First","DeckTracker","Highlight Path","Minty Spire (QoL Compilation)","Quick Restart","Relic Stats","StSLib"],"gold_per_floor":[115,130,16,16,41,85,85,85,85],"floor_reached":8,"playtime":385,"items_purged":[],"score":106,"play_id":"cb4b0865-2c46-4e2e-bea6-c72528aabd0f","local_time":"20201222190911","is_ascension_mode":true,"campfire_choices":[{"floor":7,"key":"REST"}],"circlet_count":0,"master_deck":["AscendersBane","Strike_G","Strike_G","Strike_G","Strike_G","Strike_G","Defend_G","Defend_G","Defend_G","Defend_G","Defend_G","Survivor","Neutralize","Flying Knee","Accuracy","Backflip"],"relics":["WristBlade","Golden Idol","Bird Faced Urn"],"acts_visited":["Exordium"],"potions_floor_usage":[6,7],"damage_taken":[{"damage":4,"enemies":"2 Louse","floor":1,"turns":3},{"damage":2,"enemies":"Jaw Worm","floor":2,"turns":4},{"damage":14,"enemies":"Small Slimes","floor":5,"turns":4},{"damage":32,"enemies":"3 Sentries","floor":6,"turns":12},{"damage":37,"enemies":"Lagavulin","floor":8,"turns":7}],"seed_played":"4339932429043446743","potions_obtained":[{"floor":2,"key":"LiquidBronze"}],"is_trial":false,"path_per_floor":["M","M","$","?","M","E","R","E"],"character_chosen":"THE_SILENT","items_purchased":["Fruit Juice"],"campfire_rested":1,"item_purchase_floors":[3],"current_hp_per_floor":[55,53,53,53,39,7,31,0,0],"gold":85,"neow_bonus":"BOSS_RELIC","is_daily":false,"chose_seed":false,"campfire_upgraded":0,"win_rate":0.0,"timestamp":1608660551,"path_taken":["M","M","$","?","M","E","R","E"],"items_purchased_type":["Potion"],"build_version":"2020-12-13","purchased_purges":0,"victory":false,"max_hp_per_floor":[66,66,66,60,60,60,65,65,65],"relic_stats":{"counters":[5,30],"Golden Idol":14,"Bird Faced Urn":[2],"obtain_stats":[{"WristBlade":0,"Golden Idol":4,"Bird Faced Urn":6,"Ring of the Snake":0},{"WristBlade":0,"Golden Idol":2,"Bird Faced Urn":4,"Ring of the Snake":0},{"WristBlade":0,"Golden Idol":7,"Bird Faced Urn":23,"Ring of the Snake":0}]},"card_choices":[{"not_picked":["Quick Slash","Outmaneuver"],"picked":"Flying Knee","floor":1},{"not_picked":["Poisoned Stab","Backflip"],"picked":"Accuracy","floor":2},{"not_picked":["Deflect","Dodge and Roll"],"picked":"Backflip","floor":5},{"not_picked":["Reflex","Deadly Poison","Dagger Throw"],"picked":"SKIP","floor":6}],"player_experience":3057129,"relics_obtained":[{"floor":6,"key":"Bird Faced Urn"}],"event_choices":[{"damage_healed":0,"gold_gain":0,"player_choice":"Lose Max HP","damage_taken":0,"relics_obtained":["Golden Idol"],"max_hp_gain":0,"max_hp_loss":6,"event_name":"Golden Idol","floor":4,"gold_loss":0}],"is_beta":false,"boss_relics":[],"items_purged_floors":[],"is_endless":false,"potions_floor_spawned":[2],"killed_by":"Lagavulin","ascension_level":18}}