{"host":"Jinnai","time":1608609619,"event":{"mods":["BaseMod","Bestiary","Block Reminder","Colored Map","Colored Powertips","Highlight Path","Keyboard Shortcuts","Minty Spire (QoL Compilation)","Quick Restart","Relic Stats"],"gold_per_floor":[109,109,126,136,136,136,136],"floor_reached":6,"playtime":228,"items_purged":[],"score":70,"play_id":"c19cf086-eb6c-4185-a87c-3cd8999d8c8f","local_time":"20201221230019","is_ascension_mode":true,"campfire_choices":[],"circlet_count":0,"master_deck":["AscendersBane","Strike_P","Strike_P","Strike_P","Strike_P","Defend_P","Defend_P","Defend_P","Eruption","Vigilance","CutThroughFate","CrushJoints","EmptyFist"],"relics":["PureWater","Omamori"],"acts_visited":["Exordium"],"potions_floor_usage":[],"damage_taken":[{"damage":2,"enemies":"2 Louse","floor":1,"turns":3},{"damage":7,"enemies":"Small Slimes","floor":3,"turns":4},{"damage":0,"enemies":"Jaw Worm","floor":4,"turns":2},{"damage":63,"enemies":"Gremlin Nob","floor":6,"turns":4}],"seed_played":"3716770349838131916","potions_obtained":[{"floor":4,"key":"Dexterity Potion"}],"is_trial":false,"path_per_floor":["M","?","M","M","?","E"],"character_chosen":"WATCHER","items_purchased":[],"campfire_rested":0,"item_purchase_floors":[],"current_hp_per_floor":[59,64,57,57,50,0,0],"gold":136,"neow_bonus":"RANDOM_COMMON_RELIC","is_daily":false,"chose_seed":false,"campfire_upgraded":0,"win_rate":0.0,"timestamp":1608609619,"path_taken":["M","?","M","M","?","E"],"items_purchased_type":[],"build_version":"2020-12-18","purchased_purges":0,"victory":false,"max_hp_per_floor":[68,73,73,73,73,73,73],"relic_stats":{"counters":[4,13],"obtain_stats":[{"Omamori":0,"PureWater":0},{"Omamori":0,"PureWater":0},{"Omamori":0,"PureWater":0}]},"card_choices":[{"not_picked":["JustLucky","Halt"],"picked":"CutThroughFate","floor":1},{"not_picked":["SashWhip","ClearTheMind"],"picked":"CrushJoints","floor":3},{"not_picked":["Protect","SashWhip"],"picked":"EmptyFist","floor":4}],"player_experience":1482815,"relics_obtained":[],"event_choices":[{"damage_healed":0,"gold_gain":0,"player_choice":"Donut","damage_taken":0,"max_hp_gain":5,"max_hp_loss":0,"event_name":"Big Fish","floor":2,"gold_loss":0},{"cards_removed":["Defend_P"],"damage_healed":0,"gold_gain":0,"player_choice":"Card Removal","damage_taken":7,"max_hp_gain":0,"max_hp_loss":0,"event_name":"Golden Wing","floor":5,"gold_loss":0}],"is_beta":true,"boss_relics":[],"items_purged_floors":[],"is_endless":false,"potions_floor_spawned":[4],"killed_by":"Gremlin Nob","ascension_level":19}}