{"host":"uv231blk40vjdojr","time":1608648827,"event":{"mods":["BaseMod","Minty Spire (QoL Compilation)","Relic Stats"],"gold_per_floor":[118,79,79,79,95,122,122,171,226,226,244,272,272,284,284,363,363,378,388,388,313,332,359,359,359,359,359,391,20,46,58,58,129,129,144,44,69,81,81,109,109,123,150,150,164,8,8,8,8,8],"floor_reached":51,"playtime":1847,"items_purged":["Defend_R","Barricade"],"score":1300,"play_id":"51784155-b0cb-4ab9-b05a-189fe938fa1e","local_time":"20201222155347","is_ascension_mode":true,"campfire_choices":[{"data":"Whirlwind","floor":7.0,"key":"SMITH"},{"data":"Inflame","floor":10.0,"key":"SMITH"},{"data":"Barricade","floor":13.0,"key":"SMITH"},{"data":"Fire Breathing","floor":15.0,"key":"SMITH"},{"floor":25,"key":"REST"},{"floor":27,"key":"REST"},{"floor":32,"key":"REST"},{"floor":41,"key":"REST"},{"floor":44,"key":"REST"},{"floor":49,"key":"REST"}],"circlet_count":0,"master_deck":["AscendersBane","Bash","Whirlwind+1","Inflame+1","Reckless Charge","Sword Boomerang","Barricade+1","Fire Breathing+1","Brutality","Armaments+1","Flame Barrier","Infernal Blade+1","Corruption","Second Wind","Offering","Thunderclap","Second Wind","Body Slam+1","Wild Strike","Shockwave+1","Inflame+1","Offering","Anger+1","Mayhem","Entrench"],"relics":["Burning Blood","NeowsBlessing","Sundial","Dream Catcher","Oddly Smooth Stone","Bottled Tornado","Fusion Hammer","Strawberry","Gremlin Horn","Toy Ornithopter","Nunchaku","Lee\u0027s Waffle","Vajra","Pandora\u0027s Box","Unceasing Top","Mummified Hand","Bronze Scales","Frozen Eye"],"acts_visited":["Exordium","TheCity","TheBeyond"],"potions_floor_usage":[23,23,30,42,42],"damage_taken":[{"damage":0.0,"enemies":"Small Slimes","floor":1.0,"turns":2.0},{"damage":0.0,"enemies":"Jaw Worm","floor":5.0,"turns":1.0},{"damage":0.0,"enemies":"3 Sentries","floor":6.0,"turns":1.0},{"damage":0.0,"enemies":"Cultist","floor":11.0,"turns":2.0},{"damage":20.0,"enemies":"Lagavulin","floor":12.0,"turns":4.0},{"damage":7.0,"enemies":"3 Louse","floor":14.0,"turns":3.0},{"damage":38.0,"enemies":"Slime Boss","floor":16.0,"turns":6.0},{"damage":14.0,"enemies":"3 Byrds","floor":18.0,"turns":4.0},{"damage":0.0,"enemies":"Spheric Guardian","floor":19.0,"turns":3.0},{"damage":26.0,"enemies":"Centurion and Healer","floor":22.0,"turns":4.0},{"damage":31,"enemies":"Slavers","floor":23,"turns":3},{"damage":46,"enemies":"Book of Stabbing","floor":28,"turns":6},{"damage":25,"enemies":"Slavers","floor":30,"turns":3},{"damage":20,"enemies":"Shelled Parasite and Fungi","floor":31,"turns":2},{"damage":61,"enemies":"Collector","floor":33,"turns":8},{"damage":28,"enemies":"3 Shapes","floor":35,"turns":2},{"damage":1,"enemies":"Mind Bloom Boss Battle","floor":37,"turns":3},{"damage":21,"enemies":"3 Darklings","floor":38,"turns":3},{"damage":50,"enemies":"Nemesis","floor":40,"turns":5},{"damage":22,"enemies":"Spire Growth","floor":42,"turns":3},{"damage":14,"enemies":"Sphere and 2 Shapes","floor":45,"turns":3},{"damage":88,"enemies":"Donu and Deca","floor":50,"turns":5}],"seed_played":"3587244876643713930","potions_obtained":[{"floor":6.0,"key":"DuplicationPotion"},{"floor":11.0,"key":"Strength Potion"},{"floor":12.0,"key":"Regen Potion"},{"floor":18.0,"key":"Fire Potion"},{"floor":19.0,"key":"Weak Potion"},{"floor":23,"key":"EssenceOfSteel"},{"floor":28,"key":"SneckoOil"},{"floor":30,"key":"Strength Potion"},{"floor":37,"key":"EntropicBrew"},{"floor":40,"key":"PowerPotion"}],"is_trial":false,"path_per_floor":["M","$","?","?","M","E","R","T","T","R","M","E","R","M","R","B",null,"M","M","?","?","M","E","?","R","T","R","E","$","E","M","R","B",null,"M","$","?","M","?","E","R","M","T","R","M","$","?","$","R","B",null],"character_chosen":"IRONCLAD","items_purchased":["Inflame","Nunchaku","Lee\u0027s Waffle","Frozen Eye"],"campfire_rested":6,"item_purchase_floors":[2,29,29,46],"current_hp_per_floor":[74,74,67,67,73,75,75,75,75,75,75,61,61,60,60,43,67,59,65,65,65,45,27,27,51,51,75,35,89,70,56,82,27,74,52,52,57,42,73,29,50,44,44,65,57,57,57,57,73,25],"gold":8,"neow_bonus":"THREE_ENEMY_KILL","is_daily":false,"chose_seed":false,"campfire_upgraded":4,"win_rate":0.0,"timestamp":1608648827,"path_taken":["M","$","?","?","M","E","R","?","T","R","M","E","R","?","R","BOSS","M","M","?","?","M","E","?","R","T","R","E","$","E","M","R","BOSS","M","$","?","M","?","E","R","M","T","R","M","$","?","?","R","BOSS"],"items_purchased_type":["Card","Relic","Relic","Relic"],"build_version":"2020-12-13","purchased_purges":2,"victory":true,"max_hp_per_floor":[75,75,75,75,75,75,75,75,75,75,75,75,75,75,75,75,75,75,75,75,75,75,82,82,82,82,82,82,89,89,89,89,89,89,89,89,89,89,73,73,73,73,73,73,73,73,73,73,73,73],"relic_stats":{"Lee\u0027s Waffle":54,"Gremlin Horn":[14,14],"counters":[22,76],"Burning Blood":122,"Dream Catcher":6,"Nunchaku":[9],"Sundial":[10],"Mummified Hand":[13],"Bronze Scales":[18],"Pandora\u0027s Box":["Second Wind","Offering","Barricade","Thunderclap","Second Wind"],"obtain_stats":[{"Lee\u0027s Waffle":29,"NeowsBlessing":0,"Gremlin Horn":26,"Oddly Smooth Stone":9,"Vajra":30,"Bottled Tornado":12,"Burning Blood":0,"Frozen Eye":46,"Dream Catcher":8,"Nunchaku":29,"Sundial":6,"Mummified Hand":40,"Strawberry":23,"Bronze Scales":43,"Pandora\u0027s Box":34,"Fusion Hammer":17,"Toy Ornithopter":28,"Unceasing Top":37},{"Lee\u0027s Waffle":12,"NeowsBlessing":0,"Gremlin Horn":11,"Oddly Smooth Stone":3,"Vajra":13,"Bottled Tornado":5,"Burning Blood":0,"Frozen Eye":21,"Dream Catcher":3,"Nunchaku":12,"Sundial":3,"Mummified Hand":19,"Strawberry":11,"Bronze Scales":20,"Pandora\u0027s Box":15,"Fusion Hammer":7,"Toy Ornithopter":12,"Unceasing Top":17},{"Lee\u0027s Waffle":39,"NeowsBlessing":0,"Gremlin Horn":33,"Oddly Smooth Stone":4,"Vajra":42,"Bottled Tornado":10,"Burning Blood":0,"Frozen Eye":71,"Dream Catcher":4,"Nunchaku":39,"Sundial":4,"Mummified Hand":65,"Strawberry":33,"Bronze Scales":68,"Pandora\u0027s Box":52,"Fusion Hammer":19,"Toy Ornithopter":39,"Unceasing Top":57}],"Toy Ornithopter":10,"Unceasing Top":[17]},"card_choices":[{"not_picked":["Body Slam","Anger"],"picked":"Whirlwind","floor":1.0},{"not_picked":["Flex","Warcry","Burning Pact"],"picked":"SKIP","floor":5.0},{"not_picked":["Hemokinesis","Rampage"],"picked":"Reckless Charge","floor":6.0},{"not_picked":["Sentinel","Iron Wave"],"picked":"Sword Boomerang","floor":11.0},{"not_picked":["Bloodletting","Wild Strike"],"picked":"Barricade","floor":12.0},{"not_picked":["Sword Boomerang","Hemokinesis"],"picked":"Fire Breathing","floor":14.0},{"not_picked":["Exhume","Double Tap"],"picked":"Brutality","floor":16.0},{"not_picked":["Combust","Clothesline","Burning Pact"],"picked":"SKIP","floor":18.0},{"not_picked":["Clothesline","Fire Breathing","Sword Boomerang"],"picked":"SKIP","floor":19.0},{"not_picked":["True Grit","Rampage","Anger"],"picked":"SKIP","floor":22.0},{"not_picked":["Brutality","Entrench"],"picked":"Armaments+1","floor":23},{"not_picked":["Body Slam","Twin Strike"],"picked":"Flame Barrier","floor":25},{"not_picked":["Cleave","Combust","Sword Boomerang"],"picked":"SKIP","floor":28},{"not_picked":["True Grit","Perfected Strike","Metallicize"],"picked":"SKIP","floor":30},{"not_picked":["Perfected Strike","Berserk","Armaments"],"picked":"SKIP","floor":31},{"not_picked":["Hemokinesis+1","Clothesline"],"picked":"Infernal Blade+1","floor":32},{"not_picked":["Limit Break","Offering"],"picked":"Corruption","floor":33},{"not_picked":["Reckless Charge","Power Through"],"picked":"Body Slam+1","floor":35},{"not_picked":["Pummel","Headbutt"],"picked":"Wild Strike","floor":38},{"not_picked":["Hemokinesis","Combust"],"picked":"Shockwave+1","floor":40},{"not_picked":["Pommel Strike","Rupture+1"],"picked":"Inflame+1","floor":42},{"not_picked":["Twin Strike","Metallicize"],"picked":"Offering","floor":44},{"not_picked":["Cleave","Sword Boomerang"],"picked":"Anger+1","floor":45},{"not_picked":["Deep Breath","Purity"],"picked":"Mayhem","floor":47},{"not_picked":["Second Wind","Intimidate"],"picked":"Entrench","floor":49}],"player_experience":522608,"relics_obtained":[{"floor":6.0,"key":"Sundial"},{"floor":8.0,"key":"Dream Catcher"},{"floor":9.0,"key":"Oddly Smooth Stone"},{"floor":12.0,"key":"Bottled Tornado"},{"floor":23,"key":"Strawberry"},{"floor":26,"key":"Gremlin Horn"},{"floor":28,"key":"Toy Ornithopter"},{"floor":30,"key":"Vajra"},{"floor":37,"key":"Unceasing Top"},{"floor":40,"key":"Mummified Hand"},{"floor":43,"key":"Bronze Scales"}],"event_choices":[{"cards_removed":["Strike_R"],"damage_healed":0.0,"max_hp_gain":0.0,"max_hp_loss":0.0,"gold_gain":0.0,"event_name":"Golden Wing","player_choice":"Card Removal","floor":3.0,"gold_loss":0.0,"damage_taken":7.0},{"damage_healed":0.0,"max_hp_gain":0.0,"max_hp_loss":0.0,"gold_gain":0.0,"event_name":"Liars Game","player_choice":"Ignored","floor":4.0,"gold_loss":0.0,"damage_taken":0.0},{"damage_healed":0.0,"max_hp_gain":0.0,"max_hp_loss":0.0,"gold_gain":0.0,"event_name":"Ghosts","player_choice":"Ignored","floor":20.0,"gold_loss":0.0,"damage_taken":0.0},{"cards_removed":["Strike_R"],"damage_healed":0.0,"max_hp_gain":0.0,"max_hp_loss":0.0,"gold_gain":0.0,"event_name":"Beggar","player_choice":"Gave Gold","floor":21.0,"gold_loss":75.0,"damage_taken":0.0},{"cards_removed":["Strike_R"],"damage_healed":0,"gold_gain":0,"player_choice":"Purged","damage_taken":0,"max_hp_gain":0,"max_hp_loss":0,"event_name":"Purifier","floor":24,"gold_loss":0},{"damage_healed":0,"gold_gain":0,"player_choice":"Fight","damage_taken":0,"max_hp_gain":0,"max_hp_loss":0,"event_name":"MindBloom","floor":37,"gold_loss":0},{"damage_healed":73,"gold_gain":0,"player_choice":"Heal","damage_taken":0,"max_hp_gain":0,"max_hp_loss":16,"event_name":"The Moai Head","floor":39,"gold_loss":0},{"damage_healed":0,"gold_gain":0,"player_choice":"Memory 1","damage_taken":0,"max_hp_gain":0,"max_hp_loss":0,"event_name":"SensoryStone","floor":47,"gold_loss":0}],"is_beta":false,"boss_relics":[{"not_picked":["Coffee Dripper","Runic Dome"],"picked":"Fusion Hammer"},{"not_picked":["Velvet Choker","Empty Cage"],"picked":"Pandora\u0027s Box"}],"items_purged_floors":[29,36],"is_endless":false,"potions_floor_spawned":[6,11,12,18,19,23,28,30,37,38,40,42,45],"ascension_level":15}}