{"host":"0jm2u9rma46qko29","time":1608622132,"event":{"mods":["Act Like it!","BaseMod","Better Altar","Better Note","Better Skull","Better Third Choice","CapriCore","Friendly Minions","Hermit","JesterMod","Luminous","Marisa????????","Minty Spire (QoL Compilation)","Relic Stats","Robot Space Explorer","Shade Mod","Shop Mod","StSLib","The Alterego","The Dragon Tamer","UnlockEverythingMod","Waifu the Spire"],"gold_per_floor":[111,71,87,87,106,106,136,136,136,154,53,53,66,78,78,174,174,139,70,70,81,6,6,36,36,36,36,36,56,67,93,93,197,197,213,263,5,5,56,56,56,56],"floor_reached":40,"playtime":2634,"items_purged":[],"score":447,"play_id":"72f7abe9-d46f-40a8-ae8e-75684a517307","local_time":"20201222012852","is_ascension_mode":false,"metric_token":1427,"campfire_choices":[{"data":"DTMod:FlameSlash","floor":6,"key":"SMITH"},{"data":"DTMod:SwitchingTactic","floor":8,"key":"SMITH"},{"floor":15,"key":"REST"},{"data":"DTMod:Training","floor":23,"key":"SMITH"},{"data":"DTMod:Weaken","floor":25,"key":"SMITH"},{"data":"DTMod:DoubleHit","floor":27,"key":"SMITH"},{"floor":32,"key":"REST"}],"dtmod_dragon_data":[3,58,2,0,12,0],"circlet_count":0,"master_deck":["DTMod:Strike","DTMod:DoubleHit+1","DTMod:TargetDefense","DTMod:TargetDefense","DTMod:TargetDefense","DTMod:TargetDefense","DTMod:SwitchingTactic+1","DTMod:HeatWave","DTMod:FlameSlash+1","DTMod:Overwhelm","DTMod:MagicField","DTMod:LightShield","DTMod:Training+1","DTMod:TauntingStrike","DTMod:DeepFocus","DTMod:CrossStep","DTMod:OpeningTactic","DTMod:Weaken+1","DTMod:Dissolve","DTMod:BlazingStrike+1","DTMod:ShadowImage","DTMod:Weaken","DTMod:DarkBreath+1","DTMod:BalancedStrike","DTMod:HeadStart","DTMod:ComboAttack+1","DTMod:BizarreTactic+1","DTMod:StarRain+1"],"relics":["DTMod:PactStone","NeowsBlessing","betterThird:SlimedRelic","Blue Candle","DTMod:TacticalNote","Gremlin Horn","Black Star","Mummified Hand","Kunai","InkBottle","Frozen Egg 2","Pocketwatch","DTMod:TheChair","Lizard Tail","Shuriken","Du-Vu Doll"],"acts_visited":["Exordium","TheCity","TheBeyond"],"potions_floor_usage":[7,24],"damage_taken":[{"damage":0,"enemies":"Cultist","floor":1,"turns":1},{"damage":0,"enemies":"2 Louse","floor":3,"turns":1},{"damage":0,"enemies":"Small Slimes","floor":5,"turns":1},{"damage":0,"enemies":"Lagavulin","floor":7,"turns":7},{"damage":9,"enemies":"Exordium Thugs","floor":10,"turns":4},{"damage":0,"enemies":"Exordium Wildlife","floor":13,"turns":3},{"damage":0,"enemies":"Red Slaver","floor":14,"turns":5},{"damage":2,"enemies":"The Guardian","floor":16,"turns":18},{"damage":9,"enemies":"2 Thieves","floor":18,"turns":5},{"damage":2,"enemies":"3 Byrds","floor":21,"turns":7},{"damage":10,"enemies":"Slavers","floor":24,"turns":7},{"damage":0,"enemies":"Snecko","floor":29,"turns":5},{"damage":0,"enemies":"Snake Plant","floor":30,"turns":5},{"damage":1,"enemies":"Book of Stabbing","floor":31,"turns":7},{"damage":1,"enemies":"Champ","floor":33,"turns":11},{"damage":0,"enemies":"Orb Walker","floor":35,"turns":4},{"damage":7,"enemies":"Mind Bloom Boss Battle","floor":36,"turns":9},{"damage":0,"enemies":"2 Orb Walkers","floor":39,"turns":7},{"damage":0,"enemies":"Reptomancer","floor":40,"turns":1}],"seed_played":"4400319917799211613","potions_obtained":[{"floor":3,"key":"Energy Potion"},{"floor":14,"key":"CultistPotion"},{"floor":16,"key":"DistilledChaos"},{"floor":21,"key":"SteroidPotion"},{"floor":30,"key":"Explosive Potion"},{"floor":31,"key":"GamblersBrew"}],"is_trial":false,"path_per_floor":["M","?","M","?","M","R","E","R","T","M","$","T","M","M","R","B",null,"M","$","?","M","?","R","E","R","T","R","$","M","M","E","R","B",null,"M","?","$","?","?","E"],"character_chosen":"THE_DT","items_purchased":["DTMod:Training","DTMod:TauntingStrike","DTMod:Dissolve","Shuriken"],"campfire_rested":2,"item_purchase_floors":[11,11,19,37],"current_hp_per_floor":[45,34,34,34,34,34,34,34,34,25,25,25,25,25,38,36,45,36,36,36,34,34,34,24,24,24,24,24,24,24,23,36,35,45,45,38,38,38,38,38,38,38],"gold":56,"neow_bonus":"THREE_ENEMY_KILL","is_daily":false,"chose_seed":false,"campfire_upgraded":5,"win_rate":0.0,"timestamp":1608622132,"path_taken":["M","?","M","?","?","R","E","R","T","M","$","?","?","M","R","BOSS","M","?","?","?","?","R","E","R","T","R","?","?","M","E","R","BOSS","M","?","$","?","?","E"],"items_purchased_type":["Card","Card","Card","Relic"],"build_version":"2020-12-13","purchased_purges":0,"victory":false,"max_hp_per_floor":[45,45,45,45,45,45,45,45,45,45,45,45,45,45,45,45,45,45,45,45,45,45,45,45,45,45,45,45,45,45,45,45,45,45,45,45,45,45,45,45,45,45],"relic_stats":{"Lizard Tail":0,"Gremlin Horn":[7,7],"counters":[19,108],"Mummified Hand":[20],"Shuriken":[1],"Blue Candle":[0],"Black Star":2,"Kunai":[12],"obtain_stats":[{"NeowsBlessing":0,"Gremlin Horn":12,"Blue Candle":7,"DTMod:TheChair":34,"Frozen Egg 2":31,"Du-Vu Doll":39,"Lizard Tail":36,"DTMod:TacticalNote":9,"DTMod:PactStone":0,"Mummified Hand":24,"Shuriken":37,"betterThird:SlimedRelic":2,"Black Star":17,"Kunai":24,"InkBottle":26,"Pocketwatch":31},{"NeowsBlessing":0,"Gremlin Horn":5,"Blue Candle":4,"DTMod:TheChair":15,"Frozen Egg 2":14,"Du-Vu Doll":18,"Lizard Tail":17,"DTMod:TacticalNote":4,"DTMod:PactStone":0,"Mummified Hand":11,"Shuriken":17,"betterThird:SlimedRelic":1,"Black Star":8,"Kunai":11,"InkBottle":11,"Pocketwatch":14},{"NeowsBlessing":0,"Gremlin Horn":14,"Blue Candle":10,"DTMod:TheChair":87,"Frozen Egg 2":76,"Du-Vu Doll":107,"Lizard Tail":100,"DTMod:TacticalNote":10,"DTMod:PactStone":0,"Mummified Hand":59,"Shuriken":100,"betterThird:SlimedRelic":1,"Black Star":40,"Kunai":59,"InkBottle":59,"Pocketwatch":76}],"InkBottle":[16],"Pocketwatch":[24]},"card_choices":[{"not_picked":["DTMod:Feint","DTMod:RecklessFlurry"],"picked":"DTMod:HeatWave","floor":1},{"not_picked":["DTMod:QuickFly","DTMod:HeatWave"],"picked":"DTMod:FlameSlash","floor":3},{"not_picked":["DTMod:Cover","DTMod:Shift"],"picked":"DTMod:Overwhelm","floor":5},{"not_picked":["DTMod:Threaten","DTMod:PurifyingFlame"],"picked":"DTMod:MagicField","floor":7},{"not_picked":["DTMod:Training","DTMod:Feint"],"picked":"DTMod:LightShield","floor":10},{"not_picked":["DTMod:BuildUp","DTMod:Threaten"],"picked":"DTMod:DeepFocus","floor":13},{"not_picked":["DTMod:Adaptation","DTMod:BalancedStrike"],"picked":"DTMod:CrossStep","floor":14},{"not_picked":["DTMod:Prediction","DTMod:EchoTactic"],"picked":"DTMod:OpeningTactic","floor":16},{"not_picked":["DTMod:MagicField","DTMod:QuickFly"],"picked":"DTMod:Weaken","floor":18},{"not_picked":["DTMod:HeatWave","DTMod:BuildUp"],"picked":"DTMod:BlazingStrike+1","floor":21},{"not_picked":["DTMod:TagTeam","DTMod:BizarreTactic"],"picked":"DTMod:ShadowImage","floor":24},{"not_picked":["DTMod:BalancedStrike+1","DTMod:HeatWave"],"picked":"DTMod:Weaken","floor":29},{"not_picked":["DTMod:MaximumCharge","DTMod:RunningTactic"],"picked":"DTMod:DarkBreath+1","floor":30},{"not_picked":["DTMod:BurningEnergy","DTMod:StarRain"],"picked":"DTMod:BalancedStrike","floor":31},{"not_picked":["DTMod:SealedStrike","DTMod:Inferno"],"picked":"DTMod:HeadStart","floor":33},{"not_picked":["DTMod:Cover+1","DTMod:Conduct+1"],"picked":"DTMod:ComboAttack+1","floor":35},{"not_picked":["DTMod:FlameSlash+1","DTMod:HeatWave+1"],"picked":"DTMod:BizarreTactic+1","floor":36},{"not_picked":["DTMod:Haste","DTMod:BreakAttack"],"picked":"DTMod:StarRain+1","floor":39}],"player_experience":163857,"relics_obtained":[{"floor":7,"key":"Blue Candle"},{"floor":9,"key":"DTMod:TacticalNote"},{"floor":12,"key":"Gremlin Horn"},{"floor":24,"key":"Mummified Hand"},{"floor":24,"key":"Kunai"},{"floor":26,"key":"InkBottle"},{"floor":31,"key":"Frozen Egg 2"},{"floor":31,"key":"Pocketwatch"},{"floor":36,"key":"Lizard Tail"},{"floor":39,"key":"Du-Vu Doll"}],"event_choices":[{"damage_healed":0,"gold_gain":0,"player_choice":"Slimed","damage_taken":11,"max_hp_gain":0,"max_hp_loss":0,"event_name":"betterThird:BetterGoop","floor":2,"gold_loss":40},{"cards_removed":["DTMod:Strike"],"damage_healed":0,"gold_gain":0,"player_choice":"Purged","damage_taken":0,"max_hp_gain":0,"max_hp_loss":0,"event_name":"Purifier","floor":4,"gold_loss":0},{"damage_healed":0,"gold_gain":0,"player_choice":"Ignored","damage_taken":0,"max_hp_gain":0,"max_hp_loss":0,"event_name":"betterNote:BetterNote","floor":20,"gold_loss":0,"cards_obtained":["Barricade"]},{"cards_removed":["DTMod:Strike"],"damage_healed":0,"gold_gain":0,"player_choice":"Gave Gold","damage_taken":0,"max_hp_gain":0,"max_hp_loss":0,"event_name":"Beggar","floor":22,"gold_loss":75},{"damage_healed":0,"gold_gain":0,"player_choice":"Fight","damage_taken":0,"max_hp_gain":0,"max_hp_loss":0,"event_name":"MindBloom","floor":36,"gold_loss":0},{"cards_removed":["DTMod:Strike"],"damage_healed":0,"gold_gain":0,"player_choice":"Removed Attack","damage_taken":0,"max_hp_gain":0,"max_hp_loss":0,"event_name":"Falling","floor":38,"gold_loss":0},{"damage_healed":0,"gold_gain":0,"player_choice":"Fight","damage_taken":0,"max_hp_gain":0,"max_hp_loss":0,"event_name":"Mysterious Sphere","floor":39,"gold_loss":0}],"is_beta":false,"boss_relics":[{"not_picked":["Philosopher\u0027s Stone","Tiny House"],"picked":"Black Star"},{"not_picked":["Calling Bell","Empty Cage"],"picked":"DTMod:TheChair"}],"items_purged_floors":[],"is_endless":false,"potions_floor_spawned":[3,14,16,21,30,31],"killed_by":"Reptomancer","ascension_level":0}}