{"host":"uc9rcmnrswh1l0kc","time":1608604463,"event":{"mods":["2.2 Compatiblity","A Magickal Journey","Aspiration","BaseMod","Bestiary","Better Altar","Better Third Choice","BetterRewards","Block Reminder","Colorless Booster Pack","Conspire","Defective Defect","Defuse TimeMaze Blight","Displayed Cursed Tome","Ekko","Energized Spire","GifTheSpireLib","Infinite Spire","Ironclad Rager","Minty Spire (QoL Compilation)","Rare Cards Sparkle","Red Circlet Mod","Relic Stats","Replay The Spire","SacredBarkPlus","Shop Mod","Spicy Shops","StSLib","Stuff the Spire","The Blackbeard","The Bladedancer","The Blue Laboratory","The Death Knight","The Edgeheg","The Necromancer","Uncapped","Watcher Patcher","everything is the same but u backflip on backflip","vexMod"],"gold_per_floor":[118,118,52,70,19,50,50,63,87,87,99,99,116,142,142,244,244,254,8,26,43,133,133,149,164,164,164,164],"floor_reached":27,"playtime":829,"items_purged":[],"score":215,"play_id":"a2199e28-62fb-4367-8844-5443b0b5ce77","local_time":"20201221213423","is_ascension_mode":false,"campfire_choices":[{"data":"Barricade","floor":7,"key":"SMITH"},{"data":"ReplayTheSpireMod:Limb From Limb","floor":12,"key":"SMITH"},{"data":"Bash","floor":15,"key":"SMITH"},{"data":"Corruption","floor":23,"key":"SMITH"}],"circlet_count":0,"master_deck":["Strike_R","Strike_R","Strike_R","Strike_R","Strike_R","Defend_R","Defend_R","Defend_R","Defend_R","Bash+1","ICR:Dodge","ICR:VenomStrike","Barricade+1","Iron Wave","Flex+1","Carnage+1","ReplayTheSpireMod:Limb From Limb+1","Impervious","Corruption+1","StuffTheSpire:Incineration","StuffTheSpire:Slingshot+1","Iron Wave"],"relics":["Burning Blood","StuffTheSpire:RedRose","Counterbalance","Happy Flower","Replay:Baseball","vexMod:MysteryBossChallenge","conspire:SlowCooker","Question Card","Blue Candle"],"acts_visited":["Exordium","TheCity"],"potions_floor_usage":[6,21,24,25],"damage_taken":[{"damage":7,"enemies":"2 Louse","floor":1,"turns":2},{"damage":14,"enemies":"Jaw Worm","floor":4,"turns":3},{"damage":27,"enemies":"3 Sentries","floor":6,"turns":6},{"damage":2,"enemies":"Cultist","floor":8,"turns":2},{"damage":0,"enemies":"Large Slime","floor":11,"turns":5},{"damage":6,"enemies":"Exordium Thugs","floor":13,"turns":4},{"damage":29,"enemies":"Fading Forest","floor":16,"turns":11},{"damage":7,"enemies":"conspire:FuzzyDice","floor":18,"turns":4},{"damage":12,"enemies":"Shell Parasite","floor":20,"turns":6},{"damage":31,"enemies":"Snake Plant","floor":21,"turns":4},{"damage":27,"enemies":"Snecko","floor":24,"turns":5},{"damage":12,"enemies":"Centurion and Healer","floor":25,"turns":5},{"damage":9,"enemies":"Snake Plant","floor":27,"turns":1}],"seed_played":"-5350025711170626437","potions_obtained":[{"floor":4,"key":"SkillPotion"},{"floor":8,"key":"Explosive Potion"},{"floor":13,"key":"blueLaboratory:BubblePotion"},{"floor":16,"key":"Energy Potion"},{"floor":24,"key":"blueLaboratory:BottledHope"},{"floor":25,"key":"Languid Potion"}],"is_trial":false,"path_per_floor":["M","?","$","M","$","E","R","M","T","?","M","R","M","T","R","B",null,"M","$","M","M","?","R","M","M","T","M"],"character_chosen":"IRONCLAD","items_purchased":["Flex+1","Carnage+1","Question Card"],"campfire_rested":0,"item_purchase_floors":[3,5,19],"current_hp_per_floor":[79,79,79,71,71,50,50,54,54,47,53,53,53,53,53,44,80,79,79,73,48,36,36,15,9,9,0,0],"gold":164,"neow_bonus":"THREE_RARE_CARDS","is_daily":false,"chose_seed":false,"campfire_upgraded":4,"win_rate":0.0,"timestamp":1608604463,"path_taken":["M","?","$","M","$","E","R","M","T","?","M","R","M","?","R","BOSS","M","$","?","M","?","R","M","M","T","M"],"items_purchased_type":["Card","Card","Relic"],"build_version":"2020-12-13","purchased_purges":0,"victory":false,"max_hp_per_floor":[80,80,80,80,80,80,80,80,80,80,80,80,80,80,80,80,80,80,80,80,80,80,80,80,80,80,80,80],"relic_stats":{"Happy Flower":[15],"counters":[13,58],"Blue Candle":[0],"Question Card":4,"obtain_stats":[{"Replay:Baseball":14,"Happy Flower":9,"Counterbalance":6,"Blue Candle":26,"vexMod:MysteryBossChallenge":17,"conspire:SlowCooker":17,"StuffTheSpire:RedRose":2,"Question Card":19,"Burning Blood":0},{"Replay:Baseball":6,"Happy Flower":4,"Counterbalance":3,"Blue Candle":12,"vexMod:MysteryBossChallenge":7,"conspire:SlowCooker":7,"StuffTheSpire:RedRose":1,"Question Card":8,"Burning Blood":0},{"Replay:Baseball":22,"Happy Flower":13,"Counterbalance":11,"Blue Candle":57,"vexMod:MysteryBossChallenge":33,"conspire:SlowCooker":33,"StuffTheSpire:RedRose":2,"Question Card":37,"Burning Blood":0}],"Burning Blood":72},"card_choices":[{"not_picked":["conspire:Purge","conspire:HitWhereItHurts"],"picked":"Barricade","floor":0},{"not_picked":["StuffTheSpire:Incineration","Heavy Blade"],"picked":"Iron Wave","floor":1},{"not_picked":["Havoc","Combust","Twin Strike"],"picked":"SKIP","floor":4},{"not_picked":["Dual Wield","Rampage","Anger"],"picked":"SKIP","floor":6},{"not_picked":["Thunderclap","Heavy Blade"],"picked":"ReplayTheSpireMod:Limb From Limb","floor":8},{"not_picked":["ReplayTheSpireMod:Strike From Hell","Heavy Blade","Dual Wield"],"picked":"SKIP","floor":11},{"not_picked":["StuffTheSpire:Pyroclast","Thunderclap"],"picked":"Impervious","floor":13},{"not_picked":["conspire:HitWhereItHurts","Limit Break"],"picked":"Corruption","floor":16},{"not_picked":["Power Through","Wild Strike","Iron Wave"],"picked":"SKIP","floor":18},{"not_picked":["Sword Boomerang","StuffTheSpire:Pyroclast+1","Perfected Strike+1"],"picked":"StuffTheSpire:Incineration","floor":20},{"not_picked":["Flex","Thunderclap","Burning Pact"],"picked":"StuffTheSpire:Slingshot+1","floor":21},{"not_picked":["Twin Strike","Uppercut","Power Through+1","Fire Breathing"],"picked":"SKIP","floor":24},{"not_picked":["Evolve","Pummel+1","Armaments"],"picked":"Iron Wave","floor":25}],"player_experience":436493,"relics_obtained":[{"floor":6,"key":"Counterbalance"},{"floor":9,"key":"Happy Flower"},{"floor":14,"key":"Replay:Baseball"},{"floor":26,"key":"Blue Candle"}],"event_choices":[{"cards_removed":["Regret"],"damage_healed":0,"gold_gain":0,"player_choice":"Card Removal","damage_taken":7,"max_hp_gain":0,"max_hp_loss":0,"event_name":"Golden Wing","floor":10,"gold_loss":0},{"damage_healed":0,"gold_gain":90,"player_choice":"GOLD ","damage_taken":12,"max_hp_gain":0,"max_hp_loss":0,"event_name":"Knowing Skull","floor":22,"potions_obtained":[],"gold_loss":0,"cards_obtained":[]}],"is_beta":false,"boss_relics":[{"not_picked":["Empty Cage","energizedSpire:DecayingSkull"],"picked":"vexMod:MysteryBossChallenge"}],"items_purged_floors":[],"is_endless":false,"potions_floor_spawned":[4,8,13,16,24,25],"killed_by":"Snake Plant","ascension_level":0}}