{"host":"vd5put2n5b3t1prw","time":1608617827,"event":{"mods":["2.2 Compatiblity","AchievementEnabler","BaseMod","Better Altar","Better Match","Better Note","Better Sensory Stone","Better Silent Start","Better Skull","Better Third Choice","Better Vampires","Better-Laid Plans","BetterRewards","Block Reminder","Card Forge","Colored Map","Custom Start","Downfall","Emptier Cage","Marked Mod","Minty Spire (QoL Compilation)","Quick Restart","Random Character Button","Relic Stats","Reorder Act Four","Spicy Shops","StSLib","Transform Curses","Waifu the Spire"],"gold_per_floor":[113,133,147,422,442,472,472,505,505,539,557,257,338,363,363,462,462,474,487,487,487,487,487,412,412,412,327,327,16,42,54,54,149,149,161,175,175,175,186,218,218,243,243,57,90,90,103,103,103,103,103,65,65,93,93],"floor_reached":56,"playtime":5239,"items_purged":["hexamod:Float","hexamod:Strike","hexamod:Strike","Regret"],"score":1592,"play_id":"cb6104f8-4911-456f-ba98-b482720d3689","local_time":"20201222001707","is_ascension_mode":true,"campfire_choices":[{"data":"hexamod:GhostShield","floor":7,"key":"SMITH"},{"data":"hexamod:HexaLevel","floor":15,"key":"SMITH"},{"floor":23,"key":"RECALL"},{"data":"hexamod:VolcanoVisage","floor":32,"key":"SMITH"},{"data":"hexamod:VolcanoVisage","floor":41,"key":"SMITH"},{"floor":46,"key":"REST"},{"floor":49,"key":"REST"},{"floor":53,"key":"REST"}],"circlet_count":0,"master_deck":["hexamod:Defend+1","hexamod:Defend+1","hexamod:GhostShield+1","hexamod:HauntingEcho+1","hexamod:VolcanoVisage+1","hexamod:Firestarter+1","hexamod:SkipABeat+1","hexamod:BurningTouch+1","hexamod:Firestarter+1","hexamod:Hexaguard+1","hexamod:FastForward+1","hexamod:Firestarter+1","hexamod:PhantomFireball+1","hexamod:SpectersWail+1","hexamod:Hexaguard+1","hexamod:FlamesFromBeyond+1","hexamod:GhostShield+1","hexamod:HexaLevel+1","hexamod:HeatMetal+1","hexamod:ThirdSeal","hexamod:EtherealExpedition+1","hexamod:FastForward+1","hexamod:VolcanoVisage+1","hexamod:Toasty+1","hexamod:Hexaguard+1","hexamod:ThirdSeal","hexamod:SpectersWail+1","hexamod:SpectersWail+1","Creative AI+1","hexamod:SoulSteal+1","expansioncontent:Corrupt+1","expansioncontent:DashGenerateEvil+1","hexamod:SpectersWail+1","hexamod:SuperheatedStrike+1","hexamod:TimeOfNeed+1","hexamod:TurnItUp+1","hexamod:HeatCrush+1","hexamod:FourthSeal","Parasite","hexamod:DynamicBlow+1","hexamod:FirstSeal","hexamod:RainOfEmbers+1","hexamod:ThermalTransfer+1","hexamod:RainOfEmbers+1","hexamod:GhostOfSpirePresent+1","hexamod:PhantomFireball+1","hexamod:FastForward+1","hexamod:EtherealExpedition+1","hexamod:Hexaguard+1","hexamod:HeatCrush+1"],"relics":["hexamod:SpiritBrand","Hammer of Thor","Seething Fire","Anvil of the Gods","TungstenRod","Molten Egg 2","Toxic Egg 2","Juzu Bracelet","Membership Card","PreservedInsect","Orrery","Nunchaku","Darkstone Periapt","HornCleat","Vajra","War Paint","Eternal Feather","Odd Mushroom","hexamod:IceCube","CultistMask","Art of War","Pocketwatch","OrangePellets","ClockworkSouvenir","Happy Flower","SacredBark","Lizard Tail","Strawberry","Pantograph","hexamod:MatchstickCase","Pen Nib","Kunai"],"acts_visited":["Exordium","TheCity","TheBeyond","TheEnding"],"potions_floor_usage":[19,33,35,55,55,55],"damage_taken":[{"damage":1,"enemies":"2 Louse","floor":1,"turns":2},{"damage":0,"enemies":"Cultist","floor":2,"turns":2},{"damage":0,"enemies":"Small Slimes","floor":3,"turns":3},{"damage":6,"enemies":"3 Louse","floor":5,"turns":2},{"damage":4,"enemies":"Lagavulin","floor":6,"turns":5},{"damage":3,"enemies":"Gremlin Nob","floor":8,"turns":3},{"damage":7,"enemies":"3 Sentries","floor":10,"turns":4},{"damage":4,"enemies":"Exordium Thugs","floor":11,"turns":3},{"damage":1,"enemies":"The Mushroom Lair","floor":14,"turns":5},{"damage":18,"enemies":"Slime Boss","floor":16,"turns":7},{"damage":14,"enemies":"Spheric Guardian","floor":18,"turns":4},{"damage":14,"enemies":"2 Thieves","floor":19,"turns":4},{"damage":6,"enemies":"Shelled Parasite and Fungi","floor":25,"turns":4},{"damage":14,"enemies":"Gremlin Leader","floor":30,"turns":3},{"damage":0,"enemies":"Centurion and Healer","floor":31,"turns":4},{"damage":10,"enemies":"Champ","floor":33,"turns":7},{"damage":19,"enemies":"3 Darklings","floor":35,"turns":4},{"damage":0,"enemies":"3 Shapes","floor":36,"turns":3},{"damage":13,"enemies":"Writhing Mass","floor":39,"turns":6},{"damage":42,"enemies":"Nemesis","floor":40,"turns":7},{"damage":89,"enemies":"Reptomancer","floor":42,"turns":6},{"damage":41,"enemies":"Nemesis","floor":45,"turns":7},{"damage":5,"enemies":"Spire Growth","floor":47,"turns":4},{"damage":24,"enemies":"Time Eater","floor":50,"turns":8},{"damage":5,"enemies":"Shield and Spear","floor":54,"turns":4},{"damage":37,"enemies":"The Heart","floor":55,"turns":13}],"seed_played":"3361923488693566673","potions_obtained":[{"floor":2,"key":"PowerPotion"},{"floor":3,"key":"FairyPotion"},{"floor":8,"key":"Guardian:BlockOnCardUsePotion"},{"floor":18,"key":"Swift Potion"},{"floor":31,"key":"Strength Potion"},{"floor":33,"key":"SkillPotion"},{"floor":39,"key":"hexamod:DoubleChargePotion"},{"floor":42,"key":"FearPotion"},{"floor":45,"key":"DistilledChaos"}],"is_trial":false,"path_per_floor":["M","M","M","?","M","E","R","E","T","E","M","$","T","?","R","B",null,"M","M","?","?","?","R","?","M","T","?","?","$","E","M","R","B",null,"M","M","?","?","M","E","R","E","T","$","E","R","M","?","R","B",null,"$","R","E","B",null],"character_chosen":"THE_SPIRIT","items_purchased":["hexamod:GhostShield","TungstenRod","Molten Egg 2","Toxic Egg 2","hexamod:FastForward+1","Juzu Bracelet","Membership Card","PreservedInsect","Orrery","hexamod:Firestarter+1","hexamod:Hexaguard+1","hexamod:FastForward+1","hexamod:ThirdSeal","hexamod:EtherealExpedition+1","War Paint","Pocketwatch","OrangePellets","ClockworkSouvenir","expansioncontent:DashGenerateEvil+1","hexamod:MatchstickCase","hexamod:PhantomFireball+1","hexamod:FastForward+1","hexamod:HeatCrush+1"],"campfire_rested":3,"item_purchase_floors":[0,0,0,0,0,0,0,0,0,0,0,0,12,12,12,29,29,29,29,44,44,44,52],"current_hp_per_floor":[69,69,69,69,63,59,59,56,56,49,45,45,45,44,59,41,70,56,42,42,42,42,60,60,54,54,54,54,54,40,40,58,48,70,51,51,51,51,44,9,33,50,50,50,16,66,61,61,79,55,79,79,79,74,42],"gold":93,"neow_bonus":"","is_daily":false,"chose_seed":false,"campfire_upgraded":4,"win_rate":0.0,"timestamp":1608617827,"path_taken":["M","M","M","?","M","E","R","E","T","E","M","$","?","?","R","BOSS","M","M","?","?","?","R","?","M","T","?","?","$","E","M","R","BOSS","M","M","?","?","M","E","R","E","T","$","E","R","M","?","R","BOSS","$","R","E","BOSS"],"items_purchased_type":["Card","Relic","Relic","Relic","Card","Relic","Relic","Relic","Relic","Card","Card","Card","Card","Card","Relic","Relic","Relic","Relic","Card","Relic","Card","Card","Card"],"build_version":"2020-12-13","purchased_purges":4,"victory":true,"max_hp_per_floor":[70,70,70,70,70,70,70,70,70,70,70,70,70,70,70,70,70,70,70,70,70,70,70,70,70,70,70,70,70,70,70,70,70,70,70,70,70,66,72,72,72,79,79,79,79,79,79,79,79,79,79,79,79,79,79],"relic_stats":{"Darkstone Periapt":6,"Happy Flower":[24],"counters":[57,214],"Eternal Feather":120,"PreservedInsect":347,"Pen Nib":[4],"Juzu Bracelet":1,"War Paint":["hexamod:Sear","hexamod:Defend","hexamod:Defend","hexamod:Defend"],"OrangePellets":[6],"Nunchaku":[14],"Lizard Tail":36,"Pantograph":5,"Art of War":[12],"Kunai":[1],"obtain_stats":[{"Ice Cream":0,"Vajra":10,"Hammer of Thor":0,"Ginger":6,"Whetstone":0,"Lizard Tail":40,"HornCleat":9,"DollysMirror":0,"Sundial":25,"Strawberry":42,"Kunai":54,"Toxic Egg 2":0,"hexamod:SpiritBrand":0,"Happy Flower":30,"Dead Branch":8,"hexamod:TheBrokenSeal":39,"Eternal Feather":13,"Pen Nib":54,"War Paint":0,"Question Card":0,"Akabeko":37,"hexamod:MatchstickCase":44,"SlaversCollar":34,"OrangePellets":29,"Anvil of the Gods":0,"Shuriken":30,"Molten Egg 2":0,"CultistMask":20,"hexamod:SoulConsumer":3,"Unceasing Top":44,"Pocketwatch":29,"Darkstone Periapt":8,"Regal Pillow":23,"Torii":10,"SacredBark":34,"Incense Burner":14,"Juzu Bracelet":43,"Cursed Key":0,"ClockworkSouvenir":29,"Nunchaku":6,"Mummified Hand":0,"Pantograph":43,"Tiny Chest":22,"Thread and Needle":0,"PreservedInsect":0,"Seething Fire":0,"Odd Mushroom":14,"White Beast Statue":0,"Peace Pipe":42,"Anchor":40,"betterThird:SlimedRelic":13,"Orrery":0,"Ectoplasm":17,"Art of War":27,"Membership Card":12,"FossilizedHelix":9,"TungstenRod":0,"hexamod:IceCube":17},{"Ice Cream":29,"Vajra":38,"Hammer of Thor":0,"Ginger":5,"Whetstone":29,"Lizard Tail":51,"HornCleat":37,"DollysMirror":0,"Sundial":13,"Strawberry":52,"Kunai":56,"Toxic Egg 2":31,"hexamod:SpiritBrand":0,"Happy Flower":45,"Dead Branch":6,"hexamod:TheBrokenSeal":20,"Eternal Feather":39,"Pen Nib":28,"War Paint":29,"Question Card":29,"Akabeko":18,"hexamod:MatchstickCase":52,"SlaversCollar":17,"OrangePellets":44,"Anvil of the Gods":0,"Shuriken":16,"Molten Egg 2":31,"CultistMask":43,"hexamod:SoulConsumer":30,"Unceasing Top":23,"Pocketwatch":44,"Darkstone Periapt":37,"Regal Pillow":12,"Torii":7,"SacredBark":47,"Incense Burner":8,"Juzu Bracelet":22,"Cursed Key":0,"ClockworkSouvenir":44,"Nunchaku":36,"Mummified Hand":0,"Pantograph":52,"Tiny Chest":11,"Thread and Needle":29,"PreservedInsect":31,"Seething Fire":0,"Odd Mushroom":40,"White Beast Statue":0,"Peace Pipe":22,"Anchor":21,"betterThird:SlimedRelic":7,"Orrery":31,"Ectoplasm":9,"Art of War":44,"Membership Card":7,"FossilizedHelix":6,"TungstenRod":31,"hexamod:IceCube":41},{"Ice Cream":84,"Vajra":111,"Hammer of Thor":0,"Ginger":11,"Whetstone":84,"Lizard Tail":172,"HornCleat":107,"DollysMirror":0,"Sundial":34,"Strawberry":178,"Kunai":201,"Toxic Egg 2":90,"hexamod:SpiritBrand":0,"Happy Flower":141,"Dead Branch":13,"hexamod:TheBrokenSeal":54,"Eternal Feather":114,"Pen Nib":80,"War Paint":84,"Question Card":84,"Akabeko":48,"hexamod:MatchstickCase":178,"SlaversCollar":47,"OrangePellets":138,"Anvil of the Gods":0,"Shuriken":42,"Molten Egg 2":90,"CultistMask":134,"hexamod:SoulConsumer":87,"Unceasing Top":67,"Pocketwatch":138,"Darkstone Periapt":107,"Regal Pillow":30,"Torii":16,"SacredBark":152,"Incense Burner":18,"Juzu Bracelet":64,"Cursed Key":0,"ClockworkSouvenir":138,"Nunchaku":104,"Mummified Hand":0,"Pantograph":178,"Tiny Chest":26,"Thread and Needle":84,"PreservedInsect":90,"Seething Fire":0,"Odd Mushroom":119,"White Beast Statue":0,"Peace Pipe":64,"Anchor":58,"betterThird:SlimedRelic":16,"Orrery":90,"Ectoplasm":22,"Art of War":138,"Membership Card":16,"FossilizedHelix":13,"TungstenRod":90,"hexamod:IceCube":126}],"TungstenRod":68,"Pocketwatch":[43]},"card_choices":[{"not_picked":["hexamod:RainOfEmbers+1","hexamod:AdvancingGuard+1"],"picked":"hexamod:HauntingEcho+1","floor":0},{"not_picked":["hexamod:HeatShield+1","hexamod:RadiantFlame"],"picked":"hexamod:VolcanoVisage","floor":0},{"not_picked":["hexamod:InspiringFlames+1","hexamod:NecessarySacrifice+1"],"picked":"hexamod:Firestarter+1","floor":0},{"not_picked":["hexamod:FlamesFromBeyond+1","hexamod:GiftsFromTheDead"],"picked":"hexamod:SkipABeat+1","floor":0},{"not_picked":["hexamod:AdvancingGuard+1","hexamod:EtherealExpedition+1"],"picked":"hexamod:BurningTouch+1","floor":0},{"not_picked":["hexamod:SkipABeat+1","hexamod:HauntingEcho+1"],"picked":"hexamod:Firestarter+1","floor":1},{"not_picked":["hexamod:HauntingEcho+1","hexamod:EtherealExpedition+1"],"picked":"hexamod:SpectersWail+1","floor":2},{"not_picked":["hexamod:ChargedBarrage+1","hexamod:EtherealExpedition+1"],"picked":"hexamod:Hexaguard+1","floor":3},{"not_picked":["hexamod:HeatCrush+1","hexamod:EmpoweredFlame"],"picked":"hexamod:FlamesFromBeyond+1","floor":5},{"not_picked":["hexamod:AdvancingGuard+1","hexamod:NightmareGuise+1"],"picked":"hexamod:GhostShield+1","floor":6},{"not_picked":["hexamod:RainOfEmbers+1","hexamod:NightmareStrike+1"],"picked":"hexamod:HexaLevel","floor":8},{"not_picked":["hexamod:CatchUp+1","hexamod:RecurringNightmare+1"],"picked":"hexamod:HeatMetal+1","floor":10},{"not_picked":["hexamod:AdvancingGuard+1","hexamod:NightmareStrike+1","hexamod:ThermalTransfer+1"],"picked":"SKIP","floor":11},{"not_picked":["hexamod:NightmareStrike+1","hexamod:GhostLash+1"],"picked":"hexamod:FastForward+1","floor":14},{"not_picked":["hexamod:CrushingStance+1","hexamod:GiftsFromTheDead"],"picked":"hexamod:VolcanoVisage","floor":16},{"not_picked":["hexamod:TimeWarp+1","hexamod:TurnItUp+1"],"picked":"hexamod:Toasty+1","floor":16},{"not_picked":["hexamod:StepThrough+1","hexamod:NightmareStrike+1"],"picked":"hexamod:Hexaguard+1","floor":18},{"not_picked":["hexamod:NightmareGuise+1","hexamod:InspiringFlames+1"],"picked":"hexamod:ThirdSeal","floor":18},{"not_picked":["hexamod:NightmareStrike+1","hexamod:HeatCrush+1"],"picked":"hexamod:SpectersWail+1","floor":19},{"not_picked":["hexamod:NightmareGuise+1","hexamod:GhostOfSpirePast"],"picked":"hexamod:SpectersWail+1","floor":19},{"not_picked":["hexamod:PhantomCloak","hexamod:RainOfEmbers+1","hexamod:RadiantFlame"],"picked":"SKIP","floor":19},{"not_picked":["Dark Shackles+1","expansioncontent:ChargeUp+1"],"picked":"expansioncontent:Corrupt+1","floor":22},{"not_picked":["hexamod:RainOfEmbers+1","hexamod:RecurringNightmare+1","hexamod:BacktrackSmack+1"],"picked":"SKIP","floor":25},{"not_picked":["hexamod:RainOfEmbers+1","hexamod:ParanormalForm","hexamod:AdvancingGuard+1"],"picked":"SKIP","floor":25},{"not_picked":["hexamod:NecessarySacrifice+1","hexamod:GhostLash+1","hexamod:RadiantFlame"],"picked":"SKIP","floor":30},{"not_picked":["hexamod:Incineration+1","hexamod:RainOfEmbers+1"],"picked":"hexamod:SpectersWail+1","floor":31},{"not_picked":["hexamod:StepThrough+1","hexamod:ShieldOfDarkness+1"],"picked":"hexamod:SuperheatedStrike+1","floor":31},{"not_picked":["hexamod:CatchUp+1","hexamod:HauntingEcho+1","hexamod:NightmareStrike+1"],"picked":"SKIP","floor":31},{"not_picked":["hexamod:FifthSeal","hexamod:UnlimitedPower+1"],"picked":"hexamod:TimeOfNeed+1","floor":33},{"not_picked":["hexamod:EmpoweringStance","hexamod:Toasty+1"],"picked":"hexamod:TurnItUp+1","floor":33},{"not_picked":["hexamod:BurningTouch+1","hexamod:ThermalTransfer+1","hexamod:GhostLash+1"],"picked":"SKIP","floor":35},{"not_picked":["hexamod:RainOfEmbers+1","hexamod:GhostflameBarrier+1","hexamod:InspiringFlames+1"],"picked":"SKIP","floor":35},{"not_picked":["hexamod:Again+1","hexamod:NightmareGuise+1"],"picked":"hexamod:HeatCrush+1","floor":36},{"not_picked":["hexamod:ThermalTransfer+1","hexamod:FastForward+1"],"picked":"hexamod:DynamicBlow+1","floor":39},{"not_picked":["hexamod:HexaLevel","hexamod:SecondSeal"],"picked":"hexamod:FirstSeal","floor":39},{"not_picked":["hexamod:AdvancingGuard+1","hexamod:Rewind+1","hexamod:Haunt+1"],"picked":"SKIP","floor":39},{"not_picked":["hexamod:FirstSeal","hexamod:Firestarter+1"],"picked":"hexamod:RainOfEmbers+1","floor":40},{"not_picked":["hexamod:Firestarter+1","hexamod:PowerFromBeyond+1"],"picked":"hexamod:ThermalTransfer+1","floor":40},{"not_picked":["hexamod:BurningTouch+1","hexamod:InspiringFlames+1","hexamod:NightmareGuise+1"],"picked":"SKIP","floor":40},{"not_picked":["hexamod:RadiantFlame+1","hexamod:ShieldOfDarkness+1"],"picked":"hexamod:RainOfEmbers+1","floor":42},{"not_picked":["hexamod:SkipABeat+1","hexamod:HauntingEcho+1"],"picked":"hexamod:GhostOfSpirePresent+1","floor":42},{"not_picked":["hexamod:Incineration+1","hexamod:InspiringFlames+1"],"picked":"hexamod:EtherealExpedition+1","floor":45},{"not_picked":["hexamod:SixthSeal","hexamod:RainOfEmbers+1","hexamod:FastForward+1"],"picked":"SKIP","floor":45},{"not_picked":["hexamod:BurningTouch+1","hexamod:AdvancingGuard+1","hexamod:RainOfEmbers+1"],"picked":"SKIP","floor":45},{"not_picked":["hexamod:BacktrackSmack+1","hexamod:RainOfEmbers+1"],"picked":"hexamod:Hexaguard+1","floor":47},{"not_picked":["hexamod:ThirdSeal","hexamod:NightmareGuise+1","hexamod:Firestarter+1"],"picked":"SKIP","floor":47},{"not_picked":["hexamod:FastForward+1","hexamod:ThermalTransfer+1","hexamod:Hexaguard+1"],"picked":"SKIP","floor":54}],"player_experience":308334,"relics_obtained":[{"floor":6,"key":"Nunchaku"},{"floor":8,"key":"Darkstone Periapt"},{"floor":9,"key":"HornCleat"},{"floor":10,"key":"Vajra"},{"floor":13,"key":"Eternal Feather"},{"floor":14,"key":"Odd Mushroom"},{"floor":30,"key":"Happy Flower"},{"floor":40,"key":"Lizard Tail"},{"floor":42,"key":"Strawberry"},{"floor":43,"key":"Pantograph"},{"floor":45,"key":"Pen Nib"},{"floor":54,"key":"Kunai"}],"event_choices":[{"damage_healed":0,"gold_gain":275,"player_choice":"Desecrate","damage_taken":0,"max_hp_gain":0,"max_hp_loss":0,"event_name":"Golden Shrine","floor":4,"gold_loss":0,"cards_obtained":["Regret"]},{"damage_healed":0,"gold_gain":0,"player_choice":"Fought Mushrooms","damage_taken":0,"max_hp_gain":0,"max_hp_loss":0,"event_name":"Mushrooms","floor":14,"gold_loss":0},{"damage_healed":0,"gold_gain":0,"player_choice":"Trade","damage_taken":0,"relics_obtained":["CultistMask"],"max_hp_gain":0,"max_hp_loss":0,"event_name":"FaceTrader","floor":20,"gold_loss":0},{"damage_healed":0,"gold_gain":0,"player_choice":"Ignored","damage_taken":0,"max_hp_gain":0,"max_hp_loss":0,"event_name":"betterNote:BetterNote","floor":21,"gold_loss":0,"cards_obtained":["Guardian:StasisEngine"]},{"damage_healed":0,"gold_gain":2,"player_choice":"1","damage_taken":0,"max_hp_gain":0,"max_hp_loss":0,"event_name":"betterStone:BetterStone","floor":22,"gold_loss":0},{"damage_healed":0,"gold_gain":0,"player_choice":"2","damage_taken":0,"max_hp_gain":0,"max_hp_loss":0,"event_name":"betterMatch:BetterMatch","floor":24,"gold_loss":0,"cards_obtained":["betterMatch:ColorlessRareCard"]},{"damage_healed":0,"gold_gain":0,"player_choice":"Obtained Relic","damage_taken":0,"relics_obtained":["Art of War"],"max_hp_gain":0,"max_hp_loss":0,"event_name":"Addict","floor":27,"gold_loss":85},{"cards_removed":["hexamod:FastForward"],"damage_healed":0,"gold_gain":0,"player_choice":"Elegance","damage_taken":0,"max_hp_gain":0,"max_hp_loss":0,"event_name":"betterThird:BetterWriting","floor":28,"gold_loss":0},{"damage_healed":0,"gold_gain":0,"player_choice":"Max HP","damage_taken":0,"max_hp_gain":0,"max_hp_loss":4,"event_name":"Winding Halls","floor":38,"gold_loss":0},{"damage_healed":0,"gold_gain":0,"player_choice":"Ignored","damage_taken":0,"max_hp_gain":0,"max_hp_loss":0,"event_name":"Tomb of Lord Red Mask","floor":48,"gold_loss":0}],"is_beta":false,"boss_relics":[{"not_picked":["Coffee Dripper","Calling Bell"],"picked":"hexamod:IceCube"},{"not_picked":["Busted Crown","Snecko Eye"],"picked":"SacredBark"}],"items_purged_floors":[0,0,0,12],"is_endless":false,"potions_floor_spawned":[2,3,8,11,14,16,18,31,33,47],"ascension_level":3}}