{"host":"93x13jgem5w43hjr","time":1608617661,"event":{"mods":["AchievementEnabler","BaseMod","Colored Map","Colored Powertips","Downfall","Minty Spire (QoL Compilation)","Remilia??????","StSLib","The Animator","The Hierophant"],"gold_per_floor":[288,288,32,32,60,60,60,60,60,235,256,256,306,334,334,447,447,461,560,560,588,126,126,30,30,30,30,30,30,30,30,30,140,140,164,164,229,35,60,60,75,75,75,75,92,143,168,68,68,78],"floor_reached":51,"playtime":4047,"items_purged":["Doubt","Parasite"],"score":639,"play_id":"750ab7dd-c220-456d-91de-7b9a1420983c","local_time":"20201221231421","is_ascension_mode":false,"campfire_choices":[{"data":"animator:TanyaDegurechaff","floor":6,"key":"SMITH"},{"data":"animator:Togame","floor":8,"key":"SMITH"},{"data":"animator:Shimakaze","floor":12,"key":"SMITH"},{"floor":15,"key":"REST"},{"data":"animator:Zero","floor":23,"key":"SMITH"},{"data":"animator:HigakiRinne","floor":25,"key":"SMITH"},{"data":"animator:Konayuki","floor":27,"key":"SMITH"},{"data":"animator:Shimakaze","floor":30,"key":"SMITH"},{"floor":32,"key":"REST"},{"floor":40,"key":"REST"},{"floor":42,"key":"REST"},{"floor":44,"key":"REST"},{"floor":49,"key":"REST"}],"circlet_count":0,"master_deck":["animator:Strike_Kancolle+1","animator:Defend_Kancolle+1","animator:Strike+1","animator:Strike+1","animator:Strike+1","animator:Defend+1","animator:Defend+1","animator:Defend+1","animator:Shimakaze+1","animator:Shichika","animator:TanyaDegurechaff+1","animator:Togame+1","animator:Konayuki+1","animator:Mitsuba","animator:HigakiRinne+1","animator:Shuna","animator:Ainz","animator:Demiurge+1","animator:Mikaela","animator:Zero+1","animator:Shimakaze+1","Decay","animator:HigakiRinne","animator:TanyaDegurechaff+1","animator:UneriGinkaku+1","animator:PandorasActor+1","animator:Biyorigo"],"relics":["animator:VividPicture","animator:TheMissingPiece","Mango","animator:Hoodie","HornCleat","Ice Cream","animator:WornHelmet","Strawberry","animator:Buoy","Letter Opener","Centennial Puzzle","Fusion Hammer","Bird Faced Urn","DollysMirror","Question Card"],"acts_visited":["Exordium","TheCity","TheBeyond"],"potions_floor_usage":[16,21,33,33,50],"damage_taken":[{"damage":8,"enemies":"2 Louse","floor":1,"turns":5},{"damage":0,"enemies":"Cultist","floor":5,"turns":3},{"damage":0,"enemies":"Small Slimes","floor":11,"turns":4},{"damage":32,"enemies":"Lagavulin","floor":13,"turns":9},{"damage":0,"enemies":"3 Louse","floor":14,"turns":5},{"damage":16,"enemies":"Hexaghost","floor":16,"turns":12},{"damage":10,"enemies":"2 Thieves","floor":18,"turns":4},{"damage":26,"enemies":"Chosen","floor":21,"turns":8},{"damage":46,"enemies":"Automaton","floor":33,"turns":10},{"damage":6,"enemies":"3 Shapes","floor":35,"turns":4},{"damage":63,"enemies":"2 Orb Walkers","floor":37,"turns":7},{"damage":0,"enemies":"3 Darklings","floor":39,"turns":7},{"damage":0,"enemies":"Spire Growth","floor":41,"turns":5},{"damage":8,"enemies":"Jaw Worm Horde","floor":45,"turns":4},{"damage":7,"enemies":"Writhing Mass","floor":46,"turns":7},{"damage":4,"enemies":"4 Shapes","floor":47,"turns":4},{"damage":24,"enemies":"Time Eater","floor":50,"turns":11}],"seed_played":"2803832881798210946","potions_obtained":[{"floor":1,"key":"Fire Potion"},{"floor":13,"key":"PowerPotion"},{"floor":14,"key":"Explosive Potion"},{"floor":16,"key":"Explosive Potion"},{"floor":21,"key":"Fruit Juice"},{"floor":37,"key":"Explosive Potion"},{"floor":41,"key":"Block Potion"},{"floor":46,"key":"Regen Potion"}],"is_trial":false,"path_per_floor":["M","?","$","$","M","R","T","R","T","?","M","R","E","M","R","B",null,"M","?","?","M","$","R","$","R","T","R","?","?","R","$","R","B",null,"M","?","?","$","M","R","M","R","T","R","M","M","M","$","R","B",null],"character_chosen":"THE_ANIMATOR","items_purchased":["animator:TanyaDegurechaff","animator:Togame","Strawberry","animator:Buoy","animator:Zero","animator:Shimakaze","DollysMirror","Energy Potion"],"campfire_rested":6,"item_purchase_floors":[3,3,22,22,22,24,38,38],"current_hp_per_floor":[66,66,66,66,70,70,70,70,70,70,73,73,41,44,69,53,84,74,74,74,53,60,60,60,60,60,60,60,60,60,60,88,42,96,90,78,15,15,24,53,59,89,89,103,97,92,90,90,100,76],"gold":78,"neow_bonus":"ONE_RARE_RELIC","is_daily":false,"chose_seed":false,"campfire_upgraded":7,"win_rate":0.0,"timestamp":1608617661,"path_taken":["M","?","?","$","?","R","?","R","T","?","M","R","E","M","R","BOSS","M","?","?","M","$","R","$","R","T","R","?","?","R","?","R","BOSS","M","?","?","$","M","R","M","R","T","R","M","M","M","?","R","BOSS"],"items_purchased_type":["Card","Card","Relic","Relic","Card","Card","Relic","Potion"],"build_version":"2020-12-13","purchased_purges":2,"victory":true,"max_hp_per_floor":[74,74,74,74,78,78,78,78,78,78,81,81,81,84,84,84,84,84,84,84,89,96,96,96,96,96,96,96,96,96,96,96,96,96,96,96,96,96,99,99,103,103,103,103,103,103,103,100,100,100],"card_choices":[{"not_picked":["animator:Cocytus","animator:Shigure"],"picked":"animator:Shichika","floor":1},{"not_picked":["animator:Jibril","animator:Arpeggio"],"picked":"animator:Konayuki","floor":5},{"not_picked":["animator:PinaCoLada","animator:PandorasActor"],"picked":"animator:Mitsuba","floor":11},{"not_picked":["animator:Nanami","animator:Konayuki"],"picked":"animator:HigakiRinne","floor":13},{"not_picked":["animator:Yoichi","animator:Shion"],"picked":"animator:Shuna","floor":14},{"not_picked":["animator:AcuraShin","animator:ChaikaTrabant"],"picked":"animator:Ainz","floor":16},{"not_picked":["animator:LeleiLaLalena+1","animator:Shion+1"],"picked":"animator:Demiurge+1","floor":18},{"not_picked":["animator:ChlammyZell","animator:Shinoa"],"picked":"animator:Mikaela","floor":21},{"not_picked":["animator:Shion","animator:Gillette+1","animator:Fredrika+1"],"picked":"SKIP","floor":39},{"not_picked":["animator:ItamiYouji","animator:Arpeggio+1"],"picked":"animator:UneriGinkaku+1","floor":41},{"not_picked":["animator:Millim","animator:DolaRiku+1","animator:Entoma+1"],"picked":"animator:PandorasActor+1","floor":45},{"not_picked":["animator:Nanami","animator:TsurugaMeisai","animator:Konayuki"],"picked":"animator:Biyorigo","floor":46},{"not_picked":["animator:Entoma+1","animator:Mikaela+1","animator:Jibril","animator:Viivi"],"picked":"SKIP","floor":47}],"player_experience":181177,"relics_obtained":[{"floor":7,"key":"HornCleat"},{"floor":9,"key":"Ice Cream"},{"floor":13,"key":"animator:WornHelmet"},{"floor":26,"key":"Letter Opener"},{"floor":37,"key":"Bird Faced Urn"},{"floor":43,"key":"Question Card"}],"event_choices":[{"damage_healed":0,"gold_gain":0,"player_choice":"Gave Potion","damage_taken":0,"relics_obtained":["animator:Hoodie"],"max_hp_gain":0,"max_hp_loss":0,"event_name":"WeMeetAgain","floor":2,"gold_loss":0},{"damage_healed":0,"gold_gain":175,"player_choice":"AGREE","damage_taken":0,"max_hp_gain":0,"max_hp_loss":0,"event_name":"Liars Game","floor":10,"gold_loss":0,"cards_obtained":["Doubt"]},{"damage_healed":0,"gold_gain":99,"player_choice":"Stole From Cult","damage_taken":0,"max_hp_gain":0,"max_hp_loss":0,"event_name":"Nest","floor":19,"gold_loss":0},{"damage_healed":0,"gold_gain":0,"player_choice":"Simplicity","damage_taken":0,"max_hp_gain":0,"max_hp_loss":0,"event_name":"Back to Basics","floor":20,"gold_loss":0,"cards_upgraded":["animator:Strike_Kancolle","animator:Defend_Kancolle","animator:Strike","animator:Strike","animator:Strike","animator:Defend","animator:Defend","animator:Defend"]},{"damage_healed":0,"gold_gain":0,"player_choice":"Smashed Altar","damage_taken":0,"max_hp_gain":0,"max_hp_loss":0,"event_name":"Forgotten Altar","floor":28,"gold_loss":0,"cards_obtained":["Decay"]},{"damage_healed":0,"gold_gain":0,"player_choice":"Opened","damage_taken":0,"relics_obtained":["Centennial Puzzle"],"max_hp_gain":0,"max_hp_loss":0,"event_name":"The Mausoleum","floor":29,"gold_loss":0},{"damage_healed":0,"gold_gain":0,"player_choice":"Embrace Madness","damage_taken":12,"max_hp_gain":0,"max_hp_loss":0,"event_name":"Winding Halls","floor":36,"gold_loss":0,"cards_obtained":["animator:HigakiRinne"]},{"damage_healed":0,"gold_gain":0,"player_choice":"Fight","damage_taken":0,"max_hp_gain":0,"max_hp_loss":0,"event_name":"Mysterious Sphere","floor":37,"gold_loss":0}],"is_beta":false,"boss_relics":[{"not_picked":["expansioncontent:StudyCardRelic","Velvet Choker"],"picked":"animator:VividPicture"},{"not_picked":["Cursed Key","Empty Cage"],"picked":"Fusion Hammer"}],"items_purged_floors":[22,48],"is_endless":false,"potions_floor_spawned":[1,13,14,16,21,37,41,46],"ascension_level":0}}