{"host":"nox","time":1608666765,"event":{"mods":["Aspiration","BaseMod","Better Third Choice","Colored Powertips","Conspire","Hubris","Infinite Spire","Minty Spire (QoL Compilation)","Quick Restart","Rare Cards Sparkle","Replay The Spire","Shop Mod","Spikes Relics","StSLib","SuperFastMode","The Alterego","vexMod"],"gold_per_floor":[119,131,131,142,142,172,186,212,212,222,222,240,240,177,177,272,272,287,305,380,380,392,427,427,455,455,455,72,90,119,119,119,119,119],"floor_reached":33,"playtime":1581,"items_purged":["Strike_G"],"score":408,"play_id":"0653f1ea-89eb-4dcb-b50e-68946858d39b","local_time":"20201223025245","is_ascension_mode":true,"campfire_choices":[{"floor":11.0,"key":"REST"},{"data":"ReplayTheSpireMod:Scrap Shanks","floor":13.0,"key":"SMITH"},{"data":"ReplayTheSpireMod:Scrap Shanks","floor":15.0,"key":"SMITH"},{"data":"hubris:Sniper","floor":24.0,"key":"SMITH"},{"floor":27.0,"key":"REST"},{"floor":32.0,"key":"RECALL"}],"circlet_count":0,"master_deck":["Strike_G","Strike_G","Strike_G","Strike_G","Defend_G","Defend_G","Defend_G","Defend_G","Defend_G","Survivor+1","Neutralize+1","ReplayTheSpireMod:Scrap Shanks+1","Dagger Spray","Unload","Malaise","Dagger Spray","Footwork","ReplayTheSpireMod:Scrap Shanks+1","After Image","PiercingWail","hubris:Sniper+1","Accuracy+1","Outmaneuver+1","ReplayTheSpireMod:Speed Training"],"relics":["Ring of the Snake","The Courier","MealTicket","hubris:ScarierMask","Happy Flower","Pondfish Scales","Pen Nib","Bottled Flame","hubris:MysteriousPyramids","vexMod:PaidLearning","Replay:Baseball"],"acts_visited":["Exordium","TheCity"],"potions_floor_usage":[33],"damage_taken":[{"damage":2.0,"enemies":"Jaw Worm","floor":1.0,"turns":4.0},{"damage":5.0,"enemies":"Cultist","floor":2.0,"turns":5.0},{"damage":1.0,"enemies":"conspire:RoseBush","floor":4.0,"turns":4.0},{"damage":38.0,"enemies":"Replay:BlueRogue","floor":6.0,"turns":14.0},{"damage":16.0,"enemies":"conspire:2 RoseBushes","floor":7.0,"turns":7.0},{"damage":12.0,"enemies":"Gremlin Nob","floor":8.0,"turns":4.0},{"damage":0.0,"enemies":"Exordium Wildlife","floor":10.0,"turns":2.0},{"damage":1.0,"enemies":"Large Slime","floor":12.0,"turns":6.0},{"damage":19.0,"enemies":"The Guardian","floor":16.0,"turns":13.0},{"damage":14.0,"enemies":"2 Thieves","floor":18.0,"turns":3.0},{"damage":0.0,"enemies":"3 Byrds","floor":19.0,"turns":4.0},{"damage":21.0,"enemies":"3 Cultists","floor":22.0,"turns":6.0},{"damage":4.0,"enemies":"Gremlin Leader","floor":23.0,"turns":8.0},{"damage":2.0,"enemies":"conspire:Head Lice","floor":25.0,"turns":8.0},{"damage":19.0,"enemies":"Snake Plant","floor":29.0,"turns":6.0},{"damage":0.0,"enemies":"Gremlin Leader","floor":30.0,"turns":7.0},{"damage":56,"enemies":"conspire:MysteriousRune","floor":33,"turns":8}],"seed_played":"-7691994603541680012","potions_obtained":[{"floor":2.0,"key":"Dexterity Potion"},{"floor":5.0,"key":"LiquidBronze"},{"floor":5.0,"key":"Fruit Juice"},{"floor":5.0,"key":"Elixir"},{"floor":8.0,"key":"Block Potion"},{"floor":10.0,"key":"LifebloodPotion"},{"floor":12.0,"key":"Poison Potion"},{"floor":22.0,"key":"LifebloodPotion"},{"floor":29.0,"key":"Reflective Coating"},{"floor":30.0,"key":"Block Potion"}],"is_trial":false,"path_per_floor":["M","M","?","M","?","E","M","E","T","M","R","M","R","$","R","B",null,"M","M","?","AVR","M","E","R","E","T","R","$","M","E","?","R","B"],"character_chosen":"THE_SILENT","items_purchased":["ReplayTheSpireMod:Scrap Shanks","hubris:MysteriousPyramids","Accuracy","vexMod:PaidLearning"],"campfire_rested":2,"item_purchase_floors":[14,28,28,28],"current_hp_per_floor":[75,70,70,69,74,36,20,8,8,8,32,31,31,46,46,27,82,68,68,60,60,39,35,35,33,33,57,72,53,53,53,53,0,0],"gold":119,"neow_bonus":"TEN_PERCENT_HP_BONUS","is_daily":false,"chose_seed":false,"campfire_upgraded":3,"win_rate":0.0,"timestamp":1608666765,"path_taken":["M","M","?","M","?","E","M","E","T","?","R","M","R","$","R","BOSS","M","M","?","AVR","M","E","R","E","T","R","$","?","E","?","R","BOSS"],"items_purchased_type":["Card","Relic","Card","Relic"],"build_version":"2020-11-17","purchased_purges":1,"victory":false,"max_hp_per_floor":[77,77,77,77,82,82,82,82,82,82,82,82,82,82,82,82,82,82,82,82,82,82,82,82,82,82,82,82,82,82,82,82,82,82],"card_choices":[{"not_picked":["PiercingWail","Slice"],"picked":"ReplayTheSpireMod:Scrap Shanks","floor":1.0},{"not_picked":["Dodge and Roll","Bane"],"picked":"Dagger Spray","floor":2.0},{"not_picked":["Backflip","Predator","Dodge and Roll"],"picked":"SKIP","floor":4.0},{"not_picked":["Prepared","Masterful Stab"],"picked":"Unload","floor":6.0},{"not_picked":["Outmaneuver","Sucker Punch","Pace"],"picked":"SKIP","floor":7.0},{"not_picked":["Dagger Spray","Prepared"],"picked":"Malaise","floor":8.0},{"not_picked":["Acrobatics","Deflect"],"picked":"Dagger Spray","floor":10.0},{"not_picked":["Poisoned Stab","Underhanded Strike"],"picked":"Footwork","floor":12.0},{"not_picked":["Replay:Bag of Tricks","Corpse Explosion"],"picked":"After Image","floor":16.0},{"not_picked":["Noxious Fumes","Deadly Poison","Deflect"],"picked":"SKIP","floor":18.0},{"not_picked":["Dagger Throw","hubris:SlightOfHand"],"picked":"PiercingWail","floor":19.0},{"not_picked":["Catalyst","Flying Knee+1","Deflect+1"],"picked":"SKIP","floor":22.0},{"not_picked":["Tactician+1","Reflex"],"picked":"hubris:Sniper","floor":23.0},{"not_picked":["infinitespire:Neurotoxin","InfectiousVector","Bane"],"picked":"SKIP","floor":25.0},{"not_picked":["Bane","Sucker Punch+1"],"picked":"Outmaneuver+1","floor":29.0},{"not_picked":["Slice","InfectiousVector"],"picked":"ReplayTheSpireMod:Speed Training","floor":30.0}],"player_experience":221448,"relics_obtained":[{"floor":6.0,"key":"The Courier"},{"floor":8.0,"key":"MealTicket"},{"floor":23.0,"key":"Pondfish Scales"},{"floor":25.0,"key":"Pen Nib"},{"floor":26.0,"key":"Bottled Flame"},{"floor":30.0,"key":"Replay:Baseball"}],"event_choices":[{"damage_healed":0.0,"max_hp_gain":0.0,"max_hp_loss":0.0,"gold_gain":0.0,"event_name":"Lab","player_choice":"Got Potions","floor":5.0,"gold_loss":0.0,"damage_taken":0.0},{"damage_healed":0.0,"max_hp_gain":0.0,"max_hp_loss":0.0,"gold_gain":75.0,"event_name":"FaceTrader","player_choice":"Touch","floor":20.0,"gold_loss":0.0,"damage_taken":8.0}],"is_beta":true,"boss_relics":[{"not_picked":["Painkiller Herb","conspire:RunicOctahedron"],"picked":"hubris:ScarierMask"}],"items_purged_floors":[21],"is_endless":false,"potions_floor_spawned":[2,6,8,10,12,22,29,30],"killed_by":"conspire:MysteriousRune","ascension_level":4}}