{"host":"5f8ute538gzudddu","time":1608627065,"event":{"mods":["BaseMod","Highlight Path","Minty Spire (QoL Compilation)","Relic Stats","StSLib"],"gold_per_floor":[115,115,190,155,175,209,75,103,103,103,113,143,154,165,165,240,240,250,270,281,331,136,161,161,161,161],"floor_reached":25,"playtime":1445,"items_purged":[],"score":582,"play_id":"ef679e88-1298-4d00-b8b1-ad4443509635","local_time":"20201222005105","is_ascension_mode":true,"campfire_choices":[{"data":"SignatureMove","floor":10.0,"key":"SMITH"},{"data":"WaveOfTheHand","floor":15.0,"key":"SMITH"},{"floor":24.0,"key":"REST"}],"circlet_count":0,"master_deck":["AscendersBane","Eruption","Vigilance+1","Pray","Establishment","Halt","Prostrate+1","Perseverance","WaveOfTheHand+1","Alpha","SignatureMove+1","EmptyBody","CutThroughFate","ClearTheMind","TalkToTheHand","ThirdEye","Prostrate","ThirdEye","FlyingSleeves","DeusExMachina","ThirdEye","EmptyMind"],"relics":["Pandora\u0027s Box","Pear","Happy Flower","Boot","Busted Crown","Vajra","Akabeko"],"acts_visited":["Exordium","TheCity"],"potions_floor_usage":[],"damage_taken":[{"damage":6.0,"enemies":"Jaw Worm","floor":1.0,"turns":3.0},{"damage":8.0,"enemies":"2 Louse","floor":5.0,"turns":4.0},{"damage":5.0,"enemies":"Gremlin Nob","floor":6.0,"turns":4.0},{"damage":6.0,"enemies":"Lagavulin","floor":8.0,"turns":7.0},{"damage":0.0,"enemies":"Cultist","floor":11.0,"turns":4.0},{"damage":0.0,"enemies":"Gremlin Nob","floor":12.0,"turns":2.0},{"damage":3.0,"enemies":"Exordium Wildlife","floor":13.0,"turns":4.0},{"damage":0.0,"enemies":"2 Fungi Beasts","floor":14.0,"turns":7.0},{"damage":1.0,"enemies":"Hexaghost","floor":16.0,"turns":8.0},{"damage":20.0,"enemies":"Spheric Guardian","floor":18.0,"turns":6.0},{"damage":19.0,"enemies":"Shell Parasite","floor":19.0,"turns":4.0},{"damage":23.0,"enemies":"Centurion and Healer","floor":20.0,"turns":7.0},{"damage":16.0,"enemies":"Book of Stabbing","floor":23.0,"turns":7.0},{"damage":44,"enemies":"Gremlin Leader","floor":25,"turns":6}],"seed_played":"8857614132430218022","potions_obtained":[{"floor":5.0,"key":"PowerPotion"},{"floor":11.0,"key":"SkillPotion"},{"floor":12.0,"key":"FairyPotion"},{"floor":16.0,"key":"AttackPotion"},{"floor":19.0,"key":"BlessingOfTheForge"},{"floor":20.0,"key":"DistilledChaos"}],"is_trial":false,"path_per_floor":["M","?","?","?","M","E","$","E","T","R","M","E","M","M","R","B",null,"M","M","M","?","$","E","R","E"],"character_chosen":"WATCHER","items_purchased":["FearPotion","TalkToTheHand","Vajra","ThirdEye"],"campfire_rested":1,"item_purchase_floors":[7,7,22,22],"current_hp_per_floor":[55,35,24,41,33,38,38,32,32,32,32,32,29,29,29,28,66,46,27,4,4,4,14,37,0,0],"gold":161,"neow_bonus":"BOSS_RELIC","is_daily":false,"chose_seed":false,"campfire_upgraded":2,"win_rate":0.0,"timestamp":1608627065,"path_taken":["M","?","?","?","M","E","$","E","T","R","M","E","?","M","R","BOSS","M","M","?","?","$","E","R","E"],"items_purchased_type":["Potion","Card","Relic","Card"],"build_version":"2020-12-13","purchased_purges":0,"victory":false,"max_hp_per_floor":[68,68,68,68,68,78,78,78,78,78,78,78,78,78,78,78,78,78,78,78,78,78,78,78,78,78],"relic_stats":{"Busted Crown":8,"Happy Flower":[18],"counters":[14,73],"Pandora\u0027s Box":["Pray","Establishment","Halt","Prostrate","Perseverance","WaveOfTheHand","Alpha","SignatureMove"],"Boot":[14],"obtain_stats":[{"Pear":6,"Busted Crown":17,"Happy Flower":8,"Vajra":22,"Pandora\u0027s Box":0,"PureWater":0,"Boot":12,"Akabeko":23},{"Pear":3,"Busted Crown":9,"Happy Flower":4,"Vajra":12,"Pandora\u0027s Box":0,"PureWater":0,"Boot":6,"Akabeko":13},{"Pear":11,"Busted Crown":43,"Happy Flower":18,"Vajra":60,"Pandora\u0027s Box":0,"PureWater":0,"Boot":24,"Akabeko":67}]},"card_choices":[{"not_picked":["WaveOfTheHand","Prostrate"],"picked":"EmptyBody","floor":1.0},{"not_picked":["TalkToTheHand","Prostrate"],"picked":"CutThroughFate","floor":5.0},{"not_picked":["Evaluate","Crescendo"],"picked":"ClearTheMind","floor":6.0},{"not_picked":["CarveReality","CutThroughFate"],"picked":"ThirdEye","floor":8.0},{"not_picked":["SpiritShield","JustLucky"],"picked":"Prostrate","floor":11.0},{"not_picked":["ClearTheMind","SashWhip","BowlingBash"],"picked":"SKIP","floor":12.0},{"not_picked":["ClearTheMind","Consecrate"],"picked":"ThirdEye","floor":13.0},{"not_picked":["Vengeance","FlyingSleeves","WheelKick"],"picked":"SKIP","floor":14.0},{"not_picked":["Vengeance","FlyingSleeves","WheelKick"],"picked":"SKIP","floor":14.0},{"not_picked":["Vengeance","WheelKick"],"picked":"FlyingSleeves","floor":14.0},{"not_picked":["MasterReality","Ragnarok"],"picked":"DeusExMachina","floor":16.0},{"not_picked":["ReachHeaven"],"picked":"SKIP","floor":18.0},{"not_picked":["ForeignInfluence"],"picked":"SKIP","floor":19.0},{"not_picked":["JustLucky"],"picked":"SKIP","floor":20.0},{"not_picked":[],"picked":"EmptyMind","floor":23.0}],"player_experience":901058,"relics_obtained":[{"floor":6.0,"key":"Pear"},{"floor":8.0,"key":"Happy Flower"},{"floor":12.0,"key":"Boot"},{"floor":23.0,"key":"Akabeko"}],"event_choices":[{"damage_healed":0.0,"max_hp_gain":0.0,"max_hp_loss":0.0,"gold_gain":0.0,"event_name":"Shining Light","player_choice":"Entered Light","floor":2.0,"gold_loss":0.0,"damage_taken":20.0,"cards_upgraded":["Prostrate","Vigilance"]},{"damage_healed":0.0,"max_hp_gain":0.0,"max_hp_loss":0.0,"gold_gain":75.0,"event_name":"World of Goop","player_choice":"Gather Gold","floor":3.0,"gold_loss":0.0,"damage_taken":11.0},{"damage_healed":17.0,"max_hp_gain":0.0,"max_hp_loss":0.0,"gold_gain":0.0,"event_name":"The Cleric","player_choice":"Healed","floor":4.0,"gold_loss":35.0,"damage_taken":0.0},{"damage_healed":0.0,"max_hp_gain":0.0,"max_hp_loss":0.0,"gold_gain":50.0,"event_name":"Nest","player_choice":"Stole From Cult","floor":21.0,"gold_loss":0.0,"damage_taken":0.0}],"is_beta":false,"boss_relics":[{"not_picked":["Calling Bell","Velvet Choker"],"picked":"Busted Crown"}],"items_purged_floors":[],"is_endless":false,"potions_floor_spawned":[5,11,12,16,19,20],"killed_by":"Gremlin Leader","ascension_level":20}}