{"host":"vc42n08di9czm3e7","time":1608595220,"event":{"mods":["AchievementEnabler","BaseMod","Colored Powertips","Duelist Mod","Friendly Minions","GifTheSpireLib","Jorbs\u0027s Wanderer Trilogy","Minty Spire (QoL Compilation)","Prisma Mod","Rare Cards Sparkle","StSLib","The Animator","The Bug Knight","The Wild Card"],"gold_per_floor":[119,130,149,149,168,199,119,139,139,153,165,165,177,159,159,257,257,271,48,68,82,97,97,97,97,97,22,32,64,80,105,105,105,105],"floor_reached":33,"playtime":2252,"items_purged":["Hyperbeam"],"score":295,"play_id":"35ad8e99-784f-41df-b325-4c210f7bb5d3","local_time":"20201221190020","is_ascension_mode":false,"campfire_choices":[{"data":"Echo Form","floor":15,"key":"SMITH"},{"data":"Double Energy","floor":23,"key":"SMITH"},{"data":"Sweeping Beam","floor":25,"key":"SMITH"},{"floor":32,"key":"REST"}],"circlet_count":0,"master_deck":["Zap","Dualcast","Leap","Loop","Coolheaded","Self Repair","Sweeping Beam+1","Redo","Compile Driver","Darkness","Heatsinks","Double Energy+1","theWildCard:Metatron","Coolheaded","Echo Form+1","Multi-Cast","Rebound","Loop","Steam","BootSequence","Force Field","Turbo+1","Static Discharge","Stack","Storm","BootSequence","Stack","Beam Cell+1","Force Field"],"relics":["Cracked Core","Mummified Hand","Pandora\u0027s Box","Orichalcum","Smiling Mask","Peace Pipe","Kunai"],"acts_visited":["Exordium","TheCity"],"potions_floor_usage":[6,14,16,30,33],"damage_taken":[{"damage":0,"enemies":"Cultist","floor":1,"turns":3},{"damage":1,"enemies":"Jaw Worm","floor":2,"turns":4},{"damage":7,"enemies":"2 Louse","floor":3,"turns":3},{"damage":2,"enemies":"Exordium Wildlife","floor":5,"turns":5},{"damage":36,"enemies":"Lagavulin","floor":6,"turns":6},{"damage":21,"enemies":"3 Louse","floor":8,"turns":3},{"damage":3,"enemies":"Looter","floor":10,"turns":4},{"damage":18,"enemies":"Lots of Slimes","floor":11,"turns":4},{"damage":0,"enemies":"Blue Slaver","floor":13,"turns":4},{"damage":6,"enemies":"Exordium Thugs","floor":14,"turns":4},{"damage":49,"enemies":"The Guardian","floor":16,"turns":11},{"damage":4,"enemies":"Chosen","floor":18,"turns":4},{"damage":29,"enemies":"Snake Plant","floor":20,"turns":6},{"damage":6,"enemies":"Snecko","floor":21,"turns":6},{"damage":24,"enemies":"Centurion and Healer","floor":22,"turns":6},{"damage":7,"enemies":"Shelled Parasite and Fungi","floor":28,"turns":7},{"damage":42,"enemies":"Book of Stabbing","floor":29,"turns":7},{"damage":31,"enemies":"3 Cultists","floor":30,"turns":6},{"damage":13,"enemies":"theDuelist:KaibaA2","floor":31,"turns":5},{"damage":45,"enemies":"Collector","floor":33,"turns":6}],"seed_played":"3986097052101873029","potions_obtained":[{"floor":2,"key":"Energy Potion"},{"floor":6,"key":"ColorlessPotion"},{"floor":10,"key":"DistilledChaos"},{"floor":11,"key":"Dexterity Potion"},{"floor":13,"key":"Ancient Potion"},{"floor":20,"key":"GamblersBrew"},{"floor":21,"key":"FearPotion"},{"floor":29,"key":"DistilledChaos"}],"is_trial":false,"path_per_floor":["M","M","M","?","M","E","$","M","T","M","M","?","M","M","R","B",null,"M","$","M","M","M","R","?","R","T","?","M","E","M","E","R","B"],"character_chosen":"DEFECT","items_purchased":["Self Repair","Compile Driver","Orichalcum"],"campfire_rested":1,"item_purchase_floors":[7,7,19],"current_hp_per_floor":[75,74,67,67,72,43,43,36,36,47,43,43,57,65,65,30,75,75,75,67,75,72,72,72,72,72,72,75,47,23,17,39,0,0],"gold":105,"neow_bonus":"THREE_CARDS","is_daily":false,"chose_seed":false,"campfire_upgraded":3,"win_rate":0.0,"timestamp":1608595220,"path_taken":["M","M","?","?","M","E","$","M","T","?","M","?","M","M","R","BOSS","M","$","M","M","M","R","?","R","T","?","M","E","M","E","R","BOSS"],"items_purchased_type":["Card","Card","Relic"],"build_version":"2020-12-13","purchased_purges":1,"victory":false,"max_hp_per_floor":[75,75,75,75,75,75,75,75,75,75,75,75,75,75,75,75,75,75,75,75,75,75,75,75,75,75,75,75,75,75,75,75,75,75],"card_choices":[{"not_picked":["Beam Cell","Go for the Eyes"],"picked":"Leap","floor":0},{"not_picked":["Conserve Battery","White Noise"],"picked":"Loop","floor":1},{"not_picked":["Go for the Eyes","FTL"],"picked":"Coolheaded","floor":2},{"not_picked":["Heatsinks","Storm"],"picked":"Self Repair","floor":3},{"not_picked":["Static Discharge","Stack"],"picked":"Sweeping Beam","floor":5},{"not_picked":["Fusion","Conserve Battery"],"picked":"Redo","floor":6},{"not_picked":["FTL","Gash"],"picked":"Darkness","floor":8},{"not_picked":["Hologram","Gash"],"picked":"Heatsinks","floor":10},{"not_picked":["Hello World","Scrape"],"picked":"Double Energy","floor":11},{"not_picked":["Hologram","Ball Lightning"],"picked":"Coolheaded","floor":13},{"not_picked":["Reinforced Body","Stack"],"picked":"Echo Form","floor":14},{"not_picked":["Seek","All For One"],"picked":"Multi-Cast","floor":16},{"not_picked":["Rip and Tear","Compile Driver"],"picked":"Turbo+1","floor":18},{"not_picked":["Turbo+1","Reprogram"],"picked":"Static Discharge","floor":20},{"not_picked":["Lockon","Sunder"],"picked":"Stack","floor":21},{"not_picked":["Sunder","Heatsinks"],"picked":"Storm","floor":22},{"not_picked":["Force Field+1","Chaos","Streamline"],"picked":"SKIP","floor":28},{"not_picked":["Compile Driver","Barrage+1"],"picked":"Beam Cell+1","floor":29},{"not_picked":["Leap+1","Force Field+1","Compile Driver+1"],"picked":"SKIP","floor":30},{"not_picked":["Hologram","Steam"],"picked":"Force Field","floor":31}],"player_experience":136060,"relics_obtained":[{"floor":6,"key":"Mummified Hand"},{"floor":26,"key":"Smiling Mask"},{"floor":29,"key":"Peace Pipe"},{"floor":31,"key":"Kunai"}],"event_choices":[{"damage_healed":0,"gold_gain":0,"player_choice":"Bought 0 Potions","damage_taken":0,"max_hp_gain":0,"max_hp_loss":0,"event_name":"The Woman in Blue","floor":4,"gold_loss":0},{"damage_healed":0,"gold_gain":0,"cards_transformed":["Hyperbeam","Self Repair"],"player_choice":"Became Test Subject","damage_taken":0,"max_hp_gain":0,"max_hp_loss":0,"event_name":"Drug Dealer","floor":24,"gold_loss":0,"cards_obtained":["BootSequence","Stack"]},{"cards_removed":["FTL"],"damage_healed":0,"gold_gain":0,"player_choice":"Gave Gold","damage_taken":0,"max_hp_gain":0,"max_hp_loss":0,"event_name":"Beggar","floor":27,"gold_loss":75}],"is_beta":false,"boss_relics":[{"not_picked":["Fusion Hammer","Runic Dome"],"picked":"Pandora\u0027s Box"}],"items_purged_floors":[19],"is_endless":false,"potions_floor_spawned":[2,6,10,11,13,20,21,29],"killed_by":"Collector","ascension_level":0}}