{"host":"f5n4tidiz2n5sooh","time":1608617765,"event":{"mods":["BaseMod","Bestiary","Colored Map","Minty Spire (QoL Compilation)","Relic Stats","StSLib"],"gold_per_floor":[118,138,7,82,82,109,109,139,162,162,197,197,217,227,227,306,306,319,234,234,249,269,269,269,269],"floor_reached":24,"playtime":737,"items_purged":["Prepared"],"score":428,"play_id":"e4ec073b-337c-4e50-a515-edb03e7ad925","local_time":"20201222001605","is_ascension_mode":true,"campfire_choices":[{"data":"Noxious Fumes","floor":7,"key":"SMITH"},{"floor":10,"key":"REST"},{"floor":15,"key":"REST"},{"data":"Survivor","floor":23,"key":"SMITH"}],"circlet_count":0,"master_deck":["AscendersBane","Survivor+1","Neutralize","Backstab","Corpse Explosion","Escape Plan","Unload","Doppelganger","Bane","Backstab","Noxious Fumes+1","Noxious Fumes","Quick Slash+1","Expertise","Dash+1","Sucker Punch+1"],"relics":["Pandora\u0027s Box","Bronze Scales","Ginger","Toy Ornithopter","Molten Egg 2","Velvet Choker","Vajra"],"acts_visited":["Exordium","TheCity"],"potions_floor_usage":[6,8,11,14,22,24],"damage_taken":[{"damage":0.0,"enemies":"Cultist","floor":1.0,"turns":2.0},{"damage":6.0,"enemies":"2 Louse","floor":2.0,"turns":2.0},{"damage":10,"enemies":"3 Sentries","floor":6,"turns":3},{"damage":27,"enemies":"Lagavulin","floor":8,"turns":4},{"damage":8,"enemies":"Gremlin Nob","floor":11,"turns":3},{"damage":4,"enemies":"Jaw Worm","floor":13,"turns":2},{"damage":8,"enemies":"Large Slime","floor":14,"turns":3},{"damage":25,"enemies":"The Guardian","floor":16,"turns":8},{"damage":13,"enemies":"Spheric Guardian","floor":18,"turns":5},{"damage":2,"enemies":"Shell Parasite","floor":21,"turns":3},{"damage":13,"enemies":"Snecko","floor":22,"turns":3},{"damage":52,"enemies":"Gremlin Leader","floor":24,"turns":4}],"seed_played":"7463928790582962471","potions_obtained":[{"floor":6,"key":"BlessingOfTheForge"},{"floor":8,"key":"CunningPotion"},{"floor":13,"key":"SkillPotion"},{"floor":14,"key":"FearPotion"},{"floor":22,"key":"Regen Potion"}],"is_trial":false,"path_per_floor":["M","M","$","?","?","E","R","E","T","R","E","?","M","M","R","B",null,"M","?","?","M","M","R","E"],"character_chosen":"THE_SILENT","items_purchased":["FearPotion"],"campfire_rested":2,"item_purchase_floors":[3],"current_hp_per_floor":[59,53,53,42,42,32,32,5,5,24,21,21,17,14,33,8,52,39,39,39,37,29,29,0,0],"gold":269,"neow_bonus":"BOSS_RELIC","is_daily":false,"chose_seed":false,"campfire_upgraded":2,"win_rate":0.0,"timestamp":1608617765,"path_taken":["M","M","$","?","?","E","R","E","T","R","E","?","M","M","R","BOSS","M","?","?","M","M","R","E"],"items_purchased_type":["Potion"],"build_version":"2020-12-13","purchased_purges":1,"victory":false,"max_hp_per_floor":[66,66,66,66,66,66,66,66,66,66,66,66,66,66,66,66,66,66,66,66,66,66,66,66,66],"relic_stats":{"counters":[12,42],"Bronze Scales":[57],"Pandora\u0027s Box":["Backstab","Prepared","Corpse Explosion","Expertise","Escape Plan","Choke","Unload","Doppelganger","Bane","Backstab"],"Ginger":[1],"obtain_stats":[{"Bronze Scales":6,"Velvet Choker":17,"Vajra":19,"Pandora\u0027s Box":0,"Molten Egg 2":11,"Ginger":8,"Toy Ornithopter":9,"Ring of the Snake":0},{"Bronze Scales":3,"Velvet Choker":8,"Vajra":9,"Pandora\u0027s Box":0,"Molten Egg 2":5,"Ginger":4,"Toy Ornithopter":4,"Ring of the Snake":0},{"Bronze Scales":7,"Velvet Choker":27,"Vajra":32,"Pandora\u0027s Box":0,"Molten Egg 2":14,"Ginger":11,"Toy Ornithopter":11,"Ring of the Snake":0}],"Toy Ornithopter":20},"card_choices":[{"not_picked":["Dagger Spray","Sucker Punch"],"picked":"Noxious Fumes","floor":1.0},{"not_picked":["Quick Slash","Riddle With Holes","Noxious Fumes"],"picked":"SKIP","floor":2.0},{"not_picked":["Dodge and Roll","Dagger Spray"],"picked":"Noxious Fumes","floor":6},{"not_picked":["Dagger Throw","Calculated Gamble","Poisoned Stab"],"picked":"SKIP","floor":8},{"not_picked":["Outmaneuver","Cloak And Dagger"],"picked":"Quick Slash+1","floor":11},{"not_picked":["Flying Knee+1","Concentrate","Backflip"],"picked":"SKIP","floor":13},{"not_picked":["Deadly Poison","Dagger Spray+1","Escape Plan"],"picked":"SKIP","floor":14},{"not_picked":["PiercingWail","Deflect"],"picked":"Dash+1","floor":18},{"not_picked":["Dagger Throw+1","Setup"],"picked":"Sucker Punch+1","floor":21},{"not_picked":["Flechettes+1","Dagger Throw+1","Bane+1"],"picked":"SKIP","floor":22}],"player_experience":1912755,"relics_obtained":[{"floor":6,"key":"Bronze Scales"},{"floor":8,"key":"Ginger"},{"floor":9,"key":"Toy Ornithopter"},{"floor":11,"key":"Molten Egg 2"}],"event_choices":[{"damage_healed":0.0,"max_hp_gain":0.0,"max_hp_loss":0.0,"gold_gain":75.0,"event_name":"World of Goop","player_choice":"Gather Gold","floor":4.0,"gold_loss":0.0,"damage_taken":11.0},{"damage_healed":0.0,"max_hp_gain":0.0,"max_hp_loss":0.0,"gold_gain":0.0,"event_name":"Liars Game","player_choice":"Ignored","floor":5.0,"gold_loss":0.0,"damage_taken":0.0},{"damage_healed":0,"gold_gain":0,"cards_transformed":["Choke"],"player_choice":"Change","damage_taken":0,"max_hp_gain":0,"max_hp_loss":0,"event_name":"Living Wall","floor":12,"gold_loss":0,"cards_obtained":["Expertise"]},{"damage_healed":0,"gold_gain":0,"player_choice":"Obtained Relic","damage_taken":0,"relics_obtained":["Vajra"],"max_hp_gain":0,"max_hp_loss":0,"event_name":"Addict","floor":19,"gold_loss":85},{"cards_removed":["Expertise"],"damage_healed":0,"gold_gain":0,"player_choice":"Elegance","damage_taken":0,"max_hp_gain":0,"max_hp_loss":0,"event_name":"Back to Basics","floor":20,"gold_loss":0}],"is_beta":false,"boss_relics":[{"not_picked":["Astrolabe","HoveringKite"],"picked":"Velvet Choker"}],"items_purged_floors":[3],"is_endless":false,"potions_floor_spawned":[6,8,13,14,22],"killed_by":"Gremlin Leader","ascension_level":20}}