{"host":"2brg86hfzr3u5cix","time":1608606188,"event":{"mods":["AchievementEnabler","Ascension Unlocker","BaseMod","CapriCore","DeckTracker","Highlight Path","Keyboard Shortcuts","Minty Spire (QoL Compilation)","Permanent Neow","Relic Stats","StSLib","Twitch Utils","Uncapped","UnlockEverythingMod"],"gold_per_floor":[114,129,129,54,104,104,104],"floor_reached":6,"playtime":241,"items_purged":["Strike_B"],"score":68,"play_id":"b0b33742-580e-4b59-a0ef-d18efd6df778","local_time":"20201222120308","is_ascension_mode":true,"campfire_choices":[],"circlet_count":0,"master_deck":["AscendersBane","Strike_B","Strike_B","Strike_B","Defend_B","Defend_B","Defend_B","Defend_B","Zap","Dualcast","Stack","Coolheaded"],"relics":["Cracked Core","Centennial Puzzle","Golden Idol"],"acts_visited":["Exordium"],"potions_floor_usage":[],"damage_taken":[{"damage":1,"enemies":"Cultist","floor":1,"turns":3},{"damage":2,"enemies":"Jaw Worm","floor":2,"turns":4},{"damage":13,"enemies":"Lagavulin","floor":6,"turns":5}],"seed_played":"-8012531835531111578","potions_obtained":[],"is_trial":false,"path_per_floor":["M","M","?","$","?","E"],"character_chosen":"DEFECT","items_purchased":[],"campfire_rested":0,"item_purchase_floors":[],"current_hp_per_floor":[63,61,61,61,61,48,48],"gold":104,"neow_bonus":"RANDOM_COMMON_RELIC","is_daily":false,"chose_seed":false,"campfire_upgraded":0,"win_rate":0.0,"timestamp":1608606188,"path_taken":["M","M","?","$","?","E"],"items_purchased_type":[],"build_version":"2020-12-13","purchased_purges":1,"victory":false,"max_hp_per_floor":[71,71,64,64,64,64,64],"relic_stats":{"Centennial Puzzle":[9],"counters":[3,12],"Golden Idol":0,"obtain_stats":[{"Centennial Puzzle":0,"Golden Idol":3,"Cracked Core":0},{"Centennial Puzzle":0,"Golden Idol":2,"Cracked Core":0},{"Centennial Puzzle":0,"Golden Idol":7,"Cracked Core":0}]},"card_choices":[{"not_picked":["Reinforced Body","Reprogram"],"picked":"Stack","floor":1},{"not_picked":["Turbo","Leap"],"picked":"Coolheaded","floor":2}],"player_experience":304638,"relics_obtained":[],"event_choices":[{"damage_healed":0,"gold_gain":0,"player_choice":"Lose Max HP","damage_taken":0,"relics_obtained":["Golden Idol"],"max_hp_gain":0,"max_hp_loss":7,"event_name":"Golden Idol","floor":3,"gold_loss":0},{"damage_healed":0,"gold_gain":50,"player_choice":"Pray","damage_taken":0,"max_hp_gain":0,"max_hp_loss":0,"event_name":"Golden Shrine","floor":5,"gold_loss":0}],"is_beta":false,"boss_relics":[],"items_purged_floors":[4],"is_endless":false,"potions_floor_spawned":[],"killed_by":"Lagavulin","ascension_level":20}}