{"host":"uc3yqlcea8xhzyx4","time":1608657895,"event":{"mods":["2.2 Compatiblity","Act Like it!","BaseMod","Better Altar","Better Synergies","Better Third Choice","Better Vampires","CCEM","Clawfect","Colored Map","Colored Powertips","Conspire","Downfall","Energized Spire","GifTheSpireLib","Highlight Path","Infinite Spire","Jedi Mod","Marisa????????","Minty Spire (QoL Compilation)","Permanent Neow","Prisma Mod","Quick Restart","Replay The Spire","Shade Mod","Shop Mod","Spicy Shops","StSLib","The Marked","???????????mod"],"gold_per_floor":[118,118,134,154,79,79,94,94,94,120,199,232,37,51,82,82,2,2,105,105,105,200,200,214,214,234,249,429,429,441,456,483,483,502,502,502,502,536,546,556,556,556,556],"floor_reached":42,"playtime":1510,"items_purged":["Strike_R","Strike_R","Shame","Strike_R"],"score":446,"play_id":"c9c26bf8-9c28-4eef-8341-fe59b3012f54","local_time":"20201222182455","is_ascension_mode":false,"campfire_choices":[{"floor":6,"key":"RECALL"},{"data":"Hemokinesis","floor":8,"key":"SMITH"},{"data":"Cleave","floor":16,"key":"SMITH"},{"data":"Bash","floor":18,"key":"SMITH"},{"data":"Defend_R","floor":29,"key":"SMITH"},{"floor":41,"key":"REST"}],"circlet_count":0,"master_deck":["Strike_R","Strike_R","Defend_R+1","Defend_R","Defend_R","Defend_R","Bash+1","Hemokinesis+1","Headbutt+1","Impervious","Cleave+1","Limit Break","Seeing Red","conspire:HitWhereItHurts"],"relics":["Burning Blood","King of Hearts","jedi:cryingmask","conspire:Boomerang","Membership Card","Smiling Mask","Nunchaku","Busted Crown","infinitespire:EmpoweringShard","CCEMRelics:GrapeVine","Pocketwatch","conspire:DeflatedDodgeball"],"acts_visited":["Exordium","TheCity"],"potions_floor_usage":[19,38,38,42,42,42],"damage_taken":[{"damage":6,"enemies":"Cultist","floor":1,"turns":3},{"damage":5,"enemies":"Jaw Worm","floor":3,"turns":3},{"damage":5,"enemies":"Small Slimes","floor":4,"turns":3},{"damage":24,"enemies":"Exordium Thugs","floor":7,"turns":4},{"damage":12,"enemies":"Gremlin Nob","floor":12,"turns":4},{"damage":4,"enemies":"Blue Slaver","floor":14,"turns":3},{"damage":22,"enemies":"Lagavulin","floor":15,"turns":6},{"damage":40,"enemies":"Hexaghost","floor":19,"turns":9},{"damage":34,"enemies":"Hexaghost","floor":22,"turns":6},{"damage":10,"enemies":"3 Byrds","floor":24,"turns":4},{"damage":12,"enemies":"Spheric Guardian","floor":26,"turns":3},{"damage":11,"enemies":"Snecko","floor":27,"turns":5},{"damage":8,"enemies":"Centurion and Healer","floor":30,"turns":5},{"damage":11,"enemies":"Shelled Parasite and Fungi","floor":31,"turns":5},{"damage":17,"enemies":"Book of Stabbing","floor":32,"turns":4},{"damage":6,"enemies":"Cultist and Chosen","floor":34,"turns":4},{"damage":30,"enemies":"Slavers","floor":38,"turns":3},{"damage":4,"enemies":"Chosen and Byrds","floor":39,"turns":3},{"damage":9,"enemies":"Shelled Parasite and Fungi","floor":40,"turns":4},{"damage":43,"enemies":"Collector","floor":42,"turns":5}],"seed_played":"2546469917998117438","potions_obtained":[{"floor":4,"key":"Swift Potion"},{"floor":7,"key":"Explosive Potion"},{"floor":14,"key":"ElixirPotion"},{"floor":15,"key":"BloodPotion"},{"floor":24,"key":"Dexterity Potion"},{"floor":27,"key":"BloodPotion"},{"floor":30,"key":"HeartOfIron"},{"floor":38,"key":"jedi:StrikingPotion"},{"floor":39,"key":"EssenceOfSteel"}],"is_trial":false,"path_per_floor":["M","?","M","M","$","R","M","R","T","T","?","E","$","M","E","R","$","R","B",null,"R_BF","B",null,"M","AVR","M","M","?","R","M","M","E","T","M","?","PTL","PTL","E","M","M","R","B"],"character_chosen":"IRONCLAD","items_purchased":["Membership Card","Nunchaku"],"campfire_rested":1,"item_purchase_floors":[13,17],"current_hp_per_floor":[80,80,80,80,80,80,62,62,62,62,62,56,56,58,42,42,42,42,24,24,48,20,80,76,76,70,65,46,46,44,39,28,28,28,28,28,28,20,22,19,43,0,0],"gold":556,"neow_bonus":"RANDOM_COMMON_RELIC","is_daily":false,"chose_seed":false,"campfire_upgraded":4,"win_rate":0.0,"timestamp":1608657895,"path_taken":["M","?","M","M","$","R","?","R","T","T","?","E","$","M","E","R","?","R","BOSS","R_BF","BOSS","M","AVR","M","M","?","R","M","?","E","T","M","?","PTL","PTL","E","M","M","R","BOSS"],"items_purchased_type":["Relic","Relic"],"build_version":"2020-12-13","purchased_purges":4,"victory":false,"max_hp_per_floor":[80,80,80,80,80,80,80,80,80,80,80,80,80,80,80,80,80,80,80,80,80,80,80,80,80,80,80,80,80,80,80,80,80,80,80,80,80,80,80,80,80,80,80],"card_choices":[{"not_picked":["Havoc","Second Wind"],"picked":"Hemokinesis","floor":1},{"not_picked":["Twin Strike","Cleave"],"picked":"Headbutt","floor":3},{"not_picked":["Armaments","Carnage","Perfected Strike"],"picked":"SKIP","floor":4},{"not_picked":["Power Through","Anger"],"picked":"Impervious","floor":7},{"not_picked":["conspire:ExplosiveBarrier","Entrench","Feel No Pain"],"picked":"SKIP","floor":12},{"not_picked":["Flex","True Grit"],"picked":"Cleave","floor":14},{"not_picked":["Heavy Blade","Corruption","jedi:controlledanger"],"picked":"SKIP","floor":15},{"not_picked":["jedi:strikingstrike","Fiend Fire"],"picked":"Limit Break","floor":19},{"not_picked":["Thunderclap"],"picked":"SKIP","floor":24},{"not_picked":["Wild Strike+1"],"picked":"SKIP","floor":26},{"not_picked":["Rage+1"],"picked":"SKIP","floor":27},{"not_picked":["Cleave"],"picked":"SKIP","floor":30},{"not_picked":["Clothesline"],"picked":"SKIP","floor":31},{"not_picked":["Pommel Strike"],"picked":"SKIP","floor":32},{"not_picked":["Havoc"],"picked":"SKIP","floor":34},{"not_picked":[],"picked":"Seeing Red","floor":38},{"not_picked":[],"picked":"conspire:HitWhereItHurts","floor":39},{"not_picked":["conspire:Charge"],"picked":"SKIP","floor":40}],"player_experience":236275,"relics_obtained":[{"floor":10,"key":"jedi:cryingmask"},{"floor":12,"key":"conspire:Boomerang"},{"floor":15,"key":"Smiling Mask"},{"floor":32,"key":"CCEMRelics:GrapeVine"},{"floor":33,"key":"Pocketwatch"},{"floor":38,"key":"conspire:DeflatedDodgeball"}],"event_choices":[{"damage_healed":0,"gold_gain":0,"player_choice":"Bought 0 Potions","damage_taken":0,"max_hp_gain":0,"max_hp_loss":0,"event_name":"The Woman in Blue","floor":2,"gold_loss":0},{"damage_healed":0,"gold_gain":79,"player_choice":"Gained Gold","damage_taken":0,"max_hp_gain":0,"max_hp_loss":0,"event_name":"Golden Wing","floor":11,"gold_loss":0},{"damage_healed":0,"gold_gain":180,"player_choice":"GOLD GOLD ","damage_taken":19,"max_hp_gain":0,"max_hp_loss":0,"event_name":"Knowing Skull","floor":28,"potions_obtained":[],"gold_loss":0,"cards_obtained":[]}],"is_beta":false,"boss_relics":[{"not_picked":["Fusion Hammer","Coffee Dripper"],"picked":"Busted Crown"},{"not_picked":["energizedSpire:StickyHand","Philosopher\u0027s Stone","CCEMRelics:TransientCore"]}],"items_purged_floors":[5,13,17,25],"is_endless":false,"potions_floor_spawned":[4,7,14,15,24,27,30,34,38,39],"killed_by":"Collector","ascension_level":0}}