{"host":"pjgcdp3h1plnbocs","time":1608647635,"event":{"mods":["AchievementEnabler","BaseMod","Colored Map","Highlight Path","Minty Spire (QoL Compilation)"],"gold_per_floor":[364,43,56,56,72,106,106,132,132,72,72,72,88,114,114,214,214,228,248,268,268,281,281,281],"floor_reached":23,"playtime":918,"items_purged":["Strike_G"],"score":330,"play_id":"8630fb4f-aeee-43a9-8369-b11edecd1ec2","local_time":"20201222153355","is_ascension_mode":true,"campfire_choices":[{"data":"Footwork","floor":7,"key":"SMITH"},{"data":"Neutralize","floor":11,"key":"SMITH"},{"floor":15,"key":"REST"}],"circlet_count":0,"master_deck":["Strike_G","Strike_G","Strike_G","Defend_G","Defend_G","Defend_G","Defend_G","Defend_G","Survivor+1","Neutralize+1","Cloak And Dagger","Footwork+1","Deadly Poison+1","Dagger Spray","Bouncing Flask+1","Catalyst+1","After Image","Backflip+1","Deadly Poison+1","Malaise+1"],"relics":["Ring of the Snake","Toxic Egg 2","Eternal Feather","Gremlin Horn","PreservedInsect","The Courier","Darkstone Periapt","Black Star"],"acts_visited":["Exordium","TheCity"],"potions_floor_usage":[8,14,22,23],"damage_taken":[{"damage":4,"enemies":"2 Louse","floor":1,"turns":4},{"damage":2,"enemies":"Jaw Worm","floor":3,"turns":7},{"damage":0,"enemies":"Cultist","floor":5,"turns":4},{"damage":16,"enemies":"Lagavulin","floor":6,"turns":7},{"damage":24,"enemies":"3 Sentries","floor":8,"turns":8},{"damage":16,"enemies":"Large Slime","floor":13,"turns":6},{"damage":0,"enemies":"Gremlin Nob","floor":14,"turns":3},{"damage":30,"enemies":"Slime Boss","floor":16,"turns":5},{"damage":15,"enemies":"Chosen","floor":18,"turns":5},{"damage":0,"enemies":"Spheric Guardian","floor":19,"turns":3},{"damage":4,"enemies":"Centurion and Healer","floor":20,"turns":9},{"damage":0,"enemies":"3 Cultists","floor":22,"turns":7},{"damage":32,"enemies":"Gremlin Leader","floor":23,"turns":6}],"seed_played":"-4319389934941937917","potions_obtained":[{"floor":3,"key":"FearPotion"},{"floor":5,"key":"Ancient Potion"},{"floor":8,"key":"Weak Potion"},{"floor":13,"key":"BlessingOfTheForge"},{"floor":14,"key":"Energy Potion"}],"is_trial":false,"path_per_floor":["M","$","M","?","M","E","R","E","T","$","R","?","M","E","R","B",null,"M","M","M","?","M","E"],"character_chosen":"THE_SILENT","items_purchased":["Toxic Egg 2","Footwork"],"campfire_rested":1,"item_purchase_floors":[2,2],"current_hp_per_floor":[59,59,57,54,54,38,47,23,23,23,32,32,16,16,43,13,51,36,36,32,32,32,0,0],"gold":281,"neow_bonus":"TWO_FIFTY_GOLD","is_daily":false,"chose_seed":false,"campfire_upgraded":2,"win_rate":0.0,"timestamp":1608647635,"path_taken":["M","$","M","?","M","E","R","E","T","$","R","?","?","E","R","BOSS","M","M","M","?","?","E"],"items_purchased_type":["Relic","Card"],"build_version":"2020-12-13","purchased_purges":1,"victory":false,"max_hp_per_floor":[63,63,63,63,63,63,63,63,63,63,63,63,63,63,63,63,63,63,63,63,63,63,63,63],"card_choices":[{"not_picked":["Quick Slash","Flying Knee"],"picked":"Cloak And Dagger","floor":1},{"not_picked":["Dodge and Roll+1","PiercingWail+1"],"picked":"Deadly Poison+1","floor":3},{"not_picked":["All Out Attack","Slice"],"picked":"Dagger Spray","floor":5},{"not_picked":["Flying Knee","Distraction+1"],"picked":"Bouncing Flask+1","floor":6},{"not_picked":["Quick Slash","Storm of Steel+1","Slice"],"picked":"SKIP","floor":8},{"not_picked":["Concentrate+1","Bane","Flechettes"],"picked":"SKIP","floor":13},{"not_picked":["Venomology+1","Distraction+1"],"picked":"Catalyst+1","floor":14},{"not_picked":["Grand Finale","Unload"],"picked":"After Image","floor":16},{"not_picked":["Bane","Calculated Gamble+1","Dash"],"picked":"SKIP","floor":18},{"not_picked":["Cloak And Dagger+1","Dagger Throw"],"picked":"Backflip+1","floor":19},{"not_picked":["Masterful Stab","Prepared+1"],"picked":"Deadly Poison+1","floor":20},{"not_picked":["Dodge and Roll+1","PiercingWail+1"],"picked":"Malaise+1","floor":22}],"player_experience":135980,"relics_obtained":[{"floor":6,"key":"Gremlin Horn"},{"floor":8,"key":"PreservedInsect"},{"floor":9,"key":"The Courier"},{"floor":14,"key":"Darkstone Periapt"}],"event_choices":[{"damage_healed":0,"gold_gain":0,"player_choice":"Success","damage_taken":3,"relics_obtained":["Eternal Feather"],"max_hp_gain":0,"max_hp_loss":0,"event_name":"Scrap Ooze","floor":4,"gold_loss":0},{"damage_healed":0,"gold_gain":0,"player_choice":"Upgraded","damage_taken":0,"max_hp_gain":0,"max_hp_loss":0,"event_name":"Upgrade Shrine","floor":12,"gold_loss":0,"cards_upgraded":["Survivor"]},{"cards_removed":["Strike_G"],"damage_healed":0,"gold_gain":0,"player_choice":"Card Removal","damage_taken":0,"max_hp_gain":0,"max_hp_loss":0,"event_name":"Wheel of Change","floor":21,"gold_loss":0}],"is_beta":false,"boss_relics":[{"not_picked":["Fusion Hammer","Coffee Dripper"],"picked":"Black Star"}],"items_purged_floors":[10],"is_endless":false,"potions_floor_spawned":[3,5,8,13,14,20],"killed_by":"Gremlin Leader","ascension_level":8}}