{"host":"8h3glbk9j4k4ylc4","time":1608650411,"event":{"mods":["AchievementEnabler","Act Like it!","BaseMod","Colored Map","Colored Powertips","Energized Spire","Gensokyo","Hallownest","Hermit","Hubris","Infinite Spire","Jorbs\u0027s Wanderer Trilogy","Lobotomy","Marisa????????","Minty Spire (QoL Compilation)","Replay The Spire","Somnambulant","StSLib","Td1madao Mod","The Bug Knight","The Judge"],"gold_per_floor":[111,211,211,44,44,70,70,84,84,9,9,9,0,266,266,266,266],"floor_reached":16,"playtime":517,"items_purged":["Defend_B"],"score":96,"play_id":"395f9dba-5570-4707-a855-f7eb514162d0","local_time":"20201222172011","is_ascension_mode":false,"campfire_choices":[{"data":"Defragment","floor":7,"key":"SMITH"},{"floor":12,"key":"REST"},{"floor":15,"key":"REST"}],"circlet_count":0,"master_deck":["Strike_B","Strike_B","Strike_B","Defend_B","Defend_B","Defend_B","Zap","Dualcast","Defragment+1","Gensokyo:BlemishedSteel","Steam+1","Conserve Battery","Rebound","Genetic Algorithm"],"relics":["Cracked Core","hubris:Icosahedron","hubris:SlimyHat","Replay:Baseball","Onion Ring","Molten Egg 2"],"acts_visited":["Gensokyo:Gensokyo"],"potions_floor_usage":[],"damage_taken":[{"damage":10,"enemies":"Gensokyo:Gryphon","floor":1,"turns":4},{"damage":42,"enemies":"Gensokyo:Aya","floor":6,"turns":6},{"damage":1,"enemies":"Gensokyo:Python","floor":8,"turns":4},{"damage":0,"enemies":"Gensokyo:3_Fairies","floor":14,"turns":4},{"damage":70,"enemies":"Gensokyo:Yukari","floor":16,"turns":9}],"seed_played":"8079611581307732878","potions_obtained":[],"is_trial":false,"path_per_floor":["M","?","?","COS","?","E","R","M","T","$","T","R","?","M","R","B"],"character_chosen":"DEFECT","items_purchased":[],"campfire_rested":2,"item_purchase_floors":[],"current_hp_per_floor":[65,65,65,65,65,23,23,22,22,22,22,44,48,48,70,0,0],"gold":266,"neow_bonus":"REMOVE_CARD","is_daily":false,"chose_seed":false,"campfire_upgraded":1,"win_rate":0.0,"timestamp":1608650411,"path_taken":["M","?","?","COS","?","E","R","M","T","$","?","R","?","M","R","BOSS"],"items_purchased_type":[],"build_version":"2020-12-13","purchased_purges":1,"victory":false,"max_hp_per_floor":[75,75,75,75,75,75,75,75,75,75,75,75,75,75,75,75,75],"card_choices":[{"not_picked":["Hologram","Streamline"],"picked":"Defragment","floor":1},{"not_picked":["Rebound+1","Undo+1"],"picked":"Steam+1","floor":6},{"not_picked":["Rebound","Doom and Gloom"],"picked":"Conserve Battery","floor":6},{"not_picked":["ReplayTheSpireMod:System Scan","Steam"],"picked":"Rebound","floor":8},{"not_picked":["Turbo","Streamline+1"],"picked":"Genetic Algorithm","floor":14}],"player_experience":305848,"relics_obtained":[{"floor":6,"key":"hubris:SlimyHat"},{"floor":9,"key":"Onion Ring"},{"floor":11,"key":"Molten Egg 2"}],"event_choices":[],"is_beta":false,"boss_relics":[],"items_purged_floors":[10],"is_endless":false,"potions_floor_spawned":[],"killed_by":"Gensokyo:Yukari","ascension_level":0}}