{"host":"cvw9qspg8f691jio","time":1608658273,"event":{"mods":["BaseMod","Filter the Spire","Minty Spire (QoL Compilation)","Relic Stats","StSLib"],"gold_per_floor":[111,129,149,160,85,85,114,130,130,130,171,171,171,197,197,279,342,370,379,405,405,455,470,470,470],"floor_reached":24,"playtime":756,"items_purged":[],"score":364,"play_id":"4f90faef-4b9b-4afc-b63d-e4ff78219c09","local_time":"20201222123113","is_ascension_mode":true,"campfire_choices":[{"data":"Sunder","floor":6,"key":"SMITH"},{"data":"Doom and Gloom","floor":10,"key":"SMITH"},{"data":"Static Discharge","floor":12,"key":"SMITH"},{"data":"Tempest","floor":15,"key":"SMITH"}],"circlet_count":0,"master_deck":["AscendersBane","Zap","Dualcast","Sunder+1","Tempest+1","Static Discharge+1","Glacier","Doom and Gloom+1","Turbo","Echo Form","Compile Driver","Biased Cognition","Conserve Battery","Reprogram","White Noise","Rainbow","Multi-Cast","Machine Learning","Seek","Undo","Necronomicurse","Glacier+1"],"relics":["Philosopher\u0027s Stone","Question Card","Toy Ornithopter","CeramicFish","HornCleat","Pandora\u0027s Box","Necronomicon"],"acts_visited":["Exordium","TheCity"],"potions_floor_usage":[24,24],"damage_taken":[{"damage":2,"enemies":"Cultist","floor":1,"turns":3},{"damage":2,"enemies":"2 Louse","floor":2,"turns":2},{"damage":3,"enemies":"Jaw Worm","floor":3,"turns":3},{"damage":6,"enemies":"Exordium Wildlife","floor":4,"turns":3},{"damage":11,"enemies":"Gremlin Nob","floor":7,"turns":3},{"damage":10,"enemies":"3 Louse","floor":8,"turns":3},{"damage":6,"enemies":"3 Sentries","floor":11,"turns":3},{"damage":0,"enemies":"Large Slime","floor":14,"turns":4},{"damage":7,"enemies":"Hexaghost","floor":16,"turns":7},{"damage":13,"enemies":"Chosen","floor":18,"turns":4},{"damage":0,"enemies":"Spheric Guardian","floor":20,"turns":1},{"damage":15,"enemies":"Centurion and Healer","floor":23,"turns":3},{"damage":30,"enemies":"Slavers","floor":24,"turns":1}],"seed_played":"7165389112261991317","potions_obtained":[{"floor":1,"key":"Dexterity Potion"},{"floor":3,"key":"PotionOfCapacity"},{"floor":23,"key":"Explosive Potion"}],"is_trial":false,"path_per_floor":["M","M","M","M","?","R","E","M","T","R","E","R","?","M","R","B",null,"M","?","M","?","?","M","E"],"character_chosen":"DEFECT","items_purchased":[],"campfire_rested":0,"item_purchase_floors":[],"current_hp_per_floor":[62,60,57,51,51,51,40,30,30,30,24,24,24,24,24,17,58,45,24,24,24,24,9,0,0],"gold":470,"neow_bonus":"BOSS_RELIC","is_daily":false,"chose_seed":false,"campfire_upgraded":4,"win_rate":0.0,"timestamp":1608658273,"path_taken":["M","?","M","M","?","R","E","M","T","R","E","R","?","M","R","BOSS","M","?","M","?","?","M","E"],"items_purchased_type":[],"build_version":"2020-12-13","purchased_purges":0,"victory":false,"max_hp_per_floor":[71,71,71,71,71,71,71,71,71,71,71,71,71,71,71,71,71,71,71,71,71,71,71,71,71],"relic_stats":{"counters":[13,40],"CeramicFish":117,"Pandora\u0027s Box":["Conserve Battery","Reprogram","White Noise","Rainbow","Multi-Cast","Machine Learning","Seek"],"Necronomicon":[3],"Question Card":7,"obtain_stats":[{"HornCleat":13,"CeramicFish":11,"Philosopher\u0027s Stone":0,"Pandora\u0027s Box":17,"Necronomicon":19,"Cracked Core":0,"Question Card":7,"Toy Ornithopter":9},{"HornCleat":7,"CeramicFish":7,"Philosopher\u0027s Stone":0,"Pandora\u0027s Box":9,"Necronomicon":10,"Cracked Core":0,"Question Card":5,"Toy Ornithopter":6},{"HornCleat":20,"CeramicFish":20,"Philosopher\u0027s Stone":0,"Pandora\u0027s Box":31,"Necronomicon":35,"Cracked Core":0,"Question Card":14,"Toy Ornithopter":17}],"Toy Ornithopter":10},"card_choices":[{"not_picked":["Lockon","Reprogram"],"picked":"Sunder","floor":1},{"not_picked":["Heatsinks","Barrage"],"picked":"Tempest","floor":2},{"not_picked":["Force Field","Auto Shields"],"picked":"Static Discharge","floor":3},{"not_picked":["Recycle","BootSequence"],"picked":"Glacier","floor":4},{"not_picked":["Streamline","Hologram"],"picked":"Doom and Gloom","floor":7},{"not_picked":["Stack","Compile Driver","Rebound"],"picked":"Turbo","floor":8},{"not_picked":["Coolheaded","Melter","Heatsinks"],"picked":"Echo Form","floor":11},{"not_picked":["Rebound","Ball Lightning","Turbo"],"picked":"Compile Driver","floor":14},{"not_picked":["Rainbow","Meteor Strike","All For One"],"picked":"Biased Cognition","floor":16},{"not_picked":["Redo","Sweeping Beam","Leap"],"picked":"Undo","floor":18},{"not_picked":["Undo","Fusion","Ball Lightning"],"picked":"Glacier+1","floor":20},{"not_picked":["Conserve Battery","Redo","Streamline","Cold Snap"],"picked":"SKIP","floor":23}],"player_experience":457312,"relics_obtained":[{"floor":7,"key":"Question Card"},{"floor":9,"key":"Toy Ornithopter"},{"floor":11,"key":"CeramicFish"},{"floor":19,"key":"Necronomicon"}],"event_choices":[{"cards_removed":["Strike_B"],"damage_healed":0,"gold_gain":0,"player_choice":"Card Removal","damage_taken":0,"max_hp_gain":0,"max_hp_loss":0,"event_name":"The Cleric","floor":5,"gold_loss":75},{"damage_healed":0,"gold_gain":0,"player_choice":"Searched \u00271\u0027 times","damage_taken":0,"relics_obtained":["HornCleat"],"max_hp_gain":0,"max_hp_loss":0,"event_name":"Dead Adventurer","floor":13,"gold_loss":0},{"damage_healed":0,"gold_gain":0,"player_choice":"Obtained Book","damage_taken":21,"max_hp_gain":0,"max_hp_loss":0,"event_name":"Cursed Tome","floor":19,"gold_loss":0},{"damage_healed":0,"gold_gain":0,"player_choice":"Ignored","damage_taken":0,"max_hp_gain":0,"max_hp_loss":0,"event_name":"Vampires","floor":21,"gold_loss":0},{"damage_healed":0,"gold_gain":50,"player_choice":"Stole From Cult","damage_taken":0,"max_hp_gain":0,"max_hp_loss":0,"event_name":"Nest","floor":22,"gold_loss":0}],"is_beta":false,"boss_relics":[{"not_picked":["Inserter","Ectoplasm"],"picked":"Pandora\u0027s Box"}],"items_purged_floors":[],"is_endless":false,"potions_floor_spawned":[1,3,4,8,14,23],"killed_by":"Slavers","ascension_level":15}}