{"host":"3bxs5e4vzuckjn0j","time":1608610268,"event":{"mods":["AchievementEnabler","Aspiration","BaseMod","BetterRewards","Colored Map","Colored Powertips","Curses Come First","Defuse TimeMaze Blight","Downfall","Ekko","Energized Spire","Friendly Minions","Hubris","Infinite Spire","Jedi Mod","Minty Spire (QoL Compilation)","Prisma Mod","Replay The Spire","Shade Mod","Shop Mod","StSLib","SuperFastMode","The Marked","The Runesmith","The Servant 0.9.4","vexMod"],"gold_per_floor":[118,118,128,5,16,43,43,43,69,69,98,98,124,151,151,256,256,276,690,690,690,516,516,63,63,63,63,63,63,63,63,63],"floor_reached":31,"playtime":1219,"items_purged":["theMarked:Improvise","theMarked:HeightenedSenses"],"score":422,"play_id":"b92d8160-9c7f-415e-88b6-9eb0aaf6baad","local_time":"20201221201108","daily_mods":["Draft","Heirloom","Flight","DeadlyEvents","Elite Swarm"],"is_ascension_mode":false,"campfire_choices":[{"data":"theMarked:BindingBlade","floor":7,"key":"SMITH"},{"data":"theMarked:DeterminationOfTheMarked","floor":8,"key":"SMITH"},{"data":"theMarked:Static","floor":10,"key":"SMITH"},{"data":"theMarked:SummonStrength","floor":12,"key":"SMITH"},{"data":"theMarked:BanishingWave","floor":25,"key":"SMITH"},{"data":"theMarked:BindingBlade","floor":28,"key":"SMITH"},{"data":"theMarked:TakeOffHeels","floor":28,"key":"SMITH"},{"data":"theMarked:TakeOffHeels","floor":29,"key":"SMITH"},{"data":"theMarked:BanishingStrike","floor":29,"key":"SMITH"}],"circlet_count":0,"master_deck":["theMarked:ChainLightning","theMarked:RepellingDischarge","theMarked:DeterminationOfTheMarked+1","theMarked:ComboAttacks+1","theMarked:ChainLightning","theMarked:Static+1","theMarked:RepellingDischarge","theMarked:BanishingStrike","theMarked:RepellingDischarge","theMarked:BanishingStrike","theMarked:Electrocute","theMarked:BanishingStrike","theMarked:BanishingWave+1","theMarked:WardOff","theMarked:BanishingStrike+1","theMarked:ChainLightning","theMarked:BindingBlade+1","theMarked:SummonStrength+1","theMarked:TakeOffHeels+1","theMarked:TakeOffHeels+1","theMarked:BanishingStrike","theMarked:WardOff","sneckomod:Bewildered","theMarked:BindingBlade+1","theMarked:SwordAndMagic"],"relics":["theMarked:ArtifactOfAir","Incense Burner","ReplayFunnel","FossilizedHelix","Replay:Kaleidoscope","Blue Candle","hubris:Icosahedron","jedi:battlestandard","jedi:ominousloannote","MerchantsRug","Kunai","Dead Branch","Pen Nib","ReplayTheSpireMod:CursedCoin","Tiny Chest","Replay:Arrowhead"],"acts_visited":["Exordium","TheCity"],"potions_floor_usage":[],"damage_taken":[{"damage":0,"enemies":"Jaw Worm","floor":1,"turns":3},{"damage":0,"enemies":"Cultist","floor":3,"turns":3},{"damage":5,"enemies":"infinitespire:Voidling","floor":5,"turns":3},{"damage":9,"enemies":"Replay:BlueRogue","floor":6,"turns":3},{"damage":8,"enemies":"Gremlin Nob","floor":11,"turns":3},{"damage":0,"enemies":"Replay:BlueRogue","floor":13,"turns":3},{"damage":0,"enemies":"Gremlin Nob","floor":14,"turns":3},{"damage":0,"enemies":"Slime Boss","floor":16,"turns":8},{"damage":1,"enemies":"Chosen","floor":18,"turns":3},{"damage":0,"enemies":"Shell Parasite","floor":21,"turns":3},{"damage":49,"enemies":"Gremlin Leader","floor":23,"turns":4},{"damage":27,"enemies":"Slavers","floor":27,"turns":4},{"damage":0,"enemies":"Centurion and Healer","floor":30,"turns":2},{"damage":36,"enemies":"Gremlin Leader","floor":31,"turns":2}],"seed_played":"8044774858101223442","potions_obtained":[{"floor":6,"key":"infinitespire:BlackPotion"},{"floor":11,"key":"Energy Potion"},{"floor":13,"key":"DuplicationPotion"},{"floor":21,"key":"FairyPotion"},{"floor":27,"key":"Death Potion"}],"is_trial":true,"path_per_floor":["M","?","M","$","M","E","R","R","T","R","E","R","E","E","R_BF","B",null,"M","AVR","?","M","$","E","$","R","T","E","R","R","M","E"],"character_chosen":"THE_DEFAULT","items_purchased":["theMarked:BanishingStrike","theMarked:WardOff","MerchantsRug","Dead Branch","Pen Nib","ReplayTheSpireMod:CursedCoin"],"campfire_rested":0,"item_purchase_floors":[4,22,22,24,24,24],"current_hp_per_floor":[70,70,70,70,69,60,60,60,60,60,52,52,52,52,52,52,70,69,69,69,69,69,20,20,20,20,31,31,31,31,0,0],"gold":63,"neow_bonus":"","is_daily":false,"chose_seed":false,"campfire_upgraded":9,"win_rate":0.0,"timestamp":1608610268,"path_taken":["M","?","?","$","?","E","R","R","T","R","?","R","E","E","R_BF","BOSS","M","AVR","?","?","?","E","$","R","T","?","R","R","?","E"],"items_purchased_type":["Card","Card","Relic","Relic","Relic","Relic"],"build_version":"2020-12-13","purchased_purges":2,"victory":false,"max_hp_per_floor":[70,70,70,70,70,70,70,70,70,70,70,70,70,70,70,70,70,70,70,70,70,70,70,70,70,70,70,70,70,70,70,70],"card_choices":[{"not_picked":["theMarked:HeightenedSenses","theMarked:Electrocute"],"picked":"theMarked:ChainLightning","floor":0},{"not_picked":["theMarked:BanishingStrike","theMarked:WardOff"],"picked":"theMarked:RepellingDischarge","floor":0},{"not_picked":["theMarked:WastefulAttack","theMarked:CreepingChasm"],"picked":"theMarked:HeightenedSenses","floor":0},{"not_picked":["theMarked:ParalyzingBlade","theMarked:TwofoldDefense"],"picked":"theMarked:Improvise","floor":0},{"not_picked":["theMarked:ElectricStrings","theMarked:WastefulAttack"],"picked":"theMarked:DeterminationOfTheMarked","floor":0},{"not_picked":["theMarked:ReduceFriction","theMarked:SwordAndMagic"],"picked":"theMarked:ComboAttacks","floor":0},{"not_picked":["theMarked:SelfDefenseTraining","theMarked:Panic"],"picked":"theMarked:ChainLightning","floor":0},{"not_picked":["theMarked:EmpowerWeapon","theMarked:WastefulAttack"],"picked":"theMarked:Static","floor":0},{"not_picked":["theMarked:HeightenedSenses","theMarked:WardOff"],"picked":"theMarked:RepellingDischarge","floor":0},{"not_picked":["theMarked:WastefulDefense","theMarked:ShockingTouch"],"picked":"theMarked:BanishingStrike","floor":0},{"not_picked":["theMarked:ResourceFulStrike","theMarked:BanishingStrike"],"picked":"theMarked:RepellingDischarge","floor":0},{"not_picked":["theMarked:Aftermath","theMarked:TunnelVision"],"picked":"theMarked:BanishingStrike","floor":0},{"not_picked":["theMarked:Aftermath","theMarked:Overthink"],"picked":"theMarked:Electrocute","floor":0},{"not_picked":["theMarked:RogueSparks","theMarked:WastefulAttack"],"picked":"theMarked:BanishingStrike","floor":0},{"not_picked":["theMarked:Static","theMarked:Improvise"],"picked":"theMarked:BanishingWave","floor":0},{"not_picked":["theMarked:RogueSparks","theMarked:Seal"],"picked":"theMarked:WardOff","floor":1},{"not_picked":["theMarked:ElectricStrings","theMarked:RogueSparks","theMarked:DeterminationOfTheMarked"],"picked":"SKIP","floor":3},{"not_picked":["theMarked:SuspiciousRaven","theMarked:TwofoldDefense"],"picked":"theMarked:ChainLightning","floor":5},{"not_picked":["theMarked:Levitate","theMarked:ThrowWeapon"],"picked":"theMarked:BindingBlade","floor":6},{"not_picked":["theMarked:SuspiciousRaven","theMarked:UnarmedFury"],"picked":"theMarked:SummonStrength","floor":11},{"not_picked":["theMarked:DispelDoubt","theMarked:FavorableWinds"],"picked":"theMarked:TakeOffHeels","floor":13},{"not_picked":["theMarked:MuscleMemory","theMarked:Snap"],"picked":"theMarked:TakeOffHeels","floor":14},{"not_picked":["theMarked:WastefulAttack","theMarked:Parkour","theMarked:ElectricStrings"],"picked":"SKIP","floor":18},{"not_picked":["theMarked:ResourceFulStrike","theMarked:Aftermath"],"picked":"theMarked:BanishingStrike","floor":21},{"not_picked":["theMarked:Defy","theMarked:SummonStrength","theMarked:Challenge"],"picked":"SKIP","floor":23},{"not_picked":["theMarked:SoldierForm","theMarked:Challenge"],"picked":"theMarked:BindingBlade","floor":27},{"not_picked":["theMarked:HeightenedSenses","theMarked:StartUp+1"],"picked":"theMarked:SwordAndMagic","floor":30}],"player_experience":342797,"relics_obtained":[{"floor":6,"key":"ReplayFunnel"},{"floor":11,"key":"FossilizedHelix"},{"floor":13,"key":"Replay:Kaleidoscope"},{"floor":14,"key":"Blue Candle"},{"floor":23,"key":"Kunai"},{"floor":26,"key":"Tiny Chest"},{"floor":27,"key":"Replay:Arrowhead"}],"event_choices":[{"damage_healed":0,"gold_gain":0,"player_choice":"Forge","damage_taken":0,"max_hp_gain":0,"max_hp_loss":0,"event_name":"Accursed Blacksmith","floor":2,"gold_loss":0,"cards_upgraded":["theMarked:ComboAttacks"]},{"damage_healed":0,"gold_gain":0,"player_choice":"Bought 0 Potions","damage_taken":0,"max_hp_gain":0,"max_hp_loss":0,"event_name":"The Woman in Blue","floor":20,"gold_loss":0}],"is_beta":false,"boss_relics":[{"not_picked":["hubris:CrackedHourglass","Tiny House"],"picked":"jedi:battlestandard"}],"items_purged_floors":[4,19],"is_endless":false,"potions_floor_spawned":[6,11,13,21,27,30],"killed_by":"Gremlin Leader","ascension_level":0}}