{"host":"6to0pdz5g3mubtyg","time":1608598736,"event":{"mods":["Act Like it!","Aspiration","BaseMod","BetterRewards","Colored Map","Energized Spire","Hallownest","Highlight Path","Infinite Spire","Jorbs\u0027s Wanderer Trilogy","Minty Spire (QoL Compilation)","Shade Mod","StSLib","The Animator","The Blue Laboratory","The Bug Knight"],"gold_per_floor":[110,130,130,130,55,93,116,116,116,116,116,152,152,178,178,283,283,308,308,308,318,327,327,339,339,362,380,380,419,419,439,439,439,439],"floor_reached":33,"playtime":2055,"items_purged":["Defend_B","Strike_B"],"score":287,"play_id":"43d6b87d-f958-4f7d-8e3e-97f2eefc9bde","local_time":"20201221175856","is_ascension_mode":true,"campfire_choices":[{"floor":8.0,"key":"REST"},{"floor":13.0,"key":"REST"},{"floor":15.0,"key":"REST"},{"data":"Echo Form","floor":23.0,"key":"SMITH"},{"floor":25.0,"key":"REST"},{"floor":28.0,"key":"REST"},{"floor":32,"key":"REST"}],"circlet_count":0,"master_deck":["Strike_B","Strike_B","Defend_B","Defend_B","Zap","Dualcast","Auto Shields","Sunder","Heatsinks","Streamline","White Noise","Turbo","Echo Form+1","White Noise","Writhe","Meteor Strike"],"relics":["Cracked Core","aspiration:Nostalgia","PureWater","CeramicFish","HollowMod:PaleOreRelic","Blood Vial","infinitespire:Cupcake","Pear","Pen Nib","Centennial Puzzle","infinitespire:Beetle Shell","Molten Egg 2"],"acts_visited":["Exordium","TheCity"],"potions_floor_usage":[29,29,29],"damage_taken":[{"damage":1.0,"enemies":"Cultist","floor":1.0,"turns":3.0},{"damage":0.0,"enemies":"Jaw Worm","floor":2.0,"turns":4.0},{"damage":66.0,"enemies":"Gremlin Nob","floor":6.0,"turns":5.0},{"damage":0.0,"enemies":"2 Louse","floor":7.0,"turns":2.0},{"damage":26.0,"enemies":"Lagavulin","floor":12.0,"turns":5.0},{"damage":0.0,"enemies":"2 Fungi Beasts","floor":14.0,"turns":2.0},{"damage":53.0,"enemies":"Slime Boss","floor":16.0,"turns":12.0},{"damage":0.0,"enemies":"Chosen","floor":18.0,"turns":4.0},{"damage":30.0,"enemies":"Shell Parasite","floor":21.0,"turns":6.0},{"damage":28.0,"enemies":"Snake Plant","floor":24.0,"turns":4.0},{"damage":15.0,"enemies":"Snecko","floor":27.0,"turns":3.0},{"damage":49,"enemies":"Slavers","floor":29,"turns":8},{"damage":21,"enemies":"Sentry and Sphere","floor":31,"turns":5},{"damage":45,"enemies":"Collector","floor":33,"turns":4}],"seed_played":"2803907940052560312","potions_obtained":[{"floor":6.0,"key":"SpeedPotion"},{"floor":7.0,"key":"blueLaboratory:HummingbirdPotion"},{"floor":14.0,"key":"blueLaboratory:EnragingPotion"},{"floor":16.0,"key":"Dexterity Potion"},{"floor":18.0,"key":"blueLaboratory:BottleOfRum"},{"floor":21.0,"key":"Regen Potion"}],"is_trial":false,"path_per_floor":["M","M","?","?","$","E","M","R","T","?","?","E","R","M","R","B",null,"M","AVR","?","M","?","R","M","R","T","M","R","E","T","M","R","B"],"character_chosen":"DEFECT","items_purchased":[],"campfire_rested":6,"item_purchase_floors":[],"current_hp_per_floor":[74,74,75,75,75,9,9,31,31,53,53,27,49,51,73,22,75,75,85,85,55,55,55,29,54,54,41,66,34,34,15,40,0,0],"gold":439,"neow_bonus":"NOSTALGIA","is_daily":false,"chose_seed":false,"campfire_upgraded":1,"win_rate":0.0,"timestamp":1608598736,"path_taken":["M","?","?","?","$","E","M","R","T","?","?","E","R","M","R","BOSS","M","AVR","?","M","?","R","M","R","T","M","R","E","?","?","R","BOSS"],"items_purchased_type":[],"build_version":"2020-12-13","purchased_purges":2,"victory":false,"max_hp_per_floor":[75,75,75,75,75,75,75,75,75,75,75,75,75,75,75,75,75,75,85,85,85,85,85,85,85,85,85,85,85,85,85,85,85,85],"card_choices":[{"not_picked":["Storm","Conserve Battery"],"picked":"Auto Shields","floor":1.0},{"not_picked":["Reinforced Body","Scrape"],"picked":"Sunder","floor":2.0},{"not_picked":["Cold Snap","Force Field"],"picked":"Heatsinks","floor":6.0},{"not_picked":["Beam Cell","Hologram"],"picked":"Streamline","floor":7.0},{"not_picked":["Consume","Undo"],"picked":"White Noise","floor":12.0},{"not_picked":["Darkness","Doom and Gloom"],"picked":"Turbo","floor":14.0},{"not_picked":["Core Surge","Reboot"],"picked":"Echo Form","floor":16.0},{"not_picked":["Compile Driver","Conserve Battery+1"],"picked":"White Noise","floor":18.0},{"not_picked":["Rebound+1","Sunder","Ball Lightning"],"picked":"SKIP","floor":21.0},{"not_picked":["Rebound+1","Sunder","Ball Lightning"],"picked":"SKIP","floor":21.0},{"not_picked":["Rebound","Conserve Battery+1","Hologram"],"picked":"SKIP","floor":24.0},{"not_picked":["aspiration:Polymerization","Force Field","Beam Cell+1"],"picked":"SKIP","floor":27.0},{"not_picked":["Turbo","Stack+1"],"picked":"Meteor Strike","floor":29},{"not_picked":["Compile Driver+1","Leap","Conserve Battery"],"picked":"SKIP","floor":31}],"player_experience":205433,"relics_obtained":[{"floor":6.0,"key":"CeramicFish"},{"floor":9.0,"key":"HollowMod:PaleOreRelic"},{"floor":12.0,"key":"Blood Vial"},{"floor":26.0,"key":"Centennial Puzzle"},{"floor":29,"key":"infinitespire:Beetle Shell"},{"floor":30,"key":"Molten Egg 2"}],"event_choices":[{"cards_removed":["Strike_B"],"damage_healed":0.0,"max_hp_gain":0.0,"max_hp_loss":0.0,"gold_gain":0.0,"event_name":"Living Wall","player_choice":"Forget","floor":4.0,"gold_loss":0.0,"damage_taken":0.0},{"damage_healed":0.0,"max_hp_gain":0.0,"max_hp_loss":0.0,"gold_gain":0.0,"event_name":"Liars Game","player_choice":"Ignored","floor":11.0,"gold_loss":0.0,"damage_taken":0.0},{"cards_removed":["Defend_B"],"damage_healed":0.0,"max_hp_gain":0.0,"max_hp_loss":0.0,"gold_gain":0.0,"event_name":"Back to Basics","player_choice":"Elegance","floor":20.0,"gold_loss":0.0,"damage_taken":0.0},{"damage_healed":0.0,"max_hp_gain":0.0,"max_hp_loss":0.0,"gold_gain":0.0,"event_name":"The Mausoleum","player_choice":"Opened","floor":22.0,"gold_loss":0.0,"damage_taken":0.0,"relics_obtained":["Pen Nib"],"cards_obtained":["Writhe"]}],"is_beta":false,"boss_relics":[{"not_picked":["Pandora\u0027s Box","aspiration:SilentSkillbook"],"picked":"infinitespire:Cupcake"}],"items_purged_floors":[5,19],"is_endless":false,"potions_floor_spawned":[6,7,14,16,18,21,27],"killed_by":"Collector","ascension_level":1}}