{"host":"a271difpu8igxb07","time":1608610278,"event":{"mods":["2.2 Compatiblity","AchievementEnabler","Act Like it!","Ascension Reborn","Aspiration","BaseMod","Better Note","BetterRewards","Challenge The Spire","Colored Map","Colored Powertips","Conspire","Custom Start","Downfall","Energized Spire","Halation","Hermit","Highlight Path","Hubris","Infinite Spire","Minty Spire (QoL Compilation)","Quick Restart","READ ME - Guardian Mod","Retaliation","StSLib","The Construct","The Cursed","The Factory","The Jungle","vexMod"],"gold_per_floor":[110,110,110,125,125,125,148,162,162,162,162,77,87,116,116,200,200,208,208,231,231,231,259,259,281,303,311,323,138,138,1,1,87,87,102,150,150,163,138,169,169,202,240,254,274,274,82,96,96,100],"floor_reached":51,"playtime":2632,"items_purged":[],"score":924,"play_id":"b6cf1188-b4af-4fdc-9a9c-cd907736b05f","local_time":"20201222111118","is_ascension_mode":true,"campfire_choices":[{"floor":6,"key":"REST"},{"floor":11,"key":"REST"},{"data":"Dramatic Entrance","floor":15,"key":"SMITH"},{"data":"infinitespire:Punishment","floor":24,"key":"SMITH"},{"data":"Demon Form","floor":32,"key":"SMITH"},{"data":"Demon Form+1","floor":41,"key":"SMITH"},{"floor":49,"key":"REST"}],"circlet_count":0,"master_deck":["AscendersBane","Strike_R+1","Strike_R+1","Strike_R+1","Strike_R+1","Strike_R+1","Defend_R+1","Defend_R+1","Defend_R+1","Defend_R+1","Bash+1","Bloodletting+1","Iron Wave","Impervious","Clothesline","Dramatic Entrance+1","Perfected Strike","Perfected Strike","DDmod:SpikeMailSkill","Juggernaut","Sword Boomerang+1","hubris:Fate","Perfected Strike","infinitespire:Punishment+1","DDmod:PokeAttack","Clash","Body Slam+1","Inflame","Demon Form+2","Mayhem","Apotheosis","Barricade","Flame Barrier","Thunderclap","Headbutt","Clothesline+1","Reaper","DDmod:UnstoppableAttack+1","conspire:Blindness","Slimebound:Icky","infinitespire:UltimateForm","Flame Barrier+1","Armaments"],"relics":["Burning Blood","hubris:TenFootPole","halation:SelfBoilingWater","Tiny Chest","infinitespire:Midas Blood","vexMod:BarristanHead","halation:LettersToHer","hubris:Towel","infinitespire:Bottled Soul","vexMod:PlasmaPancake","hubris:FunFungus","energizedSpire:TabascoSauce","Chemical X","Strawberry","Bronze Scales","Oddly Smooth Stone","aspiration:Lifesprig","Dream Catcher","Pantograph","Orichalcum","conspire:InfiniteJournal","Runic Pyramid","Ginger","vexMod:TimeEaterHat","hubris:IronBody","conspire:DeflatedDodgeball","PreservedInsect","halation:PrussianBluePaint","hubris:SlimyHat","Bag of Marbles","Lantern","halation:PromiseList","vexMod:InvisibilityCloak"],"acts_visited":["Exordium","TheCity","TheBeyond"],"potions_floor_usage":[16,23,48],"damage_taken":[{"damage":2,"enemies":"conspire:RoseBush","floor":1,"turns":2},{"damage":6,"enemies":"2 Louse","floor":4,"turns":3},{"damage":11,"enemies":"Lagavulin","floor":7,"turns":5},{"damage":0,"enemies":"infinitespire:Voidling","floor":8,"turns":2},{"damage":0,"enemies":"Blue Slaver","floor":13,"turns":1},{"damage":4,"enemies":"3 Sentries","floor":14,"turns":3},{"damage":8,"enemies":"Slime Boss","floor":16,"turns":7},{"damage":0,"enemies":"conspire:FuzzyDice","floor":18,"turns":4},{"damage":6,"enemies":"3 Byrds","floor":20,"turns":3},{"damage":7,"enemies":"conspire:SneckoGhost","floor":23,"turns":3},{"damage":3,"enemies":"conspire:Head Lice","floor":25,"turns":2},{"damage":0,"enemies":"Snecko","floor":27,"turns":2},{"damage":0,"enemies":"conspire:HollyBat","floor":28,"turns":8},{"damage":8,"enemies":"Automaton","floor":33,"turns":5},{"damage":4,"enemies":"3 Shapes","floor":35,"turns":1},{"damage":22,"enemies":"2 Orb Walkers","floor":36,"turns":3},{"damage":0,"enemies":"Orb Walker","floor":38,"turns":1},{"damage":14,"enemies":"Giant Head","floor":40,"turns":7},{"damage":40,"enemies":"Reptomancer","floor":42,"turns":4},{"damage":5,"enemies":"Transient","floor":44,"turns":5},{"damage":3,"enemies":"4 Shapes","floor":48,"turns":1},{"damage":11,"enemies":"Donu and Deca","floor":50,"turns":9}],"seed_played":"-958711158093479717","potions_obtained":[{"floor":1,"key":"Regen Potion"},{"floor":4,"key":"Swift Potion"},{"floor":13,"key":"Weak Potion"},{"floor":16,"key":"GamblersBrew"},{"floor":18,"key":"champ:CounterPotion"},{"floor":27,"key":"GamblersBrew"},{"floor":28,"key":"Block Potion"}],"is_trial":false,"path_per_floor":["M","?","?","M","?","R","E","M","T","?","R","$","M","E","R","B",null,"M","?","M","AVR","?","E","R","E","T","M","M","$","T","$","R","B",null,"M","?","AVR","M","?","E","R","E","T","M","T","?","$","M","R","B",null],"character_chosen":"IRONCLAD","items_purchased":["Dramatic Entrance","Perfected Strike","Demon Form","Mayhem","Apotheosis","vexMod:InvisibilityCloak"],"campfire_rested":3,"item_purchase_floors":[12,12,29,29,31,47],"current_hp_per_floor":[64,55,55,54,35,56,50,55,55,55,76,76,81,87,87,84,95,95,95,93,93,93,92,92,92,92,95,98,98,98,98,98,92,98,96,76,76,78,78,68,68,32,32,31,31,31,31,30,53,72],"gold":100,"neow_bonus":"TWENTY_PERCENT_HP_BONUS","is_daily":false,"chose_seed":false,"campfire_upgraded":4,"win_rate":0.0,"timestamp":1608610278,"path_taken":["M","?","?","?","?","R","E","M","T","?","R","$","M","E","R","BOSS","M","?","M","AVR","?","E","R","E","T","M","M","$","?","?","R","BOSS","M","?","AVR","M","?","E","R","E","T","M","?","?","?","?","R","BOSS"],"items_purchased_type":["Card","Card","Card","Card","Card","Relic"],"build_version":"2020-12-13","purchased_purges":0,"victory":true,"max_hp_per_floor":[89,89,89,89,89,89,89,89,89,89,89,89,89,95,95,95,95,95,95,95,95,95,98,98,98,98,98,98,98,98,98,98,98,98,98,98,98,98,98,98,98,98,98,98,98,98,98,98,98,98],"card_choices":[{"not_picked":["Perfected Strike","True Grit"],"picked":"Bloodletting","floor":1},{"not_picked":["Reckless Charge","DDmod:SpikeMailSkill"],"picked":"Iron Wave","floor":4},{"not_picked":["DDmod:ScaleUpSkill","Body Slam"],"picked":"Impervious","floor":7},{"not_picked":["Dropkick","Burning Pact"],"picked":"Clothesline","floor":8},{"not_picked":["Iron Wave","conspire:Purge"],"picked":"Perfected Strike","floor":13},{"not_picked":["Clash","Dropkick"],"picked":"DDmod:SpikeMailSkill","floor":14},{"not_picked":["DDmod:SpikeShotSkill","Reaper"],"picked":"Juggernaut","floor":16},{"not_picked":["hubris:ReadiedAction","DDmod:UnstoppableAttack"],"picked":"Sword Boomerang+1","floor":18},{"not_picked":["Shrug It Off","Headbutt"],"picked":"Perfected Strike","floor":20},{"not_picked":["Burning Pact","DDmod:SpikedSkill+1"],"picked":"DDmod:PokeAttack","floor":23},{"not_picked":["DDmod:AllInSkill","Armaments"],"picked":"Clash","floor":25},{"not_picked":["DDmod:CallousedSkill","Headbutt"],"picked":"Body Slam+1","floor":27},{"not_picked":["DDmod:CallousedSkill","Intimidate"],"picked":"Inflame","floor":28},{"not_picked":["DDmod:SpikeShotSkill","Juggernaut"],"picked":"Barricade","floor":33},{"not_picked":["Metallicize+1","Second Wind"],"picked":"Flame Barrier","floor":35},{"not_picked":["Blood for Blood+1","Warcry+1"],"picked":"Thunderclap","floor":36},{"not_picked":["Feel No Pain+1","Dropkick"],"picked":"Headbutt","floor":38},{"not_picked":["Body Slam+1","Second Wind+1"],"picked":"Clothesline+1","floor":40},{"not_picked":["Flex","Dark Embrace+1"],"picked":"Reaper","floor":42},{"not_picked":["Infernal Blade","DDmod:EasePowerCard"],"picked":"DDmod:UnstoppableAttack+1","floor":44},{"not_picked":["hubris:Fate","infinitespire:Fortify"],"picked":"infinitespire:UltimateForm","floor":46},{"not_picked":["conspire:HitWhereItHurts","DDmod:EasePowerCard+1"],"picked":"Flame Barrier+1","floor":48},{"not_picked":["Second Wind","Rampage+1"],"picked":"Armaments","floor":49}],"player_experience":80411,"relics_obtained":[{"floor":1,"key":"hubris:TenFootPole"},{"floor":7,"key":"infinitespire:Midas Blood"},{"floor":9,"key":"vexMod:BarristanHead"},{"floor":9,"key":"halation:LettersToHer"},{"floor":13,"key":"infinitespire:Bottled Soul"},{"floor":14,"key":"vexMod:PlasmaPancake"},{"floor":16,"key":"hubris:FunFungus"},{"floor":23,"key":"Strawberry"},{"floor":25,"key":"Bronze Scales"},{"floor":26,"key":"Oddly Smooth Stone"},{"floor":26,"key":"aspiration:Lifesprig"},{"floor":26,"key":"Dream Catcher"},{"floor":30,"key":"Pantograph"},{"floor":30,"key":"halation:LettersToHer"},{"floor":30,"key":"Orichalcum"},{"floor":33,"key":"conspire:InfiniteJournal"},{"floor":36,"key":"Ginger"},{"floor":40,"key":"hubris:IronBody"},{"floor":42,"key":"conspire:DeflatedDodgeball"},{"floor":43,"key":"PreservedInsect"},{"floor":43,"key":"halation:PrussianBluePaint"},{"floor":43,"key":"hubris:SlimyHat"},{"floor":44,"key":"Bag of Marbles"},{"floor":45,"key":"Lantern"},{"floor":45,"key":"halation:LettersToHer"},{"floor":45,"key":"halation:PromiseList"}],"event_choices":[{"damage_healed":0,"gold_gain":0,"player_choice":"Entered Light","damage_taken":18,"max_hp_gain":0,"max_hp_loss":0,"event_name":"Shining Light","floor":2,"gold_loss":0,"cards_upgraded":["Bloodletting"]},{"damage_healed":0,"gold_gain":0,"player_choice":"Gave Potion","damage_taken":0,"relics_obtained":["halation:SelfBoilingWater"],"max_hp_gain":0,"max_hp_loss":0,"event_name":"WeMeetAgain","floor":3,"gold_loss":0},{"damage_healed":0,"gold_gain":0,"player_choice":"Success","damage_taken":42,"relics_obtained":["Tiny Chest"],"max_hp_gain":0,"max_hp_loss":0,"event_name":"Scrap Ooze","floor":5,"gold_loss":0},{"cards_removed":["Juggernaut"],"damage_healed":0,"gold_gain":0,"player_choice":"Take \u0026 Give","damage_taken":0,"max_hp_gain":0,"max_hp_loss":0,"event_name":"betterNote:BetterNote","floor":19,"gold_loss":0,"cards_obtained":["hubris:Fate"]},{"damage_healed":0,"gold_gain":0,"player_choice":"Ignored","damage_taken":0,"max_hp_gain":0,"max_hp_loss":0,"event_name":"Vampires","floor":22,"gold_loss":0},{"damage_healed":0,"gold_gain":0,"player_choice":"Fight","damage_taken":0,"max_hp_gain":0,"max_hp_loss":0,"event_name":"Mysterious Sphere","floor":36,"gold_loss":0}],"is_beta":false,"boss_relics":[{"not_picked":["Empty Cage","infinitespire:Burning Sword"],"picked":"energizedSpire:TabascoSauce"},{"not_picked":["halation:HeavySnake","halation:PlatinumPhoenix"],"picked":"Runic Pyramid"}],"items_purged_floors":[],"is_endless":false,"potions_floor_spawned":[1,4,13,16,18,27,28,35,40,42,44],"ascension_level":0}}