{"host":"hqvh779b89tfrjxy","time":1608602195,"event":{"mods":["Act Like it!","BaseMod","Better Third Choice","Downfall","Elementarium","Filter the Spire","GifTheSpireLib","Marked Mod","Minty Spire (QoL Compilation)","Replay The Spire","Spicy Shops","StSLib"],"gold_per_floor":[110,126,143,161,181,213,213,246,246,257,268,268,6,37,37,137,137,154,172,172,185,205,237,237,252,302,318,318,328,346,375,375,480,480,496,496,546,546,557,588,588,614,614,614,631,371,387,420,420,420],"floor_reached":51,"playtime":3757,"items_purged":["Parasite"],"score":746,"play_id":"0ebf4ed7-14bc-4816-bf58-66d6fe1283d7","local_time":"20201222025635","is_ascension_mode":true,"campfire_choices":[{"data":"Ball Lightning","floor":7.0,"key":"SMITH"},{"data":"Creative AI","floor":12.0,"key":"SMITH"},{"data":"Zap","floor":15.0,"key":"SMITH"},{"data":"ReplayTheSpireMod:Calculation Training","floor":24,"key":"SMITH"},{"data":"Fission","floor":28,"key":"SMITH"},{"data":"Glacier","floor":32,"key":"SMITH"},{"data":"Elementarium:VoidblessedBlade","floor":41,"key":"SMITH"},{"floor":44,"key":"RECALL"},{"data":"expansioncontent:DashGenerateEvil","floor":49,"key":"SMITH"}],"circlet_count":0,"master_deck":["Strike_B","Strike_B","Strike_B","Strike_B","Defend_B","Defend_B","Defend_B","Defend_B","Zap+1","Dualcast","Glacier+1","Ball Lightning+1","Cold Snap","Sunder","Capacitor","Self Repair","Creative AI+1","Cold Snap+1","Stack","Elementarium:VoidblessedBlade+1","Injury","ReplayTheSpireMod:Calculation Training+1","Fission+1","Glacier","expansioncontent:DashGenerateEvil+1","Loop","ReplayRNGCard"],"relics":["Cracked Core","Gremlin Horn","MealTicket","Carrot","Eternal Feather","Iron Hammer","ChewingGum","The Courier","Orichalcum","Question Card","Elementarium:ElementariumTrophy","Coffee Dripper","Dead Branch","Replay:Baseball","Replay:WaspNest","Bottled Tornado","Omamori"],"acts_visited":["Exordium","Elementarium:Elementarium","TheBeyond"],"potions_floor_usage":[27,35,39,40,40,50],"damage_taken":[{"damage":0.0,"enemies":"Jaw Worm","floor":1.0,"turns":3.0},{"damage":0.0,"enemies":"Cultist","floor":2.0,"turns":4.0},{"damage":0.0,"enemies":"Small Slimes","floor":3.0,"turns":3.0},{"damage":4.0,"enemies":"Looter","floor":4.0,"turns":3.0},{"damage":17.0,"enemies":"Exordium Wildlife","floor":5.0,"turns":4.0},{"damage":12.0,"enemies":"Lagavulin","floor":6.0,"turns":5.0},{"damage":18.0,"enemies":"Gremlin Nob","floor":8.0,"turns":3.0},{"damage":0.0,"enemies":"3 Louse","floor":10.0,"turns":2.0},{"damage":11.0,"enemies":"Looter","floor":11.0,"turns":2.0},{"damage":10.0,"enemies":"Lagavulin","floor":14.0,"turns":6.0},{"damage":35.0,"enemies":"Slime Boss","floor":16.0,"turns":8.0},{"damage":0.0,"enemies":"Elementarium:2_ELEMENTALS","floor":18.0,"turns":3.0},{"damage":2.0,"enemies":"Elementarium:MUD_AND_TAR_GOLEMS","floor":19.0,"turns":6.0},{"damage":12,"enemies":"Elementarium:3_ELEMENTALS","floor":21,"turns":6},{"damage":7,"enemies":"Elementarium:VOID_CORRUPTION_AND_TAR_GOLEM","floor":22,"turns":8},{"damage":31,"enemies":"Elementarium:WarGolem","floor":23,"turns":6},{"damage":6,"enemies":"Elementarium:CYCLONE_AND_ORB_OF_FIRE","floor":25,"turns":8},{"damage":12,"enemies":"Elementarium:Hydrostalker","floor":27,"turns":7},{"damage":6,"enemies":"Elementarium:RubyGolem","floor":29,"turns":6},{"damage":15,"enemies":"Elementarium:STONE_GOLEMS","floor":30,"turns":6},{"damage":42,"enemies":"Elementarium:FIRE_NOBILITY","floor":31,"turns":12},{"damage":39,"enemies":"Elementarium:GolemEmperor","floor":33,"turns":12},{"damage":0,"enemies":"Orb Walker","floor":35,"turns":3},{"damage":19,"enemies":"Mind Bloom Boss Battle","floor":37,"turns":8},{"damage":16,"enemies":"3 Darklings","floor":39,"turns":3},{"damage":32,"enemies":"Giant Head","floor":40,"turns":11},{"damage":23,"enemies":"Nemesis","floor":42,"turns":9},{"damage":9,"enemies":"Writhing Mass","floor":45,"turns":7},{"damage":12,"enemies":"Spire Growth","floor":47,"turns":7},{"damage":0,"enemies":"Reptomancer","floor":48,"turns":5},{"damage":16,"enemies":"Replay:Hell Engine","floor":50,"turns":19}],"seed_played":"-6259802987766644811","potions_obtained":[{"floor":1.0,"key":"SkillPotion"},{"floor":4.0,"key":"DuplicationPotion"},{"floor":6.0,"key":"DistilledChaos"},{"floor":8.0,"key":"PowerPotion"},{"floor":14.0,"key":"Weak Potion"},{"floor":18.0,"key":"AttackPotion"},{"floor":21,"key":"DistilledChaos"},{"floor":31,"key":"Energy Potion"},{"floor":33,"key":"Block Potion"},{"floor":39,"key":"Flashbang"},{"floor":40,"key":"Toxic Potion"}],"is_trial":false,"path_per_floor":["M","M","M","M","M","E","R","E","T","M","M","R","$","E","R","B",null,"M","M","?","M","M","E","R","M","T","M","R","M","M","E","R","B",null,"M","?","?","?","M","E","R","E","T","R","M","$","M","E","R","B",null],"character_chosen":"DEFECT","items_purchased":["Eternal Feather","expansioncontent:DashGenerateEvil","Loop"],"campfire_rested":0,"item_purchase_floors":[13,46,46],"current_hp_per_floor":[80,80,80,76,59,47,47,29,29,29,25,25,40,37,46,18,80,80,80,80,75,75,54,66,67,67,62,77,78,77,42,54,22,80,80,80,68,68,59,34,46,30,30,42,40,55,50,57,72,63],"gold":420,"neow_bonus":"RANDOM_EVENT","is_daily":false,"chose_seed":false,"campfire_upgraded":8,"win_rate":0.0,"timestamp":1608602195,"path_taken":["M","M","M","M","M","E","R","E","T","M","M","R","$","E","R","BOSS","M","M","?","?","?","E","R","M","T","M","R","M","M","E","R","BOSS","M","?","?","?","M","E","R","E","T","R","M","$","?","E","R","BOSS"],"items_purchased_type":["Relic","Card","Card"],"build_version":"2020-12-13","purchased_purges":1,"victory":true,"max_hp_per_floor":[80,80,80,80,80,80,80,80,80,80,80,80,80,80,80,80,80,80,80,80,80,80,80,80,80,80,80,80,80,80,80,80,80,80,80,80,80,80,80,80,80,80,80,80,80,77,77,77,77,77],"card_choices":[{"not_picked":["Coolheaded","Rebound"],"picked":"Glacier","floor":1.0},{"not_picked":["ReplaySort","ReplayTheSpireMod:GoodbyeWorld"],"picked":"Ball Lightning","floor":2.0},{"not_picked":["Panic Button","BasicCrystalCard"],"picked":"Cold Snap","floor":3.0},{"not_picked":["Aggregate","Reinforced Body","Heatsinks"],"picked":"SKIP","floor":4.0},{"not_picked":["Barrage","Reinforced Body"],"picked":"Sunder","floor":5.0},{"not_picked":["Gash","Streamline"],"picked":"Capacitor","floor":6.0},{"not_picked":["Gash","BasicCrystalCard","Hologram"],"picked":"SKIP","floor":8.0},{"not_picked":["Go for the Eyes","Skim"],"picked":"Self Repair","floor":10.0},{"not_picked":["Hologram","Redo"],"picked":"Creative AI","floor":11.0},{"not_picked":["Barrage","ReplayTheSpireMod:System Scan"],"picked":"Coolheaded","floor":14.0},{"not_picked":["ReplayGash","Rebound"],"picked":"Cold Snap+1","floor":18.0},{"not_picked":["Cold Snap","Stack","Rebound+1"],"picked":"SKIP","floor":19.0},{"not_picked":["Cold Snap","Rebound+1"],"picked":"Stack","floor":19.0},{"not_picked":["ReplayTheSpireMod:GoodbyeWorld","Barrage+1"],"picked":"ReplayTheSpireMod:Calculation Training","floor":21},{"not_picked":["Panic Button","FTL+1","Cold Snap"],"picked":"SKIP","floor":22},{"not_picked":["Conserve Battery+1","ReplayTheSpireMod:GoodbyeWorld","Chaos"],"picked":"SKIP","floor":23},{"not_picked":["Sweeping Beam","Rebound+1","Hello World"],"picked":"SKIP","floor":25},{"not_picked":["FTL","Go for the Eyes"],"picked":"Fission","floor":27},{"not_picked":["Turbo","Leap","Capacitor"],"picked":"SKIP","floor":29},{"not_picked":["BasicCrystalCard","Aggregate","ReplayGash"],"picked":"SKIP","floor":30},{"not_picked":["Redo","Rebound","Reboot"],"picked":"SKIP","floor":31},{"not_picked":["Heatsinks","BasicCrystalCard+1","Rebound+1","Compile Driver"],"picked":"SKIP","floor":35},{"not_picked":["Barrage+1","Cold Snap+1","BasicCrystalCard","Go for the Eyes+1"],"picked":"SKIP","floor":39},{"not_picked":["Lockon","Rainbow","Melter+1"],"picked":"Glacier","floor":40},{"not_picked":["Turbo","Streamline","Scrape","BasicCrystalCard"],"picked":"SKIP","floor":42},{"not_picked":["Beam Cell+1","Hologram+1","Reprogram+1","Gash"],"picked":"SKIP","floor":45},{"not_picked":["Go for the Eyes+1","Leap","Ball Lightning+1"],"picked":"ReplayRNGCard","floor":47},{"not_picked":["Cold Snap","Barrage","Streamline+1","Panic Button"],"picked":"SKIP","floor":48}],"player_experience":160376,"relics_obtained":[{"floor":6.0,"key":"Gremlin Horn"},{"floor":8.0,"key":"MealTicket"},{"floor":9.0,"key":"Carrot"},{"floor":14.0,"key":"Iron Hammer"},{"floor":23,"key":"The Courier"},{"floor":26,"key":"Orichalcum"},{"floor":31,"key":"Question Card"},{"floor":37,"key":"Dead Branch"},{"floor":40,"key":"Replay:Baseball"},{"floor":42,"key":"Replay:WaspNest"},{"floor":43,"key":"Bottled Tornado"},{"floor":48,"key":"Omamori"}],"event_choices":[{"damage_healed":0.0,"max_hp_gain":5.0,"max_hp_loss":0.0,"gold_gain":0.0,"event_name":"Big Fish","player_choice":"Donut","floor":0.0,"gold_loss":0.0,"damage_taken":0.0},{"damage_healed":0,"gold_gain":0,"player_choice":"Take","damage_taken":0,"max_hp_gain":0,"max_hp_loss":0,"event_name":"Elementarium:BladeSeller","floor":20,"gold_loss":0,"cards_obtained":["Elementarium:VoidblessedBlade","Injury"]},{"cards_removed":["Coolheaded"],"damage_healed":0,"gold_gain":0,"player_choice":"Removed Skill","damage_taken":0,"max_hp_gain":0,"max_hp_loss":0,"event_name":"Falling","floor":36,"gold_loss":0},{"damage_healed":0,"gold_gain":0,"player_choice":"Fight","damage_taken":0,"max_hp_gain":0,"max_hp_loss":0,"event_name":"MindBloom","floor":37,"gold_loss":0},{"damage_healed":0,"gold_gain":0,"player_choice":"Ignored","damage_taken":0,"max_hp_gain":0,"max_hp_loss":0,"event_name":"Elementarium:ChestOfTheGoldenMirage","floor":38,"gold_loss":0}],"is_beta":false,"boss_relics":[{"not_picked":["Snecko Eye","Nuclear Battery"],"picked":"ChewingGum"},{"not_picked":["ReplayTheSpireMod:DimensionalGlitch","Snecko Heart"],"picked":"Coffee Dripper"}],"items_purged_floors":[46],"is_endless":false,"potions_floor_spawned":[1,4,6,8,14,18,21,31,33,39,40],"ascension_level":4}}