{"host":"i0avyit1s6jb1siw","time":1608646190,"event":{"mods":["BaseMod","DeckTracker","Dota2Spire","Highlight Path","Minty Spire (QoL Compilation)","Quick Restart","Replay The Spire","StSLib","SuperFastMode"],"gold_per_floor":[116,133,208,224,299,299,199,213,265,275,275,255,269,269,269],"floor_reached":14,"playtime":314,"items_purged":["Strike_G"],"score":164,"play_id":"3ea42a9b-587f-4799-b62f-f7e9207ad1f2","local_time":"20201222150950","is_ascension_mode":true,"campfire_choices":[{"data":"Cloak And Dagger","floor":6.0,"key":"SMITH"},{"data":"Noxious Fumes","floor":11,"key":"SMITH"}],"circlet_count":0,"master_deck":["AscendersBane","Strike_G","Strike_G","Strike_G","Strike_G","Defend_G","Defend_G","Defend_G","Defend_G","Defend_G","Survivor","Neutralize","Burst","Escape Plan","Cloak And Dagger+1","Dagger Throw","PiercingWail","Noxious Fumes+1","Footwork"],"relics":["Ring of the Snake","Pear"],"acts_visited":["Exordium"],"potions_floor_usage":[14],"damage_taken":[{"damage":9.0,"enemies":"Jaw Worm","floor":1.0,"turns":8.0},{"damage":9.0,"enemies":"Cultist","floor":2.0,"turns":5.0},{"damage":4.0,"enemies":"Small Slimes","floor":4.0,"turns":4.0},{"damage":8.0,"enemies":"3 Louse","floor":8.0,"turns":4.0},{"damage":6,"enemies":"Red Slaver","floor":10,"turns":6},{"damage":8,"enemies":"Large Slime","floor":13,"turns":8},{"damage":19,"enemies":"Gremlin Nob","floor":14,"turns":3}],"seed_played":"8590919645523862365","potions_obtained":[{"floor":8.0,"key":"Strength Potion"},{"floor":12,"key":"Adrenaline Potion"}],"is_trial":false,"path_per_floor":["M","M","?","M","T","R","$","M","T","M","R","?","M","E"],"character_chosen":"THE_SILENT","items_purchased":["Dagger Throw"],"campfire_rested":0,"item_purchase_floors":[7],"current_hp_per_floor":[50,41,30,26,36,36,36,28,28,22,22,22,14,0,0],"gold":269,"neow_bonus":"ONE_RANDOM_RARE_CARD","is_daily":false,"chose_seed":false,"campfire_upgraded":2,"win_rate":0.0,"timestamp":1608646190,"path_taken":["M","M","?","M","?","R","$","M","T","M","R","?","?","E"],"items_purchased_type":["Card"],"build_version":"2020-12-13","purchased_purges":1,"victory":false,"max_hp_per_floor":[66,66,66,66,76,76,76,76,76,76,76,76,76,76,76],"card_choices":[{"not_picked":["Outmaneuver","Bane"],"picked":"Escape Plan","floor":1.0},{"not_picked":["Underhanded Strike","Dagger Throw"],"picked":"Cloak And Dagger","floor":2.0},{"not_picked":["Outmaneuver","Dodge and Roll","Quick Slash"],"picked":"SKIP","floor":4.0},{"not_picked":["Deflect","Cloak And Dagger"],"picked":"PiercingWail","floor":8.0},{"not_picked":["Bouncing Flask","Prepared"],"picked":"Noxious Fumes","floor":10},{"not_picked":["Cloak And Dagger","Blur"],"picked":"Footwork","floor":13}],"player_experience":2099938,"relics_obtained":[{"floor":5.0,"key":"Pear"}],"event_choices":[{"damage_healed":0.0,"max_hp_gain":0.0,"max_hp_loss":0.0,"gold_gain":75.0,"event_name":"World of Goop","player_choice":"Gather Gold","floor":3.0,"gold_loss":0.0,"damage_taken":11.0},{"damage_healed":0,"gold_gain":0,"player_choice":"Bought 1 Potion","damage_taken":0,"max_hp_gain":0,"max_hp_loss":0,"event_name":"The Woman in Blue","floor":12,"gold_loss":0}],"is_beta":false,"boss_relics":[],"items_purged_floors":[7],"is_endless":false,"potions_floor_spawned":[8],"killed_by":"Gremlin Nob","ascension_level":20}}