{"host":"TheHustler","time":1608651618,"event":{"mods":["BaseMod","Block Reminder","Colored Map","Colored Powertips","Minty Spire (QoL Compilation)","Quick Restart","StSLib","SuperFastMode","Unceasing Turn Reminder"],"gold_per_floor":[114,114,39,54,69,69,99,99,99,114,129,179,194,224,224,324,324,339,89,14,14,29,59,59,74,74,89,89,89],"floor_reached":28,"playtime":757,"items_purged":["Regret"],"score":250,"play_id":"bbde9b9b-6c4f-4a64-8c46-aa41b8c77c2d","local_time":"20201222164018","daily_mods":["Allstar","Diverse","DeadlyEvents"],"is_ascension_mode":false,"campfire_choices":[{"data":"Defragment","floor":6,"key":"SMITH"},{"data":"Enlightenment","floor":8,"key":"SMITH"},{"data":"Rampage","floor":15,"key":"SMITH"},{"data":"Chrysalis","floor":24,"key":"SMITH"}],"circlet_count":0,"master_deck":["Strike_B","Strike_B","Strike_B","Defend_B","Defend_B","Defend_B","Zap","Dualcast","Chrysalis+1","Enlightenment+1","Good Instincts","The Bomb","Thinking Ahead","Shrug It Off","Defragment+1","Conserve Battery","Skim","Evaluate","Rampage+1","Unload","Anger+1","Anger+1","Conserve Battery+1","Normality"],"relics":["Cracked Core","Unceasing Top","Ginger","Letter Opener","Strawberry","Ancient Tea Set","Cursed Key","Kunai","Centennial Puzzle","Sundial"],"acts_visited":["Exordium","TheCity"],"potions_floor_usage":[16,28],"damage_taken":[{"damage":1,"enemies":"Jaw Worm","floor":1,"turns":4},{"damage":0,"enemies":"2 Louse","floor":4,"turns":3},{"damage":0,"enemies":"Cultist","floor":5,"turns":5},{"damage":2,"enemies":"Lagavulin","floor":7,"turns":7},{"damage":10,"enemies":"2 Fungi Beasts","floor":10,"turns":3},{"damage":9,"enemies":"3 Louse","floor":11,"turns":3},{"damage":0,"enemies":"Looter","floor":13,"turns":4},{"damage":32,"enemies":"3 Sentries","floor":14,"turns":7},{"damage":16,"enemies":"Slime Boss","floor":16,"turns":8},{"damage":19,"enemies":"2 Thieves","floor":18,"turns":4},{"damage":4,"enemies":"Shell Parasite","floor":22,"turns":5},{"damage":17,"enemies":"Book of Stabbing","floor":23,"turns":4},{"damage":12,"enemies":"Snake Plant","floor":25,"turns":4},{"damage":5,"enemies":"Chosen and Byrds","floor":27,"turns":6},{"damage":31,"enemies":"Slavers","floor":28,"turns":2}],"seed_played":"-7682526130134428503","potions_obtained":[{"floor":4,"key":"SteroidPotion"},{"floor":5,"key":"Block Potion"},{"floor":10,"key":"EssenceOfSteel"},{"floor":18,"key":"Weak Potion"},{"floor":27,"key":"CultistPotion"}],"is_trial":false,"path_per_floor":["M","?","$","M","M","R","E","R","T","M","M","T","M","E","R","B",null,"M","$","?","?","M","E","R","M","T","M","E"],"character_chosen":"DEFECT","items_purchased":["Kunai"],"campfire_rested":0,"item_purchase_floors":[19],"current_hp_per_floor":[74,74,74,74,74,74,72,72,72,62,53,60,60,28,28,12,82,63,63,63,63,59,42,42,30,30,25,0,0],"gold":89,"neow_bonus":"","is_daily":true,"chose_seed":false,"campfire_upgraded":4,"win_rate":0.0,"timestamp":1608651618,"path_taken":["M","?","$","M","M","R","E","R","T","M","M","?","M","?","R","BOSS","M","$","?","?","M","E","R","?","T","M","E"],"items_purchased_type":["Relic"],"build_version":"2020-12-18","purchased_purges":1,"victory":false,"max_hp_per_floor":[75,75,75,75,75,75,75,75,75,75,75,82,82,82,82,82,82,82,82,82,82,82,82,82,82,82,82,82,82],"card_choices":[{"not_picked":["BootSequence","Skewer"],"picked":"Shrug It Off","floor":1},{"not_picked":["BowlingBash","Prostrate","Double Energy"],"picked":"SKIP","floor":4},{"not_picked":["Sanctity","Collect"],"picked":"Defragment","floor":5},{"not_picked":["Streamline","CrushJoints"],"picked":"Conserve Battery","floor":7},{"not_picked":["Headbutt","Glass Knife"],"picked":"Skim","floor":10},{"not_picked":["BattleHymn","Conserve Battery","Bane"],"picked":"SKIP","floor":11},{"not_picked":["Tempest","FlyingSleeves"],"picked":"Evaluate","floor":13},{"not_picked":["Cloak And Dagger","Crescendo"],"picked":"Rampage","floor":14},{"not_picked":["Tools of the Trade","Devotion"],"picked":"Unload","floor":16},{"not_picked":["Capacitor","Barrage"],"picked":"Anger+1","floor":18},{"not_picked":["Swivel","Clothesline"],"picked":"Anger+1","floor":22},{"not_picked":["Dual Wield","BowlingBash+1"],"picked":"Conserve Battery+1","floor":23},{"not_picked":["Ball Lightning+1","Cleave+1","Flame Barrier"],"picked":"SKIP","floor":25},{"not_picked":["Clash+1","Flying Knee","Cold Snap"],"picked":"SKIP","floor":27}],"player_experience":606787,"relics_obtained":[{"floor":7,"key":"Ginger"},{"floor":9,"key":"Letter Opener"},{"floor":12,"key":"Strawberry"},{"floor":14,"key":"Ancient Tea Set"},{"floor":23,"key":"Centennial Puzzle"},{"floor":26,"key":"Sundial"}],"event_choices":[{"damage_healed":0,"gold_gain":0,"player_choice":"Box","damage_taken":0,"relics_obtained":["Unceasing Top"],"max_hp_gain":0,"max_hp_loss":0,"event_name":"Big Fish","floor":2,"gold_loss":0,"cards_obtained":["Regret"]},{"cards_removed":["Strike_B"],"damage_healed":0,"gold_gain":0,"player_choice":"Gave Gold","damage_taken":0,"max_hp_gain":0,"max_hp_loss":0,"event_name":"Beggar","floor":20,"gold_loss":75},{"cards_removed":["Defend_B"],"damage_healed":0,"gold_gain":0,"player_choice":"Elegance","damage_taken":0,"max_hp_gain":0,"max_hp_loss":0,"event_name":"Back to Basics","floor":21,"gold_loss":0}],"is_beta":true,"boss_relics":[{"not_picked":["Black Star","Inserter"],"picked":"Cursed Key"}],"items_purged_floors":[3],"is_endless":false,"potions_floor_spawned":[4,5,10,18,25,27],"killed_by":"Slavers","ascension_level":0}}