{"host":"0cm5wy4nhuju7tij","time":1608673185,"event":{"mods":["2.2 Compatiblity","AchievementEnabler","BaseMod","Better Third Choice","BetterRewards","CatGirl Mod","Colored Powertips","Curses Come First","Custom Start","Displayed Cursed Tome","Downfall","Energized Spire","Filter the Spire","Fireblade Mod","Highlight Path","Jess\u0027s Bottle","Minty Spire (QoL Compilation)","Permanent Neow","Railgun Mod","Robot Space Explorer","Shop Mod","Spicy Shops","StSLib","The Marked","The Servant 0.9.4","TheSwordswoman"],"gold_per_floor":[116,136,136,149,164,199,199,219,244,288,288,304,329,352,352,352,352],"floor_reached":16,"playtime":1077,"items_purged":[],"score":141,"play_id":"774b8665-0935-44bf-8dca-45c2b67f2b5e","local_time":"20201222163945","is_ascension_mode":false,"campfire_choices":[{"data":"theCatGirl:ThatWasntIt","floor":7,"key":"SMITH"},{"floor":15,"key":"REST"}],"circlet_count":0,"master_deck":["theCatGirl:Strike","theCatGirl:Strike","theCatGirl:Strike","theCatGirl:Defend","theCatGirl:Defend+1","theCatGirl:Defend","theCatGirl:Defend","theCatGirl:ClawStrike","theCatGirl:Evasion","theCatGirl:HungerClaw","theCatGirl:ThatWasntIt+1","theCatGirl:BloodScent","theCatGirl:ClenchYourTeeth","theCatGirl:ThatWasntIt+1","theCatGirl:KeepAlert","theCatGirl:FocusedStrike","theCatGirl:AdventurersInsight","theCatGirl:Parry","theCatGirl:DefensiveStance","theCatGirl:FumblingBlow"],"relics":["theCatGirl:TrainedRelic","Golden Idol","Nunchaku","War Paint","Art of War"],"acts_visited":["Exordium"],"potions_floor_usage":[16,16,16],"damage_taken":[{"damage":0,"enemies":"2 Louse","floor":1,"turns":3},{"damage":3,"enemies":"Jaw Worm","floor":2,"turns":2},{"damage":0,"enemies":"Cultist","floor":4,"turns":3},{"damage":0,"enemies":"3 Louse","floor":5,"turns":2},{"damage":28,"enemies":"Lagavulin","floor":6,"turns":8},{"damage":0,"enemies":"Looter","floor":8,"turns":3},{"damage":14,"enemies":"Gremlin Nob","floor":10,"turns":3},{"damage":0,"enemies":"Blue Slaver","floor":12,"turns":3},{"damage":15,"enemies":"2 Fungi Beasts","floor":13,"turns":4},{"damage":1,"enemies":"Looter","floor":14,"turns":3},{"damage":60,"enemies":"Hexaghost","floor":16,"turns":16}],"seed_played":"8676397205345741592","potions_obtained":[{"floor":5,"key":"PowerPotion"},{"floor":6,"key":"SkillPotion"},{"floor":8,"key":"BlessingOfTheForge"},{"floor":14,"key":"Block Potion"}],"is_trial":false,"path_per_floor":["M","M","?","M","M","E","R","M","T","E","?","M","M","M","R","B"],"character_chosen":"THE_CATGIRL","items_purchased":[],"campfire_rested":1,"item_purchase_floors":[],"current_hp_per_floor":[73,73,70,70,76,51,51,51,51,40,40,43,31,33,60,0,0],"gold":352,"neow_bonus":"TRANSFORM_CARD","is_daily":false,"chose_seed":false,"campfire_upgraded":1,"win_rate":0.0,"timestamp":1608673185,"path_taken":["M","M","?","M","M","E","R","M","T","E","?","M","M","?","R","BOSS"],"items_purchased_type":[],"build_version":"2020-12-13","purchased_purges":0,"victory":false,"max_hp_per_floor":[73,76,70,70,76,79,79,79,79,82,82,85,88,91,91,91,91],"card_choices":[{"not_picked":["theCatGirl:Slip","theCatGirl:Stalk"],"picked":"theCatGirl:ThatWasntIt","floor":1},{"not_picked":["theCatGirl:FumblingBlow","theCatGirl:PlayAround"],"picked":"theCatGirl:BloodScent","floor":2},{"not_picked":["theCatGirl:RunningWithDaggers","theCatGirl:Misfire"],"picked":"theCatGirl:ClenchYourTeeth","floor":4},{"not_picked":["theCatGirl:ExtremeSpeed","theCatGirl:TripLunge"],"picked":"theCatGirl:ThatWasntIt","floor":5},{"not_picked":["theCatGirl:Prepared","theCatGirl:ScratchFlurry"],"picked":"theCatGirl:KeepAlert","floor":6},{"not_picked":["theCatGirl:TwoStep","theCatGirl:SearchBackpack"],"picked":"theCatGirl:FocusedStrike","floor":8},{"not_picked":["theCatGirl:BloodBath","theCatGirl:Slip"],"picked":"theCatGirl:AdventurersInsight","floor":10},{"not_picked":["theCatGirl:FocusedStrike","theCatGirl:Prepared"],"picked":"theCatGirl:Parry","floor":12},{"not_picked":["theCatGirl:PilingErrors","theCatGirl:ComboAttack"],"picked":"theCatGirl:DefensiveStance","floor":13},{"not_picked":["theCatGirl:SearchBackpack","theCatGirl:UnrelentingAssault"],"picked":"theCatGirl:FumblingBlow","floor":14}],"player_experience":268090,"relics_obtained":[{"floor":6,"key":"Nunchaku"},{"floor":9,"key":"War Paint"},{"floor":10,"key":"Art of War"}],"event_choices":[{"damage_healed":0,"gold_gain":0,"player_choice":"Lose Max HP","damage_taken":0,"relics_obtained":["Golden Idol"],"max_hp_gain":0,"max_hp_loss":6,"event_name":"Golden Idol","floor":3,"gold_loss":0},{"damage_healed":0,"gold_gain":0,"player_choice":"Ignored","damage_taken":0,"max_hp_gain":0,"max_hp_loss":0,"event_name":"NoteForYourself","floor":11,"gold_loss":0}],"is_beta":false,"boss_relics":[],"items_purged_floors":[],"is_endless":false,"potions_floor_spawned":[5,6,8,14],"killed_by":"Hexaghost","ascension_level":0}}