{"host":"jkgg7n5hn1slsm35","time":1608646133,"event":{"mods":["Aspiration","BaseMod","BetterRewards","Conspire","Googly Eyes","Gremlin Skip","Halation","Highlight Path","Hubris","Infinite Spire","Minty Spire (QoL Compilation)","Permanent Neow","StSLib","SuperFastMode","vexMod"],"gold_per_floor":[211,211,225,239,67,67,77,77,77,77,77,87,101,115,115,217,217,230,250,250,250,6,6,32,9,35,35,47,47,58,82,82,191,191,217,217,237,257,273,306,306,330,330,36,36,79,89,99,99,204,204,218,224,149,164,164,164,164,164,164,164,164,171,121,130,130,191,191,198,209,213,215,115,115,129,131,131,131,131,156,166,216,216,303,303,344,347,202,202,190,190,197,208,208,10,10,6,6],"floor_reached":97,"playtime":2985,"items_purged":["Strike_R","Strike_R","Strike_R","Bash"],"score":1662,"play_id":"78a63f94-b95c-41a0-b2bc-5709a58e4372","local_time":"20201222150853","is_ascension_mode":false,"campfire_choices":[{"data":"Body Slam","floor":6,"key":"SMITH"},{"data":"Metallicize","floor":8,"key":"SMITH"},{"data":"Iron Wave","floor":10,"key":"SMITH"},{"data":"Anger","floor":15,"key":"SMITH"},{"data":"Flex","floor":23,"key":"SMITH"},{"data":"Body Slam","floor":27,"key":"SMITH"},{"data":"Impervious","floor":29,"key":"SMITH"},{"data":"Pummel","floor":32,"key":"SMITH"},{"floor":41,"key":"REST"},{"data":"Body Slam","floor":45,"key":"SMITH"},{"data":"infinitespire:Punishment","floor":49,"key":"SMITH"},{"data":"Rage","floor":57,"key":"SMITH"},{"data":"Iron Wave","floor":59,"key":"SMITH"},{"data":"Pommel Strike","floor":61,"key":"SMITH"},{"data":"Thunderclap","floor":66,"key":"SMITH"},{"data":"Body Slam","floor":74,"key":"SMITH"},{"data":"Barricade","floor":79,"key":"SMITH"},{"data":"Entrench","floor":83,"key":"SMITH"},{"floor":91,"key":"REST"},{"data":"Flex","floor":96,"key":"SMITH"}],"circlet_count":0,"master_deck":["Defend_R+1","Defend_R","Defend_R","Thunderclap+1","Anger+1","Body Slam+1","Iron Wave+1","Metallicize+1","Impervious+1","True Grit+1","Flex+1","Cleave+1","Body Slam+1","Shrug It Off+1","Heavy Blade+1","Pummel+1","Impervious+1","Heavy Blade+1","Iron Wave+1","Body Slam+1","infinitespire:Punishment+1","Rage+1","Pommel Strike+1","Dropkick+1","Ghostly Armor+1","Barricade+1","Entrench+1","Body Slam+1","Iron Wave+1","Clash","conspire:SpireCoStock","conspire:SpireCoStock","Flex+1","Clash+1","Entrench+1","Metallicize","Shrug It Off+1","Flex+1","Iron Wave+1"],"relics":["Burning Blood","Regal Pillow","vexMod:MysteryBossChallenge","halation:Prosthetics","InkBottle","Black Blood","infinitespire:Midas Blood","Toy Ornithopter","Sozu","Frozen Eye","Empty Cage","Ice Cream","Anchor","War Paint","hubris:PeanutButter","infinitespire:Satchel","Ginger","hubris:Backtick","Kunai","PreservedInsect","halation:VictoryRuler","infinitespire:PuzzleCube","Molten Egg 2"],"acts_visited":["Exordium","TheCity","TheBeyond","Exordium","TheCity","TheBeyond"],"potions_floor_usage":[12,18,33,50,72],"damage_taken":[{"damage":0,"enemies":"Small Slimes","floor":1,"turns":3},{"damage":6,"enemies":"Jaw Worm","floor":3,"turns":3},{"damage":1,"enemies":"Cultist","floor":4,"turns":3},{"damage":8,"enemies":"Red Slaver","floor":7,"turns":5},{"damage":0,"enemies":"Lots of Slimes","floor":12,"turns":4},{"damage":0,"enemies":"2 Fungi Beasts","floor":13,"turns":4},{"damage":9,"enemies":"3 Louse","floor":14,"turns":4},{"damage":42,"enemies":"The Guardian","floor":16,"turns":12},{"damage":5,"enemies":"Spheric Guardian","floor":18,"turns":6},{"damage":3,"enemies":"Chosen","floor":19,"turns":5},{"damage":4,"enemies":"3 Cultists","floor":24,"turns":6},{"damage":10,"enemies":"Centurion and Healer","floor":28,"turns":5},{"damage":0,"enemies":"conspire:HollyBat","floor":30,"turns":7},{"damage":12,"enemies":"Sentry and Sphere","floor":31,"turns":6},{"damage":27,"enemies":"Collector","floor":33,"turns":7},{"damage":23,"enemies":"3 Darklings","floor":35,"turns":4},{"damage":10,"enemies":"3 Shapes","floor":37,"turns":5},{"damage":0,"enemies":"Writhing Mass","floor":38,"turns":5},{"damage":11,"enemies":"3 Darklings","floor":39,"turns":5},{"damage":33,"enemies":"Reptomancer","floor":40,"turns":6},{"damage":33,"enemies":"Nightmare","floor":46,"turns":8},{"damage":0,"enemies":"Transient","floor":47,"turns":5},{"damage":0,"enemies":"Sphere and 2 Shapes","floor":48,"turns":3},{"damage":34,"enemies":"Time Eater","floor":50,"turns":8},{"damage":0,"enemies":"Cultist","floor":52,"turns":2},{"damage":0,"enemies":"2 Louse","floor":53,"turns":1},{"damage":0,"enemies":"Jaw Worm","floor":55,"turns":2},{"damage":0,"enemies":"2 Fungi Beasts","floor":63,"turns":2},{"damage":0,"enemies":"3 Louse","floor":65,"turns":2},{"damage":0,"enemies":"The Guardian","floor":67,"turns":7},{"damage":0,"enemies":"Spheric Guardian","floor":69,"turns":1},{"damage":2,"enemies":"Chosen","floor":70,"turns":2},{"damage":0,"enemies":"Sentry and Sphere","floor":71,"turns":2},{"damage":0,"enemies":"Snecko","floor":72,"turns":3},{"damage":0,"enemies":"Cultist and Chosen","floor":75,"turns":5},{"damage":9,"enemies":"Centurion and Healer","floor":76,"turns":4},{"damage":0,"enemies":"Snake Plant","floor":80,"turns":2},{"damage":0,"enemies":"Slavers","floor":81,"turns":3},{"damage":0,"enemies":"Collector","floor":84,"turns":8},{"damage":23,"enemies":"3 Shapes","floor":86,"turns":6},{"damage":33,"enemies":"3 Darklings","floor":87,"turns":5},{"damage":22,"enemies":"Sphere and 2 Shapes","floor":90,"turns":6},{"damage":22,"enemies":"4 Shapes","floor":92,"turns":4},{"damage":0,"enemies":"Spire Growth","floor":93,"turns":4},{"damage":58,"enemies":"Reptomancer","floor":97,"turns":2}],"seed_played":"3647505073265074346","potions_obtained":[{"floor":3,"key":"GamblersBrew"},{"floor":7,"key":"DistilledChaos"},{"floor":13,"key":"ColorlessPotion"},{"floor":14,"key":"SkillPotion"},{"floor":18,"key":"ColorlessPotion"},{"floor":31,"key":"Dexterity Potion"}],"is_trial":false,"path_per_floor":["M","?","M","M","$","R","M","R","T","R","?","M","M","M","R","B",null,"M","M","AVR","?","$","R","M","$","T","R","M","R","M","M","R","B",null,"M","AVR","M","M","M","E","R","T","T","$","R","NM","M","M","R","B",null,"M","M","$","M","?","R","?","R","T","R","?","M","?","M","R","B",null,"M","M","M","M","?","R","M","M","T","?","R","M","E","?","R","B",null,"M","M","$","?","M","R","M","M","T","$","R","E"],"character_chosen":"IRONCLAD","items_purchased":["Body Slam","Iron Wave","Metallicize","infinitespire:Midas Blood","Body Slam","hubris:PeanutButter","Body Slam","infinitespire:PuzzleCube","Flex","Iron Wave+1"],"campfire_rested":2,"item_purchase_floors":[5,5,5,22,25,44,44,88,95,95],"current_hp_per_floor":[80,80,80,80,80,80,78,78,78,78,80,80,80,77,77,41,45,45,45,45,45,45,45,45,45,45,45,45,45,45,45,45,36,45,40,40,45,45,45,30,45,45,45,45,45,30,45,45,45,29,45,45,45,45,45,45,45,45,45,45,45,45,45,45,45,45,45,45,45,45,45,45,45,45,45,45,45,45,45,45,45,45,45,45,45,40,25,25,28,24,48,44,48,48,48,48,0,0],"gold":6,"neow_bonus":"HUNDRED_GOLD","is_daily":false,"chose_seed":false,"campfire_upgraded":18,"win_rate":0.0,"timestamp":1608646133,"path_taken":["M","?","M","M","$","R","M","R","T","R","?","?","M","M","R","BOSS","M","M","AVR","?","$","R","M","$","T","R","M","R","M","?","R","BOSS","M","AVR","M","M","M","E","R","?","T","$","R","NM","M","?","R","BOSS","M","M","$","M","?","R","?","R","T","R","?","?","?","M","R","BOSS","M","M","M","M","?","R","M","M","T","?","R","M","E","?","R","BOSS","M","?","$","?","M","R","M","M","T","$","R","E"],"items_purchased_type":["Card","Card","Card","Relic","Card","Relic","Card","Relic","Card","Card"],"build_version":"2020-12-13","purchased_purges":4,"victory":false,"max_hp_per_floor":[80,80,80,80,80,80,80,80,80,80,80,80,80,80,80,80,45,45,45,45,45,45,45,45,45,45,45,45,45,45,45,45,45,45,45,45,45,45,45,45,45,45,45,45,45,45,45,45,45,45,45,45,45,45,45,45,45,45,45,45,45,45,45,45,45,45,45,45,45,45,45,45,45,45,45,45,45,45,45,45,45,45,45,45,45,45,45,45,48,48,48,48,48,48,48,48,48,48],"card_choices":[{"not_picked":["Cleave","Seeing Red"],"picked":"Thunderclap","floor":1},{"not_picked":["Cleave","True Grit","Heavy Blade"],"picked":"SKIP","floor":3},{"not_picked":["Searing Blow","Double Tap"],"picked":"Anger","floor":4},{"not_picked":["Second Wind","Evolve","conspire:ExplosiveBarrier"],"picked":"SKIP","floor":7},{"not_picked":["Sword Boomerang","Perfected Strike","Armaments"],"picked":"SKIP","floor":12},{"not_picked":["True Grit","Heavy Blade","Pummel"],"picked":"SKIP","floor":13},{"not_picked":["Infernal Blade","conspire:ExplosiveBarrier","Whirlwind"],"picked":"SKIP","floor":14},{"not_picked":["Limit Break","hubris:StunningStrike"],"picked":"Impervious","floor":16},{"not_picked":["Twin Strike","Headbutt+1"],"picked":"True Grit+1","floor":18},{"not_picked":["Uppercut+1","Warcry"],"picked":"Flex","floor":19},{"not_picked":["Evolve","Armaments"],"picked":"Cleave+1","floor":24},{"not_picked":["Warcry","Armaments"],"picked":"Shrug It Off+1","floor":28},{"not_picked":["Power Through","Anger"],"picked":"Heavy Blade+1","floor":30},{"not_picked":["Thunderclap","Sentinel+1"],"picked":"Pummel","floor":31},{"not_picked":["conspire:HitWhereItHurts","Double Tap"],"picked":"Impervious","floor":33},{"not_picked":["Warcry+1","Perfected Strike+1"],"picked":"Heavy Blade+1","floor":35},{"not_picked":["Reckless Charge+1","Dropkick+1"],"picked":"Iron Wave","floor":37},{"not_picked":["Heavy Blade","Sword Boomerang","Armaments+1"],"picked":"SKIP","floor":38},{"not_picked":["Ghostly Armor","Fire Breathing","Disarm"],"picked":"SKIP","floor":39},{"not_picked":["Headbutt","Pommel Strike+1","hubris:ReadiedAction+1"],"picked":"SKIP","floor":40},{"not_picked":["infinitespire:Menacing","infinitespire:FinalStrike"],"picked":"infinitespire:Punishment","floor":46},{"not_picked":["Clothesline","Power Through+1"],"picked":"Rage","floor":46},{"not_picked":["Sentinel","conspire:Charge"],"picked":"Pommel Strike","floor":47},{"not_picked":["Searing Blow+1","Armaments"],"picked":"Dropkick+1","floor":48},{"not_picked":["Wild Strike","Combust","Seeing Red"],"picked":"SKIP","floor":52},{"not_picked":["conspire:ExplosiveBarrier","Reckless Charge","Shockwave"],"picked":"SKIP","floor":53},{"not_picked":["Perfected Strike","Thunderclap"],"picked":"Ghostly Armor","floor":55},{"not_picked":["Perfected Strike","Havoc","Infernal Blade"],"picked":"SKIP","floor":63},{"not_picked":["Inflame","hubris:SharpeningStone","Clothesline"],"picked":"SKIP","floor":65},{"not_picked":["Limit Break","Impervious"],"picked":"Barricade","floor":67},{"not_picked":["Flame Barrier+1","Havoc"],"picked":"Entrench","floor":69},{"not_picked":["Armaments+1","Carnage"],"picked":"Body Slam","floor":70},{"not_picked":["Perfected Strike+1","conspire:Charge"],"picked":"Iron Wave+1","floor":71},{"not_picked":["Pommel Strike","hubris:CleavingFinish+1"],"picked":"Clash","floor":72},{"not_picked":["Thunderclap","hubris:CleavingFinish"],"picked":"Flex+1","floor":75},{"not_picked":["Thunderclap","Wild Strike"],"picked":"Clash+1","floor":76},{"not_picked":["Dropkick+1","Perfected Strike","Reaper"],"picked":"SKIP","floor":80},{"not_picked":["Pommel Strike+1","Blood for Blood"],"picked":"Entrench+1","floor":81},{"not_picked":["Armaments+1","Spot Weakness","Twin Strike"],"picked":"SKIP","floor":86},{"not_picked":["Body Slam","infinitespire:OneForAll","Heavy Blade"],"picked":"SKIP","floor":87},{"not_picked":["Headbutt+1","conspire:Charge+1"],"picked":"Metallicize","floor":90},{"not_picked":["Wild Strike+1","Offering","Clothesline+1"],"picked":"SKIP","floor":92},{"not_picked":["Clash","Sword Boomerang"],"picked":"Shrug It Off+1","floor":93}],"player_experience":1777117,"relics_obtained":[{"floor":9,"key":"Regal Pillow"},{"floor":26,"key":"Toy Ornithopter"},{"floor":40,"key":"Ice Cream"},{"floor":42,"key":"Anchor"},{"floor":43,"key":"War Paint"},{"floor":46,"key":"infinitespire:Satchel"},{"floor":60,"key":"Ginger"},{"floor":77,"key":"PreservedInsect"},{"floor":81,"key":"halation:VictoryRuler"},{"floor":94,"key":"Molten Egg 2"}],"event_choices":[{"damage_healed":0,"gold_gain":0,"player_choice":"Disagree","damage_taken":0,"max_hp_gain":0,"max_hp_loss":0,"event_name":"conspire:LoneGhost","floor":58,"gold_loss":0},{"damage_healed":0,"gold_gain":0,"player_choice":"Forge","damage_taken":0,"max_hp_gain":0,"max_hp_loss":0,"event_name":"Accursed Blacksmith","floor":62,"gold_loss":0,"cards_upgraded":["Ghostly Armor"]},{"cards_removed":["Defend_R"],"damage_healed":0,"gold_gain":0,"player_choice":"Card Removal","damage_taken":0,"max_hp_gain":0,"max_hp_loss":0,"event_name":"The Cleric","floor":64,"gold_loss":50},{"damage_healed":0,"gold_gain":0,"player_choice":"Invest 2","damage_taken":0,"max_hp_gain":0,"max_hp_loss":0,"event_name":"conspire:Investor","floor":73,"gold_loss":0},{"damage_healed":0,"gold_gain":0,"player_choice":"Ignored","damage_taken":0,"max_hp_gain":0,"max_hp_loss":0,"event_name":"The Mausoleum","floor":78,"gold_loss":0},{"damage_healed":0,"gold_gain":100,"player_choice":"Bet on Murderer","damage_taken":0,"max_hp_gain":0,"max_hp_loss":0,"event_name":"The Joust","floor":82,"gold_loss":50}],"is_beta":false,"boss_relics":[{"not_picked":["conspire:SeveredTorchhead","Cursed Key"],"picked":"vexMod:MysteryBossChallenge"},{"not_picked":["vexMod:RockOfEvil","hubris:HollowSoul"],"picked":"Sozu"},{"not_picked":["halation:PinkAlligatorPlush","aspiration:DefectSkillbook","hubris:TerracottaHorce"]},{"not_picked":["Fusion Hammer","Philosopher\u0027s Stone"],"picked":"hubris:Backtick"},{"not_picked":["Cursed Key","halation:HeavySnake","halation:PinkAlligatorPlush"]}],"items_purged_floors":[20,36,54,95],"is_endless":true,"potions_floor_spawned":[3,7,13,14,18,30,31,35,38,50,55,63,70,71,72,76,80,84,90,92],"killed_by":"Reptomancer","ascension_level":0}}