{"host":"fdq5pmhluajjrf8d","time":1608658890,"event":{"mods":["BaseMod","Minty Spire (QoL Compilation)"],"gold_per_floor":[110,127,127,137,137,137,152,152,152,171,171,196,211,242,242,242,242],"floor_reached":16,"playtime":624,"items_purged":[],"score":218,"play_id":"aef05f17-7653-4fab-8514-7cef3f1d0ce1","local_time":"20201222124130","is_ascension_mode":true,"campfire_choices":[{"data":"Dagger Spray","floor":6,"key":"SMITH"},{"floor":8,"key":"REST"},{"data":"Blade Dance","floor":11,"key":"SMITH"},{"data":"Venomology","floor":15,"key":"SMITH"}],"circlet_count":0,"master_deck":["AscendersBane","Strike_G","Strike_G","Strike_G","Strike_G","Strike_G","Defend_G","Defend_G","Defend_G","Defend_G","Defend_G","Survivor","Neutralize","Shame","Predator","Dagger Spray+1","Blade Dance+1","PiercingWail","Venomology+1"],"relics":["Ring of the Snake","Pocketwatch","Tiny Chest","Singing Bowl","Blue Candle","The Courier","Oddly Smooth Stone"],"acts_visited":["Exordium"],"potions_floor_usage":[10,12,14,14],"damage_taken":[{"damage":1,"enemies":"2 Louse","floor":1,"turns":3},{"damage":2,"enemies":"Jaw Worm","floor":2,"turns":3},{"damage":6,"enemies":"Cultist","floor":4,"turns":3},{"damage":21,"enemies":"Gremlin Gang","floor":7,"turns":5},{"damage":1,"enemies":"Blue Slaver","floor":10,"turns":2},{"damage":6,"enemies":"3 Sentries","floor":12,"turns":6},{"damage":0,"enemies":"2 Fungi Beasts","floor":13,"turns":2},{"damage":7,"enemies":"Gremlin Nob","floor":14,"turns":3},{"damage":44,"enemies":"Slime Boss","floor":16,"turns":8}],"seed_played":"-7506254863462526346","potions_obtained":[{"floor":1,"key":"GamblersBrew"},{"floor":7,"key":"Fire Potion"},{"floor":10,"key":"SteroidPotion"},{"floor":12,"key":"CunningPotion"}],"is_trial":false,"path_per_floor":["M","M","?","M","T","R","M","R","T","M","R","E","M","E","R","B"],"character_chosen":"THE_SILENT","items_purchased":[],"campfire_rested":1,"item_purchase_floors":[],"current_hp_per_floor":[58,56,51,45,45,45,24,43,43,44,44,40,40,35,35,0,0],"gold":242,"neow_bonus":"ONE_RARE_RELIC","is_daily":false,"chose_seed":false,"campfire_upgraded":3,"win_rate":0.0,"timestamp":1608658890,"path_taken":["M","M","?","M","?","R","?","R","T","?","R","E","M","E","R","BOSS"],"items_purchased_type":[],"build_version":"2020-12-13","purchased_purges":0,"victory":false,"max_hp_per_floor":[66,66,66,66,66,66,66,66,66,68,68,70,70,72,72,72,72],"card_choices":[{"not_picked":["Outmaneuver","Leg Sweep"],"picked":"Predator","floor":1},{"not_picked":["Sucker Punch","Bane"],"picked":"Dagger Spray","floor":2},{"not_picked":["Poisoned Stab","Eviscerate"],"picked":"Blade Dance","floor":4},{"not_picked":["Backstab","Dagger Spray"],"picked":"PiercingWail","floor":7},{"not_picked":["Slice","Backflip","Deflect"],"picked":"Singing Bowl","floor":10},{"not_picked":["Calculated Gamble","Outmaneuver","Underhanded Strike"],"picked":"Singing Bowl","floor":12},{"not_picked":["Dodge and Roll","Blade Dance"],"picked":"Venomology","floor":13},{"not_picked":["Skewer","Reflex","Tactician"],"picked":"Singing Bowl","floor":14}],"player_experience":1896871,"relics_obtained":[{"floor":5,"key":"Singing Bowl"},{"floor":9,"key":"Blue Candle"},{"floor":12,"key":"The Courier"},{"floor":14,"key":"Oddly Smooth Stone"}],"event_choices":[{"damage_healed":0,"gold_gain":0,"player_choice":"Success","damage_taken":5,"relics_obtained":["Tiny Chest"],"max_hp_gain":0,"max_hp_loss":0,"event_name":"Scrap Ooze","floor":3,"gold_loss":0}],"is_beta":false,"boss_relics":[],"items_purged_floors":[],"is_endless":false,"potions_floor_spawned":[1,7,10,12],"killed_by":"Slime Boss","ascension_level":19}}