{"host":"xhamcave7q47vrco","time":1608624434,"event":{"mods":["ATMod(°¢èªMod)","AchievementEnabler","BaseMod","BetterRewards","Colored Powertips","Minty Spire (QoL Compilation)","Permanent Neow","Quick Restart","Remove Card Discount Mod","StSLib","¡¾ÒÅÎï¿¨ÅÆ¡¿REMEMod"],"gold_per_floor":[113,213,223,235,251,283,283,283,306,343,343,461,298,360,360,535,535,573,573,573,636,152,152,210,210,235,295,295,454,553,622,622,798,798,889,1029,469,544,144,144,194,238,238,333,333,425,553,597,597,722],"floor_reached":51,"playtime":2484,"items_purged":["Strike_R","Defend_R","Strike_R","Defend_R","Strike_R","Defend_R","Strike_R","Strike_R","Finesse","Seeing Red","Battle Trance"],"score":997,"play_id":"569ac590-8bd6-4a1d-89e5-495a6d4cb959","local_time":"20201222160714","is_ascension_mode":true,"campfire_choices":[{"data":"AT_ChampionKick","floor":7,"key":"SMITH"},{"data":"Heavy Blade","floor":15,"key":"SMITH"},{"data":"Spot Weakness","floor":23,"key":"SMITH"},{"data":"Whirlwind","floor":25,"key":"SMITH"},{"data":"Shockwave","floor":32,"key":"SMITH"},{"data":"Demon Form","floor":40,"key":"SMITH"},{"data":"AT_ShrugMaster","floor":45,"key":"SMITH"},{"data":"Pummel","floor":49,"key":"SMITH"}],"circlet_count":0,"master_deck":["Bash+1","Vault+1","AT_ChampionKick+1","Dark Shackles","Heavy Blade+1","Whirlwind+1","Heavy Blade+1","AT_CaressingTears+1","Spot Weakness+1","Shrug It Off+1","Flex+1","Shockwave+1","Demon Form+1","Seeing Red+1","AT_IchimonjiDouble+1","AT_ShrugMaster+1","Pummel+1","Inflame+1"],"relics":["Burning Blood","REME_ComplimentaryCards","AT_ATBox","AT_MibuBalloonWealth","Orichalcum","AT_RedTearstoneRing","Coffee Dripper","Juzu Bracelet","ClockworkSouvenir","AT_EbonyIvory","Potion Belt","Strawberry","Ornamental Fan","AT_TrinityForce","Chemical X","Whetstone","REME_LimitBreaker","Ice Cream","AT_ArchangelStaff","Membership Card","Red Skull","War Paint","Bottled Flame","Calipers"],"acts_visited":["Exordium","TheCity","TheBeyond"],"potions_floor_usage":[6,12,24],"damage_taken":[{"damage":2,"enemies":"Small Slimes","floor":1,"turns":6},{"damage":0,"enemies":"Cultist","floor":3,"turns":4},{"damage":1,"enemies":"2 Louse","floor":4,"turns":4},{"damage":3,"enemies":"Exordium Thugs","floor":5,"turns":4},{"damage":11,"enemies":"3 Sentries","floor":6,"turns":6},{"damage":3,"enemies":"Looter","floor":10,"turns":3},{"damage":0,"enemies":"Gremlin Gang","floor":12,"turns":1},{"damage":0,"enemies":"Large Slime","floor":14,"turns":5},{"damage":21,"enemies":"Slime Boss","floor":16,"turns":9},{"damage":0,"enemies":"Chosen","floor":18,"turns":4},{"damage":16,"enemies":"2 Thieves","floor":21,"turns":2},{"damage":15,"enemies":"REME_1_Revenger","floor":24,"turns":5},{"damage":0,"enemies":"Book of Stabbing","floor":27,"turns":3},{"damage":16,"enemies":"Gremlin Leader","floor":29,"turns":3},{"damage":0,"enemies":"Sentry and Sphere","floor":31,"turns":3},{"damage":24,"enemies":"Collector","floor":33,"turns":6},{"damage":0,"enemies":"3 Shapes","floor":35,"turns":1},{"damage":7,"enemies":"3 Darklings","floor":36,"turns":2},{"damage":0,"enemies":"Mind Bloom Boss Battle","floor":38,"turns":3},{"damage":0,"enemies":"Nemesis","floor":41,"turns":5},{"damage":0,"enemies":"Writhing Mass","floor":42,"turns":3},{"damage":0,"enemies":"2 Orb Walkers","floor":44,"turns":1},{"damage":0,"enemies":"Jaw Worm Horde","floor":46,"turns":1},{"damage":0,"enemies":"Reptomancer","floor":47,"turns":2},{"damage":0,"enemies":"Transient","floor":48,"turns":4},{"damage":7,"enemies":"Awakened One","floor":50,"turns":3}],"seed_played":"1654539875711188787","potions_obtained":[{"floor":1,"key":"SkillPotion"},{"floor":4,"key":"SkillPotion"},{"floor":10,"key":"Dexterity Potion"},{"floor":16,"key":"DistilledChaos"},{"floor":21,"key":"EntropicBrew"},{"floor":27,"key":"SpeedPotion"},{"floor":31,"key":"SmokeBomb"},{"floor":33,"key":"Weak Potion"},{"floor":36,"key":"FearPotion"},{"floor":38,"key":"AttackPotion"},{"floor":47,"key":"FairyPotion"}],"is_trial":false,"path_per_floor":["M","?","M","M","M","E","R","?","T","M","?","M","$","M","R","B",null,"M","?","?","M","$","R","E","R","T","E","?","E","?","M","R","B",null,"M","M","$","?","$","R","E","M","T","?","R","M","E","M","R","B",null],"character_chosen":"IRONCLAD","items_purchased":["AT_RedTearstoneRing","Finesse","Juzu Bracelet","ClockworkSouvenir","Battle Trance","Chemical X","Whetstone","REME_LimitBreaker","AT_ArchangelStaff","Membership Card","AT_ShrugMaster","Red Skull"],"campfire_rested":0,"item_purchase_floors":[13,22,22,22,22,37,37,37,39,39,39,39],"current_hp_per_floor":[80,80,80,80,80,75,75,75,75,78,75,80,80,80,80,65,80,80,80,80,70,70,70,61,61,61,74,74,64,64,72,72,54,87,87,86,86,87,87,87,87,87,87,87,87,87,87,87,87,86],"gold":722,"neow_bonus":"RANDOM_COLORLESS","is_daily":false,"chose_seed":false,"campfire_upgraded":8,"win_rate":0.0,"timestamp":1608624434,"path_taken":["M","?","?","M","M","E","R","?","T","M","?","M","$","M","R","BOSS","M","?","?","M","$","R","E","R","T","E","?","E","?","M","R","BOSS","M","M","$","?","$","R","E","M","T","?","R","M","E","M","R","BOSS"],"items_purchased_type":["Relic","Card","Relic","Relic","Card","Relic","Relic","Relic","Relic","Relic","Card","Relic"],"build_version":"2020-12-13","purchased_purges":11,"victory":true,"max_hp_per_floor":[80,80,80,80,80,80,80,80,80,80,80,80,80,80,80,80,80,80,80,80,80,80,80,80,80,80,87,87,87,87,87,87,87,87,87,87,87,87,87,87,87,87,87,87,87,87,87,87,87,87],"card_choices":[{"not_picked":["Flash of Steel","REME_MagicPocketWatch"],"picked":"Dark Shackles","floor":0},{"not_picked":["Cleave","Heavy Blade"],"picked":"Seeing Red","floor":1},{"not_picked":["Burning Pact","Body Slam","Rupture"],"picked":"SKIP","floor":3},{"not_picked":["Pommel Strike","Body Slam","Sword Boomerang"],"picked":"SKIP","floor":4},{"not_picked":["Infernal Blade","Iron Wave"],"picked":"Heavy Blade","floor":5},{"not_picked":["Rupture","Clash"],"picked":"Whirlwind","floor":6},{"not_picked":["Disarm","Cleave"],"picked":"Heavy Blade","floor":10},{"not_picked":["Battle Trance","Heavy Blade"],"picked":"AT_CaressingTears","floor":12},{"not_picked":["True Grit","Cleave","Anger"],"picked":"SKIP","floor":14},{"not_picked":["Entrench","Dropkick","Infernal Blade+1"],"picked":"SKIP","floor":18},{"not_picked":["Wild Strike","Clash"],"picked":"Shrug It Off+1","floor":21},{"not_picked":["Rage+1","Twin Strike"],"picked":"Flex+1","floor":24},{"not_picked":["Heavy Blade","REME_FearOfPain","Battle Trance"],"picked":"SKIP","floor":27},{"not_picked":["Uppercut","Feel No Pain","Heavy Blade"],"picked":"SKIP","floor":29},{"not_picked":["Clash","Clothesline"],"picked":"Shockwave","floor":31},{"not_picked":["Offering","Juggernaut"],"picked":"Demon Form","floor":33},{"not_picked":["Iron Wave","Heavy Blade+1","Cleave"],"picked":"SKIP","floor":35},{"not_picked":["Flex","Sword Boomerang"],"picked":"Seeing Red+1","floor":36},{"not_picked":["AT_Dispersion","REME_Scribble+1"],"picked":"AT_IchimonjiDouble+1","floor":38},{"not_picked":["Metallicize+1","Havoc+1"],"picked":"Pummel","floor":41},{"not_picked":["Havoc+1","Evolve+1","Clash"],"picked":"SKIP","floor":42},{"not_picked":["Headbutt+1","Evolve+1","Entrench+1"],"picked":"SKIP","floor":46},{"not_picked":["Feed","Dark Embrace","Iron Wave"],"picked":"SKIP","floor":47},{"not_picked":["Rage+1","Clash"],"picked":"Inflame+1","floor":48}],"player_experience":39159,"relics_obtained":[{"floor":6,"key":"AT_MibuBalloonWealth"},{"floor":24,"key":"AT_EbonyIvory"},{"floor":26,"key":"Potion Belt"},{"floor":27,"key":"Strawberry"},{"floor":29,"key":"Ornamental Fan"},{"floor":38,"key":"Ice Cream"},{"floor":41,"key":"War Paint"},{"floor":43,"key":"Bottled Flame"},{"floor":44,"key":"Calipers"}],"event_choices":[{"damage_healed":0,"gold_gain":100,"player_choice":"Pray","damage_taken":0,"max_hp_gain":0,"max_hp_loss":0,"event_name":"Golden Shrine","floor":2,"gold_loss":0},{"damage_healed":0,"gold_gain":0,"player_choice":"Grow","damage_taken":0,"max_hp_gain":0,"max_hp_loss":0,"event_name":"Living Wall","floor":8,"gold_loss":0,"cards_upgraded":["Heavy Blade"]},{"damage_healed":0,"gold_gain":0,"player_choice":"Success","damage_taken":3,"relics_obtained":["Orichalcum"],"max_hp_gain":0,"max_hp_loss":0,"event_name":"Scrap Ooze","floor":11,"gold_loss":0},{"damage_healed":0,"gold_gain":0,"player_choice":"Ignored","damage_taken":0,"max_hp_gain":0,"max_hp_loss":0,"event_name":"Beggar","floor":19,"gold_loss":0},{"damage_healed":0,"gold_gain":0,"player_choice":"Read","damage_taken":0,"max_hp_gain":0,"max_hp_loss":0,"event_name":"The Library","floor":20,"gold_loss":0,"cards_obtained":["Spot Weakness"]},{"cards_removed":["Defend_R"],"damage_healed":0,"gold_gain":0,"player_choice":"Offered Basic","damage_taken":0,"max_hp_gain":0,"max_hp_loss":0,"event_name":"Bonfire Elementals","floor":28,"gold_loss":0},{"damage_healed":0,"gold_gain":99,"player_choice":"Stole From Cult","damage_taken":0,"max_hp_gain":0,"max_hp_loss":0,"event_name":"Nest","floor":30,"gold_loss":0},{"damage_healed":0,"gold_gain":0,"player_choice":"Fight","damage_taken":0,"max_hp_gain":0,"max_hp_loss":0,"event_name":"MindBloom","floor":38,"gold_loss":0},{"damage_healed":0,"gold_gain":0,"player_choice":"Fight","damage_taken":0,"max_hp_gain":0,"max_hp_loss":0,"event_name":"Mysterious Sphere","floor":44,"gold_loss":0}],"is_beta":false,"boss_relics":[{"not_picked":["AT_MortalBlade","REME_DemonsWealth"],"picked":"Coffee Dripper"},{"not_picked":["Black Star","Sozu"],"picked":"AT_TrinityForce"}],"items_purged_floors":[13,13,13,13,22,22,22,22,37,37,39],"is_endless":false,"potions_floor_spawned":[1,4,10,16,21,27,31,33,36,38,47,48],"ascension_level":2}}