{"host":"ocy7z4248lncoz2b","time":1608620983,"event":{"mods":["BaseMod","Beaked The Cultist","Bestiary","Better Match","Better Sensory Stone","Better Third Choice","BetterRewards","Clockwork Mod","Colored Map","Colored Powertips","Conspire","Curses Come First","Downfall","Friendly Minions","Gremlin Mod","Highlight Path","Hubris","Infinite Spire","Jorbs\u0027s Wanderer Trilogy","Marisa????????","Mimic Mod","Minty Spire (QoL Compilation)","READ ME - Guardian Mod","Rare Cards Sparkle","Replay The Spire","Shop Mod","Spicy Shops","Spikes Relics","StSLib","SuperFastMode","The Administrix","The Blue Laboratory","The Construct","The Jungle","The Servant 0.9.4","The Wild Card","WarShipGirlsR/????R mod"],"gold_per_floor":[0,13,28,45,45,63,98,98,110,110,110,560,574,474,492,594,594,594,594,594,594,644,661,661,696,696,722,733,748,748,767,780,880,880,880,894,894,909,927,939,939,968,968,982,1082,1082,1082,1095,1114,1215,1215,1215,1245,1245,1245,1255,1275,1300,1300,1327,1252,463,463,476,41,58,154,154,154,154,188,198,223,237,264,284,299,299,260,270,33,33,45,150,150,150,167,167,17,29,39,64,81,106,125,140,158,84,109,129,232,232,232,250,250,266,107,122,154,182,182,210,223,223,223,238,255,350,350,350,362,362,381,400,400,427,439,439,459,459,469,484,495,514,614,614,614,629,629,20,73,73,100,100,100],"floor_reached":144,"playtime":9908,"items_purged":["Slimebound:Icky","Defend_S","Defend_S","KidneyShot","Defend_S","Defend_S+1","Defy","Revamp+1","Magnetism+1"],"score":3551,"play_id":"0699990b-5429-4de8-9156-27b4e2d77fa8","local_time":"20201222160943","is_ascension_mode":false,"campfire_choices":[{"floor":1.0,"key":"DIG"},{"floor":10.0,"key":"REST"},{"data":"Misdirection","floor":18.0,"key":"SMITH"},{"data":"FloweringNight","floor":21.0,"key":"SMITH"},{"data":"Sunlight","floor":26.0,"key":"SMITH"},{"data":"Magnetism","floor":35.0,"key":"SMITH"},{"data":"Doppelganger","floor":37.0,"key":"SMITH"},{"floor":52.0,"key":"RECALL"},{"data":"FlawlessForm","floor":59.0,"key":"SMITH"},{"data":"SoulSculpture","floor":61.0,"key":"SMITH"},{"floor":69.0,"key":"DIG"},{"data":"TheWorld","floor":78.0,"key":"SMITH"},{"data":"Ghostly","floor":86.0,"key":"SMITH"},{"data":"SilverBlades","floor":103,"key":"SMITH"},{"data":"ReplayTheSpireMod:Echoes of Time","floor":111,"key":"SMITH"},{"data":"Embodiment","floor":115,"key":"SMITH"},{"data":"BestPractice","floor":120,"key":"PURGE"},{"data":"Apotheosis","floor":125,"key":"SMITH"},{"data":"SoulSculpture","floor":128,"key":"SMITH"},{"data":"ReplayTheSpireMod:Black Plague","floor":130,"key":"SMITH"},{"data":"OortCloud","floor":137,"key":"SMITH"},{"data":"MurderousAura","floor":142,"key":"SMITH"}],"circlet_count":0,"master_deck":["Exchange","SpecialFormula","BottledTime","Misdirection+1","InstantArmor+1","Doppelganger+1","DualDimension","SoulSculpture+1","Ghostly+1","Reset+1","FloweringNight+1","CurseOfTheBell","Bite","Bite","Bite","Bite","ReplayTheSpireMod:Book of Names+1","Potential+1","Sunlight+1","ShiftingGears+1","BottledTime+1","GearUp","FlawlessForm+1","FanOfKnives+1","Initiator","Reset+1","Deny","infinitespire:Collect+1","MurderousAura+1","SilverBlades+1","Dilation+1","TheWorld+1","PanicButton+1","SoulSculpture+1","BestPractice","Desolation","Shuttle","TheWorld","ReplayTheSpireMod:Echoes of Time+1","MoonPhase+1","Moondial+1","KillingDoll","Apotheosis+1","ReplayTheSpireMod:Brewmster","Gouge","Solidify+1","BestPractice+1","Solidify+1","Foresight+1","Embodiment+1","ReplayTheSpireMod:Black Plague+1","ReplayTheSpireMod:Private Reserves+1","StarChef","BinaryStars","infinitespire:SealOfDarkness+","OortCloud+1"],"relics":["SplendidAttire","Replay:Kaleidoscope","RetroEgg","Bronze Scales","hubris:Zylophone","Gremlin Horn","RollingBoulder","SuspiciousGoo","beaked:MendingPlumage","Lizard Tail","Potion Belt","Anchor","downfall:HeartBlessingRed","Durian","MerchantsRug","CrustySpines","Chemical X","Mercury Hourglass","Medical Kit","Matryoshka","LugNut","MutagenicStrength","PrismaticShard","Empty Cage","hubris:Backtick","Bottled Tornado","PreservedInsect","conspire:GlowingRock","Replay:Baseball","hubris:EmptyBottle","Strange Spoon","CatCart"],"acts_visited":["Exordium","TheCity","TheBeyond","Exordium","TheCity","TheBeyond","TheCity","TheBeyond"],"potions_floor_usage":[110,117,117,118,118,126,141],"damage_taken":[{"damage":11.0,"enemies":"2 Louse","floor":2.0,"turns":3.0},{"damage":20.0,"enemies":"Cultist","floor":3.0,"turns":7.0},{"damage":0.0,"enemies":"Small Slimes","floor":4.0,"turns":4.0},{"damage":21.0,"enemies":"Gremlin Gang","floor":6.0,"turns":3.0},{"damage":9.0,"enemies":"2 Fungi Beasts","floor":7.0,"turns":10.0},{"damage":0.0,"enemies":"2 Fungi Beasts","floor":9.0,"turns":4.0},{"damage":17.0,"enemies":"3 Louse","floor":13.0,"turns":7.0},{"damage":0.0,"enemies":"Red Slaver","floor":15.0,"turns":5.0},{"damage":57.0,"enemies":"downfall:Ironclad","floor":16.0,"turns":15.0},{"damage":1.0,"enemies":"Spheric Guardian","floor":23.0,"turns":5.0},{"damage":12.0,"enemies":"Gremlin Leader","floor":25.0,"turns":6.0},{"damage":0.0,"enemies":"Nightmare","floor":27.0,"turns":11.0},{"damage":7.0,"enemies":"Chosen","floor":28.0,"turns":6.0},{"damage":0.0,"enemies":"Centurion and Healer","floor":29.0,"turns":4.0},{"damage":0.0,"enemies":"Snecko","floor":31.0,"turns":5.0},{"damage":1.0,"enemies":"Chosen and Byrds","floor":32.0,"turns":3.0},{"damage":0.0,"enemies":"downfall:Defect","floor":33.0,"turns":7.0},{"damage":26.0,"enemies":"3 Shapes","floor":36.0,"turns":3.0},{"damage":15.0,"enemies":"3 Darklings","floor":38.0,"turns":5.0},{"damage":0.0,"enemies":"Writhing Mass","floor":39.0,"turns":7.0},{"damage":46.0,"enemies":"Sphere and 2 Shapes","floor":40.0,"turns":5.0},{"damage":74.0,"enemies":"Nightmare","floor":42.0,"turns":11.0},{"damage":21.0,"enemies":"4 Shapes","floor":44.0,"turns":6.0},{"damage":0.0,"enemies":"downfall:LadyInBlue","floor":45.0,"turns":7.0},{"damage":3.0,"enemies":"3 Darklings","floor":48.0,"turns":6.0},{"damage":32.0,"enemies":"Sphere and 2 Shapes","floor":49.0,"turns":7.0},{"damage":0.0,"enemies":"downfall:Watcher","floor":50.0,"turns":9.0},{"damage":100.0,"enemies":"Nightmare_Alpha","floor":53.0,"turns":19.0},{"damage":0.0,"enemies":"2 Louse","floor":56.0,"turns":2.0},{"damage":0.0,"enemies":"Jaw Worm","floor":57.0,"turns":2.0},{"damage":26.0,"enemies":"3 Sentries","floor":60.0,"turns":4.0},{"damage":0.0,"enemies":"downfall:FleeingMerchant","floor":62.0,"turns":4.0},{"damage":0.0,"enemies":"Cultist","floor":64.0,"turns":3.0},{"damage":0.0,"enemies":"downfall:FleeingMerchant","floor":65.0,"turns":4.0},{"damage":15.0,"enemies":"3 Louse","floor":66.0,"turns":2.0},{"damage":0.0,"enemies":"Hexaghost","floor":67.0,"turns":7.0},{"damage":0.0,"enemies":"Gremlin Leader","floor":71.0,"turns":5.0},{"damage":0.0,"enemies":"Shell Parasite","floor":72.0,"turns":3.0},{"damage":7.0,"enemies":"conspire:MimicChest","floor":73.0,"turns":4.0},{"damage":0.0,"enemies":"Spheric Guardian","floor":74.0,"turns":3.0},{"damage":22.0,"enemies":"Slavers","floor":75.0,"turns":4.0},{"damage":0.0,"enemies":"Chosen and Byrds","floor":76.0,"turns":4.0},{"damage":4.0,"enemies":"Centurion and Healer","floor":77.0,"turns":5.0},{"damage":0.0,"enemies":"downfall:FleeingMerchant","floor":79.0,"turns":4.0},{"damage":0.0,"enemies":"Cultist and Chosen","floor":80.0,"turns":4.0},{"damage":0.0,"enemies":"Snake Plant","floor":83.0,"turns":2.0},{"damage":55.0,"enemies":"hubris:MusketHawk","floor":84.0,"turns":7.0},{"damage":0.0,"enemies":"Orb Walker","floor":87.0,"turns":4.0},{"damage":0.0,"enemies":"3 Darklings","floor":90.0,"turns":2.0},{"damage":0.0,"enemies":"Jaw Worm Horde","floor":91.0,"turns":2.0},{"damage":0.0,"enemies":"beaked:SuperParasite","floor":92.0,"turns":7.0},{"damage":25.0,"enemies":"Maw","floor":93.0,"turns":6.0},{"damage":34.0,"enemies":"Reptomancer","floor":94.0,"turns":4.0},{"damage":0.0,"enemies":"Sphere and 2 Shapes","floor":95.0,"turns":4.0},{"damage":0.0,"enemies":"4 Shapes","floor":96.0,"turns":1.0},{"damage":0.0,"enemies":"3 Darklings","floor":97.0,"turns":3.0},{"damage":41.0,"enemies":"Giant Head","floor":99.0,"turns":8.0},{"damage":25.0,"enemies":"Writhing Mass","floor":100.0,"turns":4.0},{"damage":31.0,"enemies":"hubris:GrandSnecko","floor":101.0,"turns":11.0},{"damage":0,"enemies":"2 Louse","floor":104,"turns":1},{"damage":0,"enemies":"Cultist","floor":106,"turns":2},{"damage":0,"enemies":"Jaw Worm","floor":108,"turns":2},{"damage":14,"enemies":"Lagavulin","floor":109,"turns":4},{"damage":0,"enemies":"Gremlin Nob","floor":110,"turns":3},{"damage":0,"enemies":"Replay:BlueRogue","floor":112,"turns":2},{"damage":0,"enemies":"2 Fungi Beasts","floor":113,"turns":2},{"damage":0,"enemies":"Blue Slaver","floor":116,"turns":3},{"damage":0,"enemies":"Looter","floor":117,"turns":2},{"damage":0,"enemies":"Hexaghost","floor":118,"turns":7},{"damage":0,"enemies":"Shell Parasite","floor":121,"turns":1},{"damage":0,"enemies":"Snecko","floor":123,"turns":2},{"damage":0,"enemies":"Centurion and Healer","floor":124,"turns":3},{"damage":26,"enemies":"Replay:Snechameleon","floor":126,"turns":3},{"damage":5,"enemies":"Shelled Parasite and Fungi","floor":127,"turns":3},{"damage":0,"enemies":"Sentry and Sphere","floor":129,"turns":2},{"damage":12,"enemies":"Snake Plant","floor":131,"turns":2},{"damage":0,"enemies":"Cultist and Chosen","floor":132,"turns":5},{"damage":6,"enemies":"Snecko","floor":133,"turns":5},{"damage":0,"enemies":"conspire:HollyBat","floor":134,"turns":6},{"damage":10,"enemies":"conspire:MysteriousRune","floor":135,"turns":6},{"damage":10,"enemies":"Orb Walker","floor":138,"turns":2},{"damage":0,"enemies":"Orin","floor":141,"turns":5},{"damage":44,"enemies":"beaked:SuperParasite","floor":143,"turns":5},{"damage":0,"enemies":"3 Shapes","floor":144,"turns":1}],"seed_played":"-7453230586449574666","potions_obtained":[{"floor":4.0,"key":"BlessingOfTheForge"},{"floor":9.0,"key":"Adrenaline Potion"},{"floor":13.0,"key":"blueLaboratory:NullPotion"},{"floor":15.0,"key":"blueLaboratory:LouseDecoction"},{"floor":16.0,"key":"EssenceOfSteel"},{"floor":19.0,"key":"CultistPotion"},{"floor":22.0,"key":"Fruit Juice"},{"floor":25.0,"key":"Languid Potion"},{"floor":27.0,"key":"LiquidBronze"},{"floor":33.0,"key":"blueLaboratory:BottleOfRum"},{"floor":39.0,"key":"Toxic Potion"},{"floor":42.0,"key":"DuplicationPotion"},{"floor":45.0,"key":"blueLaboratory:BottleOfVodka"},{"floor":45.0,"key":"Venom Potion"},{"floor":45.0,"key":"Flashbang"},{"floor":49.0,"key":"blueLaboratory:NullPotion"},{"floor":53.0,"key":"blueLaboratory:StoneskinPotion"},{"floor":56.0,"key":"Weak Potion"},{"floor":64.0,"key":"BlessingOfTheForge"},{"floor":71.0,"key":"Strength Potion"},{"floor":74.0,"key":"Venom Potion"},{"floor":83.0,"key":"construct:ShiftPotion"},{"floor":84.0,"key":"blueLaboratory:NullPotion"},{"floor":93.0,"key":"blueLaboratory:FruitPunch"},{"floor":110,"key":"GamblersBrew"},{"floor":113,"key":"blueLaboratory:FrostheartPotion"},{"floor":117,"key":"Swift Potion"},{"floor":123,"key":"blueLaboratory:AbyssPotion"},{"floor":124,"key":"Block Potion"},{"floor":126,"key":"blueLaboratory:HummingbirdPotion"},{"floor":129,"key":"SteroidPotion"},{"floor":132,"key":"blueLaboratory:LouseDecoction"}],"is_trial":false,"path_per_floor":["R_BF","M","M","M","?","M","MIM","?","M","R","?","?","M","?","M","B",null,"R","?","?","R","AVR","M","T","E","R","NM","M","M","?","M","M","B",null,"R","M","R","M","M","M","T","NM","?","M","?","?","?","M","M","B",null,"R","NM","?","?","M","M","T","R","E","R","$","?","M","$","M","B",null,"R_BF","AVR","E","M","?","M","E","M","M","R","$","M","$","?","M","B",null,"R","M","?","?","M","M","E","M","E","M","M","M","$","E","M","B",null,"R","M","AVR","M","$","M","E","E","R","E","M","?","R","M","M","B",null,"R_BF","M","AVR","M","M","R","E","M","R","M","R","M","M","M","M","B",null,"R","M","?","$","?","R","E","M"],"character_chosen":"THE_SERVANT","items_purchased":["Durian","MerchantsRug","CrustySpines","TheWorld","Chemical X","BestPractice","Desolation","Shuttle","LugNut","Apotheosis","ReplayTheSpireMod:Brewmster","Gouge","PrismaticShard","Replay:Baseball","hubris:EmptyBottle","Strange Spoon"],"campfire_rested":1,"item_purchase_floors":[62,62,62,62,65,65,65,65,79,79,81,81,98,140,140,140],"current_hp_per_floor":[65,54,39,44,44,31,27,25,30,49,49,49,45,45,50,6,65,65,65,45,45,50,50,50,49,49,69,63,69,69,69,69,69,69,69,43,43,60,69,48,48,57,57,62,79,76,68,76,56,76,76,76,45,45,45,53,62,62,62,57,57,81,81,81,81,69,81,81,81,81,81,81,78,81,81,81,81,81,81,81,81,81,81,48,81,81,81,81,91,91,91,91,80,74,91,94,94,94,73,87,94,94,94,97,97,97,97,97,97,99,99,99,99,99,99,99,99,99,99,99,102,102,102,102,102,76,98,98,102,102,98,102,102,102,102,102,102,98,98,98,102,102,96,96,96],"gold":100,"neow_bonus":"RANDOM_COLORLESS_2","is_daily":false,"chose_seed":false,"campfire_upgraded":17,"win_rate":0.0,"timestamp":1608620983,"path_taken":["R_BF","M","M","M","?","M","MIM","?","M","R","?","?","M","?","M","BOSS","R","?","?","R","AVR","M","T","E","R","NM","M","M","?","M","M","BOSS","R","M","R","M","M","M","T","NM","?","M","?","?","?","M","M","BOSS","R","NM","?","?","M","?","T","R","?","R","$","?","M","$","M","BOSS","R_BF","AVR","E","M","?","M","E","M","M","R","$","M","$","?","M","BOSS","R","M","?","?","M","M","E","M","E","M","?","M","$","E","M","BOSS","R","M","AVR","M","$","M","E","E","R","E","M","?","R","M","M","BOSS","R_BF","M","AVR","M","M","R","E","M","R","M","R","M","M","M","M","BOSS","R","M","?","$","?","R","E","M"],"items_purchased_type":["Relic","Relic","Relic","Card","Relic","Card","Card","Card","Relic","Card","Card","Card","Relic","Relic","Relic","Relic"],"build_version":"2020-12-13","purchased_purges":9,"victory":false,"max_hp_per_floor":[65,65,65,65,65,65,65,65,65,65,65,65,65,65,65,65,65,65,65,45,45,50,50,50,55,55,69,69,69,69,69,69,69,69,69,69,69,69,69,69,69,79,79,79,79,76,76,76,76,76,76,76,76,76,76,76,76,76,76,76,76,81,81,81,81,81,81,81,81,81,81,81,81,81,81,81,81,81,81,81,81,81,81,81,81,81,81,81,91,91,91,91,91,91,91,94,94,94,94,94,94,94,94,97,97,97,97,97,97,99,99,99,99,99,99,99,99,99,99,99,102,102,102,102,102,102,102,102,102,102,102,102,102,102,102,102,102,102,102,102,102,102,102,102,102],"card_choices":[{"not_picked":["Panache","Secret Weapon"],"picked":"Magnetism","floor":0.0},{"not_picked":["Rewind","Ricochet"],"picked":"SpecialFormula","floor":2.0},{"not_picked":["FastForward","Potential"],"picked":"BottledTime","floor":3.0},{"not_picked":["Collapse","Rewind"],"picked":"Defy","floor":4.0},{"not_picked":["Rewind","DoubleEdge"],"picked":"Misdirection","floor":6.0},{"not_picked":["Rewind","Rearm"],"picked":"InstantArmor","floor":7.0},{"not_picked":["Rearm","Moondial"],"picked":"DualDimension","floor":9.0},{"not_picked":["Defy","WasteNot"],"picked":"SoulSculpture","floor":13.0},{"not_picked":["Comet","Alleviate"],"picked":"Reset","floor":15.0},{"not_picked":["LightFlow","PendulumOfEternity"],"picked":"FloweringNight","floor":16.0},{"not_picked":["Spin+1","FastForward+1"],"picked":"Moondial","floor":22.0},{"not_picked":["Defy","Ricochet"],"picked":"Potential","floor":23.0},{"not_picked":["BottledTime","PendulumOfEternity"],"picked":"Sunlight","floor":25.0},{"not_picked":["Alleviate","RealityMarble"],"picked":"ShiftingGears","floor":27.0},{"not_picked":["Potential","Starlight"],"picked":"BottledTime+1","floor":28.0},{"not_picked":["Rearm","Replace"],"picked":"GearUp","floor":29.0},{"not_picked":["Defy","Replace","FastForward+1"],"picked":"SKIP","floor":31.0},{"not_picked":["Sunlight","DoubleEdge","Unruled"],"picked":"SKIP","floor":32.0},{"not_picked":["Sunlight","LightFlow"],"picked":"FlawlessForm","floor":33.0},{"not_picked":["Barrier+1","Rewind+1"],"picked":"Revamp+1","floor":36.0},{"not_picked":["Barrier","Advance"],"picked":"Contraction+1","floor":38.0},{"not_picked":["Alleviate+1","Ricochet+1"],"picked":"FanOfKnives+1","floor":39.0},{"not_picked":["BottledTime","DoubleEdge","Rearm"],"picked":"SKIP","floor":40.0},{"not_picked":["Revamp","Unruled"],"picked":"Initiator","floor":42.0},{"not_picked":["Unruled+1","Rearm","Potential"],"picked":"SKIP","floor":44.0},{"not_picked":["Replace+1","BottledTime+1"],"picked":"Reset+1","floor":48.0},{"not_picked":["Alleviate","Contraction","BottledTime"],"picked":"SKIP","floor":49.0},{"not_picked":["Initiator","PendulumOfEternity"],"picked":"Deny","floor":50.0},{"not_picked":["ReplayTheSpireMod:??????????????????????","infinitespire:Punishment"],"picked":"infinitespire:Collect","floor":53.0},{"not_picked":["Moonlight","Rewind","Reset"],"picked":"SKIP","floor":53.0},{"not_picked":["Ricochet","DualDimension","FastForward"],"picked":"SKIP","floor":56.0},{"not_picked":["Alleviate","DualDimension","Replace"],"picked":"SKIP","floor":57.0},{"not_picked":["Potential","Spin"],"picked":"SilverBlades","floor":60.0},{"not_picked":["Rewind","TimeWarp"],"picked":"Dilation","floor":62.0},{"not_picked":["FanOfKnives","BottledTime","Potential"],"picked":"SKIP","floor":64.0},{"not_picked":["FastForward","DoubleEdge"],"picked":"SoulSculpture","floor":65.0},{"not_picked":["Replace","DoubleEdge"],"picked":"Comet","floor":66.0},{"not_picked":["ForgedInTime","Initiator"],"picked":"TheWorld","floor":67.0},{"not_picked":["infinitespire:Punishment","ReplayTheSpireMod:Haul"],"picked":"ReplayTheSpireMod:Echoes of Time","floor":68.0},{"not_picked":["Read","SpecialFormula","BestPractice"],"picked":"SKIP","floor":71.0},{"not_picked":["Ricochet","DualDimension+1","Reset+1"],"picked":"SKIP","floor":72.0},{"not_picked":["Rearm+1","Ricochet","Unruled"],"picked":"SKIP","floor":74.0},{"not_picked":["Ricochet","Revamp"],"picked":"MoonPhase","floor":75.0},{"not_picked":["FloweringNight","Replace","BottledTime"],"picked":"SKIP","floor":76.0},{"not_picked":["Starlight+1","DoubleEdge+1"],"picked":"Moondial+1","floor":77.0},{"not_picked":["Rewind","Initiator"],"picked":"KillingDoll","floor":79.0},{"not_picked":["Potential+1","Starlight","Rewind"],"picked":"SKIP","floor":80.0},{"not_picked":["Rearm","Ricochet+1","Comet"],"picked":"SKIP","floor":83.0},{"not_picked":["Dilation","MurderousAura"],"picked":"Solidify","floor":84.0},{"not_picked":["FanOfKnives","Replace","TimeWarp"],"picked":"SKIP","floor":87.0},{"not_picked":["Comet","Spin"],"picked":"BestPractice+1","floor":90.0},{"not_picked":["FanOfKnives","ShatteredReality+1","Potential+1"],"picked":"SKIP","floor":91.0},{"not_picked":["Revamp+1","Moonlight+1"],"picked":"Solidify","floor":92.0},{"not_picked":["Rearm+1","Starlight","Ricochet+1"],"picked":"SKIP","floor":93.0},{"not_picked":["Defy","Ricochet+1","Starlight"],"picked":"SKIP","floor":94.0},{"not_picked":["Starlight+1","FastForward"],"picked":"Foresight+1","floor":95.0},{"not_picked":["DoubleEdge+1","Manipulate"],"picked":"Embodiment","floor":96.0},{"not_picked":["BottledTime","Ricochet+1","Starlight"],"picked":"SKIP","floor":97.0},{"not_picked":["stsjorbsmod:Goosebumps","Protect","EmptyFist+1"],"picked":"SKIP","floor":99.0},{"not_picked":["Adaptation+1","Clockwork:Selectivity","stsjorbsmod:Commune+1"],"picked":"SKIP","floor":100.0},{"not_picked":["Halt","stsjorbsmod:Ritual","ReplayTheSpireMod:Strike From Hell"],"picked":"SKIP","floor":104},{"not_picked":["Bloodletting","beaked:BounceBack","LessonLearned"],"picked":"SKIP","floor":106},{"not_picked":["Guardian:ChargeUp","AdministrixMod:LightOfYourLife","sneckomod:UnknownClassRED"],"picked":"SKIP","floor":108},{"not_picked":["Clockwork:Improve","stsjorbsmod:Hibernate","Guardian:Clone"],"picked":"SKIP","floor":109},{"not_picked":["Dodge and Roll","Clothesline","construct:Backfire"],"picked":"SKIP","floor":110},{"not_picked":["Slimebound:ComboTackle","sneckomod:UnknownStrike"],"picked":"ReplayTheSpireMod:Private Reserves","floor":112},{"not_picked":["Warcry","hexamod:HauntingEcho","theWildCard:EnergizedStroke"],"picked":"SKIP","floor":113},{"not_picked":["Gremlin:Changeo","Clockwork:Improve","Slimebound:TongueLash"],"picked":"SKIP","floor":116},{"not_picked":["stsjorbsmod:BlackTentacles_Cull","sneckomod:UnknownX","EmptyBody"],"picked":"SKIP","floor":117},{"not_picked":["Reboot","Clockwork:UnlimitedCogworks"],"picked":"BinaryStars","floor":118},{"not_picked":["Undo+1","construct:Anticipate","Gremlin:FanOfKnives+1"],"picked":"SKIP","floor":121},{"not_picked":["sneckomod:DiceBoulder+1","Guardian:Gem_Green","FlurryOfBlows"],"picked":"SKIP","floor":123},{"not_picked":["sneckomod:Nope","stsjorbsmod:MagicMissiles","stsjorbsmod:Haunt"],"picked":"SKIP","floor":124},{"not_picked":["expansioncontent:PrepareCrush","hexamod:Rewind+1","Slimebound:FlameTackle"],"picked":"SKIP","floor":126},{"not_picked":["Slimebound:RollThrough","champ:Balance+1","ReplayTheSpireMod:Corrosion Curse"],"picked":"SKIP","floor":127},{"not_picked":["expansioncontent:DashGenerateEvil","ClearTheMind","beaked:Tradeoff+1"],"picked":"SKIP","floor":129},{"not_picked":["Dagger Spray","ReplayTheSpireMod:Stacked+1","sneckomod:UnknownX"],"picked":"SKIP","floor":131},{"not_picked":["Guardian:Incinerate","hexamod:ThermalTransfer+1"],"picked":"OortCloud","floor":132},{"not_picked":["stsjorbsmod:Commune","stsjorbsmod:Firebolt","hubris:Counter"],"picked":"SKIP","floor":133},{"not_picked":["Perfected Strike","ReplayTheSpireMod:Trickstab","Revamp"],"picked":"SKIP","floor":134},{"not_picked":["Crescendo+1","WaveOfTheHand","hubris:Sniper"],"picked":"SKIP","floor":138},{"not_picked":["Survey Options+1","stsjorbsmod:WanderingMind","Gremlin:Stupend+1"],"picked":"SKIP","floor":143}],"player_experience":283156,"relics_obtained":[{"floor":1.0,"key":"Replay:Kaleidoscope"},{"floor":5.0,"key":"RetroEgg"},{"floor":7.0,"key":"Juzu Bracelet"},{"floor":17.0,"key":"Bronze Scales"},{"floor":17.0,"key":"hubris:DeckOfHolding"},{"floor":17.0,"key":"hubris:Zylophone"},{"floor":24.0,"key":"RollingBoulder"},{"floor":25.0,"key":"SuspiciousGoo"},{"floor":27.0,"key":"Mango"},{"floor":41.0,"key":"Lizard Tail"},{"floor":42.0,"key":"Pear"},{"floor":45.0,"key":"Potion Belt"},{"floor":58.0,"key":"Anchor"},{"floor":69.0,"key":"Mercury Hourglass"},{"floor":73.0,"key":"Matryoshka"},{"floor":139,"key":"PreservedInsect"},{"floor":139,"key":"conspire:GlowingRock"},{"floor":141,"key":"CatCart"}],"event_choices":[{"damage_healed":0.0,"max_hp_gain":0.0,"max_hp_loss":0.0,"gold_gain":0.0,"event_name":"Wheel of Change","player_choice":"Relic","floor":5.0,"gold_loss":0.0,"damage_taken":0.0},{"damage_healed":0.0,"max_hp_gain":0.0,"max_hp_loss":0.0,"gold_gain":0.0,"event_name":"betterThird:BetterScrap","player_choice":"Card ","floor":8.0,"gold_loss":0.0,"damage_taken":2.0,"cards_obtained":["Doppelganger"]},{"damage_healed":0.0,"max_hp_gain":0.0,"max_hp_loss":0.0,"gold_gain":0.0,"event_name":"conspire:LoneGhost","player_choice":"Argue","floor":14.0,"gold_loss":0.0,"damage_taken":0.0},{"damage_healed":0.0,"max_hp_gain":0.0,"max_hp_loss":20.0,"gold_gain":0.0,"event_name":"Vampires","player_choice":"Became a vampire","floor":20.0,"gold_loss":0.0,"damage_taken":0.0,"cards_obtained":["Bite","Bite","Bite","Bite","Bite"]},{"cards_removed":["Slimebound:Icky"],"damage_healed":0.0,"max_hp_gain":0.0,"max_hp_loss":0.0,"gold_gain":0.0,"event_name":"Purifier","player_choice":"Purged","floor":30.0,"gold_loss":0.0,"damage_taken":0.0},{"damage_healed":0.0,"max_hp_gain":0.0,"max_hp_loss":0.0,"gold_gain":0.0,"event_name":"conspire:Investor","player_choice":"Leave","floor":43.0,"gold_loss":0.0,"damage_taken":0.0},{"cards_removed":["Parasite"],"damage_healed":0.0,"max_hp_gain":0.0,"max_hp_loss":0.0,"gold_gain":0.0,"event_name":"Purifier","player_choice":"Purged","floor":46.0,"gold_loss":0.0,"damage_taken":0.0},{"damage_healed":0.0,"max_hp_gain":0.0,"max_hp_loss":0.0,"gold_gain":0.0,"event_name":"Drug Dealer","player_choice":"Inject Mutagens","floor":82.0,"gold_loss":0.0,"damage_taken":0.0,"relics_obtained":["MutagenicStrength"]},{"cards_removed":["Comet"],"damage_healed":0.0,"max_hp_gain":0.0,"max_hp_loss":0.0,"gold_gain":0.0,"event_name":"Falling","player_choice":"Removed Attack","floor":88.0,"gold_loss":0.0,"damage_taken":0.0},{"damage_healed":0,"gold_gain":0,"player_choice":"Fight","damage_taken":0,"max_hp_gain":0,"max_hp_loss":0,"event_name":"OrinTheCat","floor":141,"gold_loss":0}],"is_beta":false,"boss_relics":[{"not_picked":["Replay:Fungal Core","conspire:RoyalGoblet"],"picked":"Calling Bell"},{"not_picked":["Snecko Eye","MysterySword"],"picked":"hubris:Backtick"},{"not_picked":["ReplayTheSpireMod:DimensionalGlitch","SacredBark"],"picked":"SplendidAttire"},{"not_picked":["Painkiller Herb","hubris:Stopwatch"],"picked":"construct:ClawGrip"},{"not_picked":["infinitespire:Cupcake","Sozu","Busted Crown"]},{"not_picked":["hubris:TerracottaHorce","conspire:RoyalGoblet"],"picked":"Sandwich"},{"not_picked":["conspire:SpecialSausage","hubris:Stopwatch"],"picked":"Empty Cage"},{"not_picked":["Replay:Ancient Bell","Ring of Chaos"],"picked":"hubris:Backtick"}],"items_purged_floors":[22,65,79,98,105,107,107,122,140],"is_endless":true,"potions_floor_spawned":[4,9,13,15,16,25,27,31,33,39,42,44,49,53,56,64,71,74,83,84,92,93,95,99,101,109,110,113,117,123,124,126,129,132,138,143],"killed_by":"3 Shapes","ascension_level":0}}