{"host":"frd3amdo59hhcgxk","time":1608601062,"event":{"mods":["AchievementEnabler","Alarm Clock","BaseMod","Block Reminder","Colored Powertips","Highlight Path","Minty Spire (QoL Compilation)","Random Character Button","Rare Cards Sparkle","Relic Sorter"],"gold_per_floor":[113,124,141,141,153,153,166,166,191,203,49,9,9,28,28,126,126,126,126],"floor_reached":18,"playtime":1496,"items_purged":[],"score":177,"play_id":"59a1c8b8-e747-4788-9af9-6e3753c05a01","local_time":"20201221203742","is_ascension_mode":true,"campfire_choices":[{"floor":6,"key":"REST"},{"data":"Defragment","floor":8,"key":"SMITH"},{"floor":15,"key":"REST"}],"circlet_count":0,"master_deck":["Strike_B","Strike_B","Strike_B","Defend_B","Defend_B","Defend_B+1","Defend_B","Zap+1","Dualcast","Sweeping Beam","Conserve Battery","Loop","Fusion","Defragment+1","Aggregate","Melter+1","Fusion","Buffer"],"relics":["Cracked Core","War Paint","Ancient Tea Set","Regal Pillow"],"acts_visited":["Exordium","TheCity"],"potions_floor_usage":[16,16,16],"damage_taken":[{"damage":0,"enemies":"Cultist","floor":1,"turns":4},{"damage":0,"enemies":"Small Slimes","floor":2,"turns":2},{"damage":0,"enemies":"Jaw Worm","floor":3,"turns":3},{"damage":21,"enemies":"Exordium Thugs","floor":5,"turns":5},{"damage":4,"enemies":"Red Slaver","floor":7,"turns":3},{"damage":8,"enemies":"Blue Slaver","floor":10,"turns":3},{"damage":6,"enemies":"Exordium Wildlife","floor":14,"turns":3},{"damage":76,"enemies":"Slime Boss","floor":16,"turns":11},{"damage":79,"enemies":"3 Byrds","floor":18,"turns":4}],"seed_played":"-2716573223244559458","potions_obtained":[{"floor":2,"key":"Regen Potion"},{"floor":5,"key":"Swift Potion"},{"floor":10,"key":"PotionOfCapacity"}],"is_trial":false,"path_per_floor":["M","M","M","?","M","R","M","R","T","M","$","$","?","M","R","B",null,"M"],"character_chosen":"DEFECT","items_purchased":["Regal Pillow","Melter"],"campfire_rested":2,"item_purchase_floors":[11,12],"current_hp_per_floor":[75,75,75,75,54,75,71,71,71,63,63,63,63,57,75,14,75,0,0],"gold":126,"neow_bonus":"RANDOM_COMMON_RELIC","is_daily":false,"chose_seed":false,"campfire_upgraded":1,"win_rate":0.0,"timestamp":1608601062,"path_taken":["M","?","M","?","M","R","M","R","T","M","?","$","?","?","R","BOSS","M"],"items_purchased_type":["Relic","Card"],"build_version":"2020-12-13","purchased_purges":0,"victory":false,"max_hp_per_floor":[75,75,75,75,75,75,75,75,75,75,75,75,75,75,75,75,75,75,75],"card_choices":[{"not_picked":["Rebound","Stack"],"picked":"Sweeping Beam","floor":1},{"not_picked":["Genetic Algorithm","Barrage"],"picked":"Conserve Battery","floor":2},{"not_picked":["Conserve Battery","Gash"],"picked":"Loop","floor":3},{"not_picked":["Hologram","Rebound"],"picked":"Fusion","floor":5},{"not_picked":["Coolheaded","Sunder"],"picked":"Defragment","floor":7},{"not_picked":["Go for the Eyes","Streamline"],"picked":"Aggregate","floor":10},{"not_picked":["Fission","Reprogram"],"picked":"Fusion","floor":14},{"not_picked":["Thunder Strike","Seek"],"picked":"Buffer","floor":16}],"player_experience":441510,"relics_obtained":[{"floor":9,"key":"Ancient Tea Set"}],"event_choices":[{"cards_removed":["Strike_B"],"damage_healed":0,"gold_gain":0,"player_choice":"Offered Basic","damage_taken":0,"max_hp_gain":0,"max_hp_loss":0,"event_name":"Bonfire Elementals","floor":4,"gold_loss":0},{"damage_healed":0,"gold_gain":0,"player_choice":"Upgraded","damage_taken":0,"max_hp_gain":0,"max_hp_loss":0,"event_name":"Upgrade Shrine","floor":13,"gold_loss":0,"cards_upgraded":["Melter"]}],"is_beta":false,"boss_relics":[{"not_picked":["Runic Dome","Cursed Key","Fusion Hammer"]}],"items_purged_floors":[],"is_endless":false,"potions_floor_spawned":[2,5,10],"killed_by":"3 Byrds","ascension_level":3}}