{"host":"95i1gxnztdrdyvhi","time":1608604390,"event":{"mods":["AchievementEnabler","Act Like it!","BaseMod","Downfall","Minty Spire (QoL Compilation)","Quick Restart","StSLib"],"gold_per_floor":[99,39,53,153,172,201,201,51,65,50,76,92,107,136,146,244,294,294,308,218,218,232,232,232,248,173,193,211,244,261,261,261,261],"floor_reached":31,"playtime":2169,"items_purged":["champ:Strike"],"score":294,"play_id":"9324c4b1-9f4a-4c95-8a67-daccb9d1a2e3","local_time":"20201222023310","is_ascension_mode":false,"campfire_choices":[{"floor":1,"key":"RECALL"},{"data":"champ:GladiatorStyle","floor":8,"key":"SMITH"},{"data":"champ:PreciseThrust","floor":18,"key":"SMITH"},{"data":"champ:PreciseThrust","floor":23,"key":"SMITH"},{"data":"champ:PreciseThrust","floor":26,"key":"SMITH"}],"circlet_count":0,"master_deck":["champ:Strike","champ:Strike","champ:Strike","champ:Defend","champ:Defend","champ:Defend","champ:Defend+1","champ:Execute","champ:Taunt+1","champ:Haymaker","champ:SwordSigil","champ:FlashCut","champ:GladiatorStyle+1","champ:PreciseThrust+1","champ:PreciseThrust+1","champ:PreciseThrust+1","champ:Improvising","champ:GladiatorsShout","champ:LastStand"],"relics":["champ:ChampionCrown","Tiny Chest","StoneCalendar","downfall:HeartBlessingRed","downfall:HeartBlessingGreen","Bag of Preparation","Strawberry","Tiny House","downfall:HeartBlessingBlue","champ:DefensiveTrainingManual"],"acts_visited":["Exordium","TheCity"],"potions_floor_usage":[],"damage_taken":[{"damage":15,"enemies":"downfall:FleeingMerchant","floor":2,"turns":4},{"damage":19,"enemies":"Cultist","floor":3,"turns":4},{"damage":5,"enemies":"2 Louse","floor":5,"turns":2},{"damage":27,"enemies":"Lagavulin","floor":6,"turns":5},{"damage":5,"enemies":"Jaw Worm","floor":9,"turns":2},{"damage":2,"enemies":"downfall:FleeingMerchant","floor":10,"turns":4},{"damage":7,"enemies":"Large Slime","floor":12,"turns":5},{"damage":17,"enemies":"Lots of Slimes","floor":13,"turns":5},{"damage":15,"enemies":"Gremlin Nob","floor":14,"turns":4},{"damage":1,"enemies":"Blue Slaver","floor":15,"turns":3},{"damage":7,"enemies":"downfall:Silent","floor":16,"turns":7},{"damage":7,"enemies":"Shell Parasite","floor":19,"turns":7},{"damage":15,"enemies":"downfall:FleeingMerchant","floor":20,"turns":4},{"damage":18,"enemies":"Spheric Guardian","floor":22,"turns":6},{"damage":2,"enemies":"Shelled Parasite and Fungi","floor":25,"turns":5},{"damage":21,"enemies":"Snake Plant","floor":27,"turns":5},{"damage":7,"enemies":"Snecko","floor":28,"turns":6},{"damage":22,"enemies":"Gremlin Leader","floor":29,"turns":8},{"damage":1,"enemies":"Cultist and Chosen","floor":30,"turns":6},{"damage":19,"enemies":"Slavers","floor":31,"turns":3}],"seed_played":"-573008941980940751","potions_obtained":[{"floor":5,"key":"Dexterity Potion"},{"floor":6,"key":"CultistPotion"},{"floor":12,"key":"GamblersBrew"}],"is_trial":false,"path_per_floor":["R","$","M","?","M","E","T","R","M","$","T","M","M","E","M","B",null,"R","M","$","?","M","R","T","M","R","M","M","E","M","E"],"character_chosen":"THE_CHAMP","items_purchased":["champ:SwordSigil"],"campfire_rested":0,"item_purchase_floors":[2],"current_hp_per_floor":[90,85,76,76,76,54,54,54,49,47,47,45,33,25,24,17,102,102,95,80,80,62,62,62,60,70,54,47,25,24,5,5,5],"gold":261,"neow_bonus":"UPGRADE_CARD","is_daily":false,"chose_seed":false,"campfire_upgraded":4,"win_rate":0.0,"timestamp":1608604390,"path_taken":["R","?","M","?","?","E","T","R","M","$","?","M","M","E","M","BOSS","R","M","$","?","M","R","T","M","R","M","M","E","M","E"],"items_purchased_type":["Card"],"build_version":"2020-12-13","purchased_purges":1,"victory":false,"max_hp_per_floor":[90,90,90,90,90,90,90,90,90,90,90,90,90,97,97,97,102,102,102,102,102,102,102,102,102,112,112,112,112,112,112,112,112],"card_choices":[{"not_picked":["champ:FanOfKnives","champ:Lariat"],"picked":"champ:Haymaker","floor":2},{"not_picked":["champ:Haymaker","champ:SwordSigil"],"picked":"champ:FlashCut","floor":3},{"not_picked":["champ:FanOfKnives","champ:Encircle"],"picked":"champ:GladiatorStyle","floor":5},{"not_picked":["champ:FocusedGladiator","champ:StanceDance"],"picked":"champ:PreciseThrust","floor":6},{"not_picked":["champ:RapidStrikes","champ:RisingSlash","champ:EnragedBash"],"picked":"SKIP","floor":9},{"not_picked":["champ:SkillfulDodge","champ:Encircle"],"picked":"champ:PreciseThrust","floor":10},{"not_picked":["champ:SkillfulDodge","champ:StanceDance"],"picked":"champ:PreciseThrust","floor":12},{"not_picked":["champ:EndlessRage","champ:DefensiveStyle","champ:PerfectedStrike"],"picked":"SKIP","floor":13},{"not_picked":["champ:EndlessRage","champ:EnGarde","champ:ShieldThrow"],"picked":"SKIP","floor":14},{"not_picked":["champ:BringItOn","champ:Backstep","champ:RageSigil"],"picked":"SKIP","floor":15},{"not_picked":["champ:MurderStrike","champ:ShieldThrow"],"picked":"champ:Improvising","floor":16},{"not_picked":["champ:StanceDance","champ:BerserkersShout"],"picked":"champ:GladiatorsShout","floor":17},{"not_picked":["champ:GladiatorsShout","champ:BringItOn+1","champ:FaceSlap"],"picked":"SKIP","floor":19},{"not_picked":["champ:CrookedStrike","champ:Haymaker","champ:EnragedBash"],"picked":"SKIP","floor":20},{"not_picked":["champ:RageSigil+1","champ:BringItOn+1","champ:EnGarde+1"],"picked":"SKIP","floor":22},{"not_picked":["champ:ShieldSigil","champ:GladiatorsShout"],"picked":"champ:LastStand","floor":25},{"not_picked":["champ:SwordSigil+1","champ:FalseCounter+1","champ:Haymaker"],"picked":"SKIP","floor":27},{"not_picked":["champ:FaceSlap+1","champ:IronFortress","champ:TornadoPunch"],"picked":"SKIP","floor":28},{"not_picked":["champ:Devastate","champ:GladiatorsShout+1","champ:RageSigil"],"picked":"SKIP","floor":29},{"not_picked":["champ:TornadoPunch+1","champ:RisingSlash+1","champ:BladeFlurry+1"],"picked":"SKIP","floor":30}],"player_experience":782809,"relics_obtained":[{"floor":6,"key":"Tiny Chest"},{"floor":7,"key":"StoneCalendar"},{"floor":11,"key":"Bag of Preparation"},{"floor":14,"key":"Strawberry"},{"floor":29,"key":"champ:DefensiveTrainingManual"}],"event_choices":[{"damage_healed":0,"gold_gain":0,"player_choice":"Ignored","damage_taken":0,"max_hp_gain":0,"max_hp_loss":0,"event_name":"Ghosts","floor":21,"gold_loss":0}],"is_beta":false,"boss_relics":[{"not_picked":["Philosopher\u0027s Stone","Snecko Eye"],"picked":"Tiny House"}],"items_purged_floors":[20],"is_endless":false,"potions_floor_spawned":[5,6,12,14,22,28,29,30],"killed_by":"Slavers","ascension_level":0}}