{"host":"girf3bnli6r7x4ah","time":1608665583,"event":{"mods":["2.2 Compatiblity","AchievementEnabler","BaseMod","Colored Map","DeckTracker","Highlight Path","Minty Spire (QoL Compilation)","Random Character Button","Rare Cards Sparkle"],"gold_per_floor":[99,109,109,126,126,162,162,193,217,240,95,109,109,134,134,259,259,277,547,562,110,126,126,87,87,87,87,110,124,142,142,142,142,142],"floor_reached":33,"playtime":1951,"items_purged":[],"score":340,"play_id":"b5371f8f-5684-4703-ab57-1a8c2133b60f","local_time":"20201222203303","is_ascension_mode":true,"campfire_choices":[{"floor":7.0,"key":"REST"},{"floor":13.0,"key":"RECALL"},{"data":"Inflame","floor":15.0,"key":"SMITH"},{"data":"Infernal Blade","floor":23.0,"key":"SMITH"},{"data":"Metallicize","floor":25.0,"key":"SMITH"},{"data":"Infernal Blade","floor":32.0,"key":"SMITH"}],"circlet_count":0,"master_deck":["Strike_R","Strike_R","Strike_R","Strike_R","Strike_R","Defend_R","Defend_R+1","Defend_R","Defend_R+1","Bash","Armaments","Infernal Blade+1","Twin Strike","Inflame+1","Infernal Blade+1","Hemokinesis","Juggernaut","Clothesline+1","Clash","Dual Wield+1","Metallicize+1","Iron Wave+1","Searing Blow+1","Reckless Charge+1"],"relics":["Burning Blood","NeowsBlessing","Golden Idol","MealTicket","Pen Nib","Sozu","Strange Spoon","Mango","Pocketwatch","Nloth\u0027s Gift"],"acts_visited":["Exordium","TheCity"],"potions_floor_usage":[],"damage_taken":[{"damage":0.0,"enemies":"Small Slimes","floor":1.0,"turns":1.0},{"damage":0.0,"enemies":"Jaw Worm","floor":2.0,"turns":1.0},{"damage":0.0,"enemies":"Cultist","floor":4.0,"turns":1.0},{"damage":41.0,"enemies":"Lagavulin","floor":6.0,"turns":9.0},{"damage":6.0,"enemies":"Gremlin Nob","floor":8.0,"turns":3.0},{"damage":10.0,"enemies":"3 Louse","floor":10.0,"turns":4.0},{"damage":21.0,"enemies":"Gremlin Gang","floor":12.0,"turns":5.0},{"damage":1.0,"enemies":"Exordium Thugs","floor":14.0,"turns":3.0},{"damage":8.0,"enemies":"Slime Boss","floor":16.0,"turns":5.0},{"damage":22.0,"enemies":"Shell Parasite","floor":18.0,"turns":5.0},{"damage":1.0,"enemies":"Chosen","floor":20.0,"turns":4.0},{"damage":11.0,"enemies":"Snake Plant","floor":22.0,"turns":3.0},{"damage":6.0,"enemies":"Cultist and Chosen","floor":28.0,"turns":5.0},{"damage":19.0,"enemies":"Centurion and Healer","floor":29.0,"turns":4.0},{"damage":19.0,"enemies":"Snake Plant","floor":30.0,"turns":4.0},{"damage":74,"enemies":"Champ","floor":33,"turns":8}],"seed_played":"-8295419289490143670","potions_obtained":[{"floor":2.0,"key":"Dexterity Potion"},{"floor":6.0,"key":"Weak Potion"},{"floor":12.0,"key":"AttackPotion"},{"floor":14.0,"key":"DistilledChaos"}],"is_trial":false,"path_per_floor":["M","M","?","M","?","E","R","E","T","M","$","M","R","M","R","B",null,"M","?","M","$","M","R","$","R","T","?","M","M","M","$","R","B"],"character_chosen":"IRONCLAD","items_purchased":["Pen Nib","Strange Spoon","Mango","Metallicize"],"campfire_rested":1,"item_purchase_floors":[11,21,21,24],"current_hp_per_floor":[80,80,64,70,70,35,57,62,62,58,73,58,58,68,68,71,74,58,31,36,65,60,60,75,75,75,75,75,62,49,64,64,0,0],"gold":142,"neow_bonus":"THREE_ENEMY_KILL","is_daily":false,"chose_seed":false,"campfire_upgraded":4,"win_rate":0.0,"timestamp":1608665583,"path_taken":["M","M","?","M","?","E","R","E","T","M","$","M","R","M","R","BOSS","M","?","M","$","?","R","$","R","T","?","M","M","?","?","R","BOSS"],"items_purchased_type":["Relic","Relic","Relic","Card"],"build_version":"2020-12-13","purchased_purges":0,"victory":false,"max_hp_per_floor":[80,80,80,80,74,74,74,74,74,74,74,74,74,74,74,74,74,74,74,74,88,88,88,88,88,88,88,88,88,88,88,88,88,88],"card_choices":[{"not_picked":["Wild Strike","Feel No Pain"],"picked":"Armaments","floor":1.0},{"not_picked":["Armaments","Shrug It Off"],"picked":"Infernal Blade","floor":2.0},{"not_picked":["Shrug It Off","Dark Embrace","Heavy Blade"],"picked":"SKIP","floor":4.0},{"not_picked":["Brutality","Perfected Strike"],"picked":"Twin Strike","floor":6.0},{"not_picked":["Burning Pact","Pommel Strike"],"picked":"Inflame","floor":8.0},{"not_picked":["Dual Wield","Shrug It Off"],"picked":"Infernal Blade","floor":10.0},{"not_picked":["Warcry","Heavy Blade"],"picked":"Hemokinesis","floor":12.0},{"not_picked":["Clothesline","Warcry","Iron Wave"],"picked":"SKIP","floor":14.0},{"not_picked":["Reaper","Impervious"],"picked":"Juggernaut","floor":16.0},{"not_picked":["Second Wind+1","Armaments"],"picked":"Clothesline+1","floor":18.0},{"not_picked":["Iron Wave","Sword Boomerang"],"picked":"Clash","floor":20.0},{"not_picked":["Clash","Heavy Blade"],"picked":"Dual Wield+1","floor":22.0},{"not_picked":["Brutality","Sword Boomerang"],"picked":"Iron Wave+1","floor":28.0},{"not_picked":["Offering","True Grit"],"picked":"Searing Blow+1","floor":29.0},{"not_picked":["Dual Wield","Sword Boomerang+1"],"picked":"Reckless Charge+1","floor":30.0}],"player_experience":71639,"relics_obtained":[{"floor":6.0,"key":"Toy Ornithopter"},{"floor":8.0,"key":"MealTicket"},{"floor":26.0,"key":"Pocketwatch"}],"event_choices":[{"damage_healed":0.0,"max_hp_gain":0.0,"max_hp_loss":0.0,"gold_gain":0.0,"event_name":"Shining Light","player_choice":"Entered Light","floor":3.0,"gold_loss":0.0,"damage_taken":16.0,"cards_upgraded":["Defend_R","Defend_R"]},{"damage_healed":0.0,"max_hp_gain":0.0,"max_hp_loss":6.0,"gold_gain":0.0,"event_name":"Golden Idol","player_choice":"Lose Max HP","floor":5.0,"gold_loss":0.0,"damage_taken":0.0,"relics_obtained":["Golden Idol"]},{"damage_healed":0.0,"max_hp_gain":0.0,"max_hp_loss":0.0,"gold_gain":270.0,"event_name":"Knowing Skull","player_choice":"GOLD GOLD GOLD ","floor":19.0,"potions_obtained":[],"gold_loss":0.0,"damage_taken":27.0,"cards_obtained":[]},{"damage_healed":0.0,"max_hp_gain":0.0,"max_hp_loss":0.0,"gold_gain":0.0,"event_name":"N\u0027loth","player_choice":"Traded Relic","floor":27.0,"relics_lost":["Toy Ornithopter"],"gold_loss":0.0,"damage_taken":0.0,"relics_obtained":["Nloth\u0027s Gift"]}],"is_beta":false,"boss_relics":[{"not_picked":["Busted Crown","Ectoplasm"],"picked":"Sozu"}],"items_purged_floors":[],"is_endless":false,"potions_floor_spawned":[2,6,12,14,20,22,30],"killed_by":"Champ","ascension_level":2}}