{"host":"yn17ruofed46ymbq","time":1608596564,"event":{"mods":["AchievementEnabler","BaseMod","Block Reminder","Colored Map","Colored Powertips","DeckTracker","Googly Eyes","Highlight Path","Keyboard Shortcuts","Minty Spire (QoL Compilation)","Permanent Neow","Quick Restart","Rare Cards Sparkle","Relic Stats","SuperFastMode","everything is the same but u backflip on backflip","slay the spire mod where everything is the same but ironclad has a cowboy hat"],"gold_per_floor":[111,129,149,167,187,187,238,238,238,252,268,282,282,297,297,394,394,414,414,469,488,488,488,488],"floor_reached":23,"playtime":805,"items_purged":[],"score":256,"play_id":"28e494bf-c2ec-4fd7-8af4-b65c2b33587b","local_time":"20201222092244","is_ascension_mode":true,"campfire_choices":[{"floor":6,"key":"REST"},{"data":"Pommel Strike","floor":8,"key":"SMITH"},{"data":"Dark Embrace","floor":15,"key":"SMITH"}],"circlet_count":0,"master_deck":["Strike_R","Strike_R","Defend_R","Defend_R","Bash","Shockwave","Pommel Strike+1","Dark Embrace+1","Perfected Strike","Headbutt","Flex","Anger","Uppercut","Armaments+1","Disarm+1","Impervious+1","Immolate","Shrug It Off+1","Combust+1","Bludgeon","Clothesline"],"relics":["Burning Blood","Singing Bowl","Toxic Egg 2","GremlinMask","Empty Cage","Tiny Chest"],"acts_visited":["Exordium","TheCity"],"potions_floor_usage":[7,7,18,21],"damage_taken":[{"damage":6,"enemies":"Cultist","floor":1,"turns":3},{"damage":5,"enemies":"Small Slimes","floor":2,"turns":4},{"damage":8,"enemies":"Jaw Worm","floor":3,"turns":5},{"damage":25,"enemies":"Lots of Slimes","floor":4,"turns":6},{"damage":12,"enemies":"2 Fungi Beasts","floor":5,"turns":3},{"damage":15,"enemies":"3 Sentries","floor":7,"turns":4},{"damage":14,"enemies":"3 Louse","floor":10,"turns":3},{"damage":8,"enemies":"Looter","floor":11,"turns":2},{"damage":0,"enemies":"2 Fungi Beasts","floor":12,"turns":2},{"damage":13,"enemies":"3 Louse","floor":14,"turns":3},{"damage":29,"enemies":"Hexaghost","floor":16,"turns":12},{"damage":33,"enemies":"Shell Parasite","floor":18,"turns":7},{"damage":22,"enemies":"Spheric Guardian","floor":21,"turns":6},{"damage":48,"enemies":"Gremlin Leader","floor":23,"turns":8}],"seed_played":"5519582346937349065","potions_obtained":[{"floor":2,"key":"Strength Potion"},{"floor":3,"key":"SpeedPotion"},{"floor":5,"key":"ColorlessPotion"},{"floor":12,"key":"BlessingOfTheForge"},{"floor":21,"key":"BloodPotion"}],"is_trial":false,"path_per_floor":["M","M","M","M","M","R","E","R","T","M","M","M","?","M","R","B",null,"M","?","T","M","?","E"],"character_chosen":"IRONCLAD","items_purchased":[],"campfire_rested":1,"item_purchase_floors":[],"current_hp_per_floor":[72,73,71,52,46,70,61,61,61,53,51,57,57,50,50,27,67,40,40,40,40,40,0,0],"gold":488,"neow_bonus":"TRANSFORM_CARD","is_daily":false,"chose_seed":false,"campfire_upgraded":2,"win_rate":0.0,"timestamp":1608596564,"path_taken":["M","?","M","M","M","R","E","R","T","M","M","M","?","?","R","BOSS","M","?","?","?","?","E"],"items_purchased_type":[],"build_version":"2020-12-13","purchased_purges":0,"victory":false,"max_hp_per_floor":[80,80,80,80,80,80,80,80,80,80,80,80,80,80,80,80,80,80,80,80,80,80,80,80],"relic_stats":{"Singing Bowl":0,"counters":[14,68],"Tiny Chest":0,"obtain_stats":[{"Singing Bowl":7,"GremlinMask":13,"Tiny Chest":20,"Toxic Egg 2":9,"Empty Cage":17,"Burning Blood":0},{"Singing Bowl":6,"GremlinMask":9,"Tiny Chest":12,"Toxic Egg 2":6,"Empty Cage":11,"Burning Blood":0},{"Singing Bowl":25,"GremlinMask":32,"Tiny Chest":54,"Toxic Egg 2":25,"Empty Cage":47,"Burning Blood":0}],"Burning Blood":78},"card_choices":[{"not_picked":["Iron Wave","Perfected Strike"],"picked":"Pommel Strike","floor":1},{"not_picked":["Heavy Blade","Havoc"],"picked":"Dark Embrace","floor":2},{"not_picked":["Iron Wave","Combust"],"picked":"Perfected Strike","floor":3},{"not_picked":["Flex","True Grit"],"picked":"Headbutt","floor":4},{"not_picked":["Pommel Strike","Intimidate"],"picked":"Flex","floor":5},{"not_picked":["Searing Blow","Feel No Pain"],"picked":"Anger","floor":7},{"not_picked":["Clothesline","Wild Strike"],"picked":"Uppercut","floor":10},{"not_picked":["Body Slam","True Grit+1"],"picked":"Armaments+1","floor":11},{"not_picked":["True Grit+1","Perfected Strike"],"picked":"Disarm+1","floor":12},{"not_picked":["Rampage","Shockwave+1"],"picked":"Impervious+1","floor":14},{"not_picked":["Brutality","Fiend Fire"],"picked":"Immolate","floor":16},{"not_picked":["Sword Boomerang","Thunderclap+1"],"picked":"Shrug It Off+1","floor":18},{"not_picked":["Clash","Sword Boomerang+1"],"picked":"Combust+1","floor":21}],"player_experience":424283,"relics_obtained":[{"floor":7,"key":"Singing Bowl"},{"floor":9,"key":"Toxic Egg 2"},{"floor":20,"key":"Tiny Chest"}],"event_choices":[{"damage_healed":0,"gold_gain":0,"player_choice":"Trade","damage_taken":0,"relics_obtained":["GremlinMask"],"max_hp_gain":0,"max_hp_loss":0,"event_name":"FaceTrader","floor":13,"gold_loss":0},{"damage_healed":0,"gold_gain":0,"player_choice":"Ignored","damage_taken":0,"max_hp_gain":0,"max_hp_loss":0,"event_name":"Ghosts","floor":19,"gold_loss":0},{"damage_healed":0,"gold_gain":0,"cards_transformed":["Strike_R","Defend_R"],"player_choice":"Became Test Subject","damage_taken":0,"max_hp_gain":0,"max_hp_loss":0,"event_name":"Drug Dealer","floor":22,"gold_loss":0,"cards_obtained":["Bludgeon","Clothesline"]}],"is_beta":false,"boss_relics":[{"not_picked":["SlaversCollar","Sozu"],"picked":"Empty Cage"}],"items_purged_floors":[],"is_endless":false,"potions_floor_spawned":[2,3,5,12,21],"killed_by":"Gremlin Leader","ascension_level":6}}