{"host":"kw4o7b3ro2ktmmbe","time":1608633327,"event":{"mods":["BaseMod","Koishi","Minty Spire (QoL Compilation)","StSLib","Treasure Hunter"],"gold_per_floor":[155,155,121,121,132,132,132,132,202,217,243,243,243,243],"floor_reached":13,"playtime":709,"items_purged":[],"score":71,"play_id":"fabe6b9c-eeab-437f-8975-cfac79096d32","local_time":"20201222233527","is_ascension_mode":false,"campfire_choices":[{"data":"Koishi:GhostParty","floor":6,"key":"SMITH"},{"data":"Koishi:Provoke","floor":8,"key":"SMITH"},{"data":"TH:ElvenBoots","floor":12,"key":"SMITH"}],"circlet_count":0,"master_deck":["Koishi:BasicStrike","Koishi:BasicStrike","Koishi:BasicStrike","Koishi:BasicStrike","Koishi:BasicDefend","Koishi:BasicDefend","Koishi:BasicDefend","Koishi:Provoke+1","Koishi:HauntingSlash","Koishi:GhostParty+1","Koishi:UnconsciousUrges","TH:ElvenBoots+1","TH:ArmorSpikes"],"relics":["Coffee Dripper","Koishi:BloodstainedWhiteRose","Sundial","Regal Pillow"],"acts_visited":["Exordium"],"potions_floor_usage":[],"damage_taken":[{"damage":0,"enemies":"Small Slimes","floor":1,"turns":3},{"damage":1,"enemies":"2 Louse","floor":5,"turns":6},{"damage":5,"enemies":"Cultist","floor":10,"turns":8},{"damage":22,"enemies":"3 Sentries","floor":13,"turns":6}],"seed_played":"1696021218143635457","potions_obtained":[{"floor":1,"key":"GamblersBrew"}],"is_trial":false,"path_per_floor":["M","?","$","?","M","R","?","R","T","M","T","R","E"],"character_chosen":"KOISHI","items_purchased":["Koishi:UnconsciousUrges"],"campfire_rested":0,"item_purchase_floors":[3],"current_hp_per_floor":[60,60,60,60,60,60,60,60,60,60,60,60,38,38],"gold":243,"neow_bonus":"BOSS_RELIC","is_daily":false,"chose_seed":false,"campfire_upgraded":3,"win_rate":0.0,"timestamp":1608633327,"path_taken":["M","?","$","?","?","R","?","R","T","?","?","R","E"],"items_purchased_type":["Card"],"build_version":"2020-12-13","purchased_purges":0,"victory":false,"max_hp_per_floor":[60,60,60,60,60,60,60,60,60,60,60,60,60,60],"card_choices":[{"not_picked":["Koishi:SprinkleStarAndHeart","Koishi:DreadfulBlow"],"picked":"Koishi:GhostParty","floor":1},{"not_picked":["Koishi:PhantomStrike","Koishi:HeartfeltFancy","Koishi:DreadfulBlow"],"picked":"SKIP","floor":5},{"not_picked":["TH:EnergyPotion"],"picked":"TH:ElvenBoots","floor":9},{"not_picked":["Koishi:GhostParty","Koishi:PhantomStrike","Koishi:SprinkleStarAndHeart"],"picked":"SKIP","floor":10},{"not_picked":["TH:ElvenBoots"],"picked":"TH:ArmorSpikes","floor":11}],"player_experience":1755132,"relics_obtained":[{"floor":9,"key":"Sundial"},{"floor":11,"key":"Regal Pillow"}],"event_choices":[{"damage_healed":0,"gold_gain":0,"player_choice":"Leave","damage_taken":0,"max_hp_gain":0,"max_hp_loss":0,"event_name":"The Cleric","floor":2,"gold_loss":0},{"cards_removed":["Koishi:BasicDefend"],"damage_healed":0,"gold_gain":0,"player_choice":"Offered Basic","damage_taken":0,"max_hp_gain":0,"max_hp_loss":0,"event_name":"Bonfire Elementals","floor":4,"gold_loss":0},{"damage_healed":0,"gold_gain":0,"player_choice":"Gave Potion","damage_taken":0,"relics_obtained":["Koishi:BloodstainedWhiteRose"],"max_hp_gain":0,"max_hp_loss":0,"event_name":"WeMeetAgain","floor":7,"gold_loss":0}],"is_beta":false,"boss_relics":[],"items_purged_floors":[],"is_endless":false,"potions_floor_spawned":[1],"killed_by":"3 Sentries","ascension_level":0}}