{"host":"xyexbe31ku0ov20l","time":1608605729,"event":{"mods":["AchievementEnabler","AlwaysNeverKeys","BaseMod","Bestiary","Block Reminder","Colored Map","Colored Powertips","Curses Come First","Displayed Cursed Tome","Minty Spire (QoL Compilation)","Permanent Neow","Quick Restart","Random Character Button","Rare Cards Sparkle","Relic Stats","StSLib"],"gold_per_floor":[117,135,135,135,310,13,13,13],"floor_reached":7,"playtime":236,"items_purged":[],"score":59,"play_id":"231eaaaa-0e93-4a3d-9e80-3b442aa1f252","local_time":"20201221185529","is_ascension_mode":true,"campfire_choices":[],"circlet_count":0,"master_deck":["AscendersBane","Strike_R","Strike_R","Strike_R","Strike_R","Strike_R","Defend_R","Defend_R","Defend_R","Defend_R","Bash","Feed","Wild Strike","Thunderclap","Doubt"],"relics":["Burning Blood","Lantern","Thread and Needle"],"acts_visited":["Exordium"],"potions_floor_usage":[],"damage_taken":[{"damage":10,"enemies":"Cultist","floor":1,"turns":4},{"damage":5,"enemies":"Small Slimes","floor":2,"turns":3},{"damage":68,"enemies":"Lagavulin","floor":7,"turns":10}],"seed_played":"4886683424348704235","potions_obtained":[{"floor":2,"key":"Energy Potion"}],"is_trial":false,"path_per_floor":["M","M","?","?","?","$","E"],"character_chosen":"IRONCLAD","items_purchased":["Thread and Needle"],"campfire_rested":0,"item_purchase_floors":[6],"current_hp_per_floor":[68,72,72,60,60,60,0,0],"gold":13,"neow_bonus":"THREE_RARE_CARDS","is_daily":false,"chose_seed":false,"campfire_upgraded":0,"win_rate":0.0,"timestamp":1608605729,"path_taken":["M","M","?","?","?","$","E"],"items_purchased_type":["Relic"],"build_version":"2020-12-13","purchased_purges":0,"victory":false,"max_hp_per_floor":[80,83,83,83,83,83,83,83],"relic_stats":{"counters":[3,17],"obtain_stats":[{"Lantern":4,"Thread and Needle":6,"Burning Blood":0},{"Lantern":2,"Thread and Needle":2,"Burning Blood":0},{"Lantern":7,"Thread and Needle":7,"Burning Blood":0}],"Burning Blood":12},"card_choices":[{"not_picked":["Limit Break","Berserk"],"picked":"Feed","floor":0},{"not_picked":["Hemokinesis","Second Wind"],"picked":"Wild Strike","floor":1},{"not_picked":["Headbutt","Flex"],"picked":"Thunderclap","floor":2}],"player_experience":2272347,"relics_obtained":[],"event_choices":[{"cards_removed":["Shame"],"damage_healed":0,"gold_gain":0,"player_choice":"Forget","damage_taken":0,"max_hp_gain":0,"max_hp_loss":0,"event_name":"Living Wall","floor":3,"gold_loss":0},{"damage_healed":0,"gold_gain":0,"player_choice":"Success","damage_taken":12,"relics_obtained":["Lantern"],"max_hp_gain":0,"max_hp_loss":0,"event_name":"Scrap Ooze","floor":4,"gold_loss":0},{"damage_healed":0,"gold_gain":175,"player_choice":"AGREE","damage_taken":0,"max_hp_gain":0,"max_hp_loss":0,"event_name":"Liars Game","floor":5,"gold_loss":0,"cards_obtained":["Doubt"]}],"is_beta":false,"boss_relics":[],"items_purged_floors":[],"is_endless":false,"potions_floor_spawned":[2],"killed_by":"Lagavulin","ascension_level":10}}