{"host":"y56d1fjpgcjsodvy","time":1608629578,"event":{"mods":["BaseMod","Colored Powertips","GifTheSpireLib","Highlight Path","Minty Spire (QoL Compilation)","StSLib","SuperFastMode","everything is the same but u backflip on backflip"],"gold_per_floor":[111,111,36,57,57,101,117,130,130,130,144,182,182,220,220,220,220],"floor_reached":16,"playtime":293,"items_purged":[],"score":290,"play_id":"8ce87b22-4202-4655-8be9-f699700ba6dd","local_time":"20201222183258","is_ascension_mode":true,"campfire_choices":[{"floor":10,"key":"REST"},{"floor":13,"key":"REST"},{"data":"Accuracy","floor":15,"key":"SMITH"}],"circlet_count":0,"master_deck":["AscendersBane","Strike_G","Strike_G","Strike_G","Strike_G","Strike_G","Defend_G","Defend_G+1","Defend_G+1","Defend_G","Survivor","Neutralize","Quick Slash","Tactician","Infinite Blades","Escape Plan","Phantasmal Killer","Accuracy+1","Infinite Blades","Footwork"],"relics":["Ring of the Snake","NeowsBlessing","Golden Idol","Bag of Preparation","Nunchaku","White Beast Statue","Paper Crane"],"acts_visited":["Exordium"],"potions_floor_usage":[12,14,16,16],"damage_taken":[{"damage":0,"enemies":"Jaw Worm","floor":1,"turns":1},{"damage":0,"enemies":"Small Slimes","floor":4,"turns":1},{"damage":0,"enemies":"3 Sentries","floor":6,"turns":1},{"damage":0,"enemies":"2 Louse","floor":7,"turns":3},{"damage":0,"enemies":"Looter","floor":8,"turns":4},{"damage":9,"enemies":"Blue Slaver","floor":11,"turns":4},{"damage":1,"enemies":"Lagavulin","floor":12,"turns":5},{"damage":8,"enemies":"Gremlin Nob","floor":14,"turns":4},{"damage":38,"enemies":"Hexaghost","floor":16,"turns":9}],"seed_played":"-8369638547244736597","potions_obtained":[{"floor":4,"key":"PowerPotion"},{"floor":7,"key":"AttackPotion"},{"floor":11,"key":"GhostInAJar"},{"floor":12,"key":"Swift Potion"},{"floor":14,"key":"ColorlessPotion"}],"is_trial":false,"path_per_floor":["M","?","?","M","?","E","M","M","T","R","M","E","R","E","R","B"],"character_chosen":"THE_SILENT","items_purchased":[],"campfire_rested":2,"item_purchase_floors":[],"current_hp_per_floor":[59,36,36,36,16,16,16,16,16,35,26,25,44,36,36,0,0],"gold":220,"neow_bonus":"THREE_ENEMY_KILL","is_daily":false,"chose_seed":false,"campfire_upgraded":1,"win_rate":0.0,"timestamp":1608629578,"path_taken":["M","?","?","M","?","E","M","M","T","R","M","E","R","E","R","BOSS"],"items_purchased_type":[],"build_version":"2020-12-13","purchased_purges":0,"victory":false,"max_hp_per_floor":[66,66,66,66,66,66,66,66,66,66,66,66,66,66,66,66,66],"card_choices":[{"not_picked":["Bane","Dodge and Roll"],"picked":"Quick Slash","floor":1},{"not_picked":["Sucker Punch","Cloak And Dagger"],"picked":"Tactician","floor":4},{"not_picked":["Flying Knee","Distraction"],"picked":"Infinite Blades","floor":6},{"not_picked":["PiercingWail","Underhanded Strike"],"picked":"Escape Plan","floor":7},{"not_picked":["Dodge and Roll","PiercingWail"],"picked":"Phantasmal Killer","floor":8},{"not_picked":["Poisoned Stab","Dodge and Roll"],"picked":"Accuracy","floor":11},{"not_picked":["Envenom","Dagger Spray"],"picked":"Infinite Blades","floor":12},{"not_picked":["Acrobatics","Predator"],"picked":"Footwork","floor":14}],"player_experience":1174491,"relics_obtained":[{"floor":6,"key":"Bag of Preparation"},{"floor":9,"key":"Nunchaku"},{"floor":12,"key":"White Beast Statue"},{"floor":14,"key":"Paper Crane"}],"event_choices":[{"damage_healed":0,"gold_gain":0,"player_choice":"Take Damage","damage_taken":23,"relics_obtained":["Golden Idol"],"max_hp_gain":0,"max_hp_loss":0,"event_name":"Golden Idol","floor":2,"gold_loss":0},{"cards_removed":["Defend_G"],"damage_healed":0,"gold_gain":0,"player_choice":"Card Removal","damage_taken":0,"max_hp_gain":0,"max_hp_loss":0,"event_name":"The Cleric","floor":3,"gold_loss":75},{"damage_healed":0,"gold_gain":0,"player_choice":"Entered Light","damage_taken":20,"max_hp_gain":0,"max_hp_loss":0,"event_name":"Shining Light","floor":5,"gold_loss":0,"cards_upgraded":["Defend_G","Defend_G"]}],"is_beta":false,"boss_relics":[],"items_purged_floors":[],"is_endless":false,"potions_floor_spawned":[4,7,11,12,14],"killed_by":"Hexaghost","ascension_level":20}}