{"host":"373g0ui1bgeshz9m","time":1608674312,"event":{"mods":["Act Like it!","Aspiration","BaseMod","Beaked The Cultist","Better Third Choice","Colored Map","Conspire","Downfall","Halation","Hermit","Hubris","Infinite Spire","Jorbs\u0027s Wanderer Trilogy","Minty Spire (QoL Compilation)","Pale of the Ancients","Permanent Neow","Quick Restart","Replay The Spire","Shade Mod","Shop Mod","Spikes Relics","StSLib","The Animator","The Bladedancer","The Bug Knight","The Construct","The Cursed","The Factory","The Florist","The Judge","The Jungle","The Necromancer","The Sage","The Wild Card","Trackpad","vexMod"],"gold_per_floor":[116,130,130,205,205,205,222,247,247,266,282,282,316,129,129,225,225,236,236,161,161,86,86,118,118,118,118,145,145,158,158,158,257,257,284,284,244,274,274,274],"floor_reached":39,"playtime":1893,"items_purged":[],"score":652,"play_id":"d76cb57d-eb78-484b-941f-ca70ca5c2354","local_time":"20201222165832","is_ascension_mode":true,"campfire_choices":[{"data":"Whirlwind","floor":6.0,"key":"SMITH"},{"data":"Summon_Undead","floor":12.0,"key":"SMITH"},{"data":"Pummel","floor":15.0,"key":"SMITH"},{"data":"Requiem","floor":23.0,"key":"SMITH"},{"data":"Sadistic Nature","floor":32.0,"key":"SMITH"}],"circlet_count":0,"master_deck":["Strike_W+1","Strike_W+1","Strike_W+1","Strike_W+1","Defend_W+1","Defend_W+1","Defend_W+1","Defend_W+1","Negative_Energy_Arrows+1","Bone_Wall","Whirlwind+1","Blood_Curse","Necrotic_Claws","Pummel+1","Summon_Undead+1","Hellfire","Sadistic Nature+1","Requiem+1","Plague_Bolt","Stop_Heart","Summon_Undead","Slay_Living+1","Vampiric_Strike","Summon_Vampire_Lady"],"relics":["Vampire_Amulet","aspiration:Nostalgia","m_GuardianBlood","halation:EternalFortune","Replay:Ringing Soul","infinitespire:WardingShard","trackpad:WindUpAutoDealer","vexMod:BigBerry","aspiration:StickyExplosives_weak","hubris:Icosahedron","infinitespire:CheckeredPen","halation:PinkSoulGem","PreservedInsect","BrokenLever","infinitespire:EvilPickle","halation:PapillonHeart"],"acts_visited":["Exordium","TheCity","TheBeyond"],"potions_floor_usage":[],"damage_taken":[{"damage":4.0,"enemies":"2 Louse","floor":1.0,"turns":3.0},{"damage":2.0,"enemies":"Jaw Worm","floor":2.0,"turns":5.0},{"damage":2.0,"enemies":"Small Slimes","floor":7.0,"turns":3.0},{"damage":8.0,"enemies":"Gremlin Nob","floor":8.0,"turns":4.0},{"damage":10.0,"enemies":"Blue Slaver","floor":10.0,"turns":3.0},{"damage":3.0,"enemies":"Red Slaver","floor":11.0,"turns":3.0},{"damage":19.0,"enemies":"Lagavulin","floor":13.0,"turns":6.0},{"damage":42.0,"enemies":"Hexaghost","floor":16.0,"turns":7.0},{"damage":35.0,"enemies":"2 Thieves","floor":18.0,"turns":4.0},{"damage":48.0,"enemies":"Gremlin Leader","floor":24.0,"turns":6.0},{"damage":5.0,"enemies":"Book of Stabbing","floor":28.0,"turns":4.0},{"damage":7.0,"enemies":"3 Byrds","floor":30.0,"turns":4.0},{"damage":22.0,"enemies":"Pondfish","floor":33.0,"turns":12.0},{"damage":15.0,"enemies":"Orb Walker","floor":35.0,"turns":4.0},{"damage":49.0,"enemies":"3 Darklings","floor":38.0,"turns":4.0},{"damage":0,"enemies":"Transient","floor":39,"turns":1}],"seed_played":"-652007638581040343","potions_obtained":[{"floor":7.0,"key":"Guardian:BlockOnCardUsePotion"},{"floor":10.0,"key":"Elixir"},{"floor":11.0,"key":"FairyPotion"}],"is_trial":false,"path_per_floor":["M","M","?","?","?","R","M","E","T","M","M","R","E","$","R","B",null,"M","?","$","?","$","R","E","?","T","?","E","AVR","M","?","R","B",null,"M","?","?","M","M"],"character_chosen":"NECROMANCER","items_purchased":["Sadistic Nature","Stop_Heart","Summon_Undead"],"campfire_rested":0,"item_purchase_floors":[14,20,22],"current_hp_per_floor":[75,75,78,67,75,75,78,81,81,79,84,84,79,82,82,54,129,107,107,110,110,113,113,95,95,95,95,101,101,109,109,109,104,147,143,142,142,104,104,104],"gold":274,"neow_bonus":"NOSTALGIA","is_daily":false,"chose_seed":false,"campfire_upgraded":5,"win_rate":0.0,"timestamp":1608674312,"path_taken":["M","M","?","?","?","R","M","E","T","M","M","R","E","$","R","BOSS","M","?","$","?","?","R","E","?","T","?","E","AVR","M","?","R","BOSS","M","?","?","M","?"],"items_purchased_type":["Card","Card","Card"],"build_version":"2020-12-13","purchased_purges":0,"victory":false,"max_hp_per_floor":[75,75,78,78,78,78,78,81,81,81,84,84,90,93,93,99,129,132,132,135,135,138,138,138,138,138,138,141,141,144,144,144,147,147,150,142,142,142,142,142],"card_choices":[{"not_picked":["Negative_Energy_Mist","Finger_Of_Death"],"picked":"Whirlwind","floor":1.0},{"not_picked":["Flesh_Made_Foul","Bones_to_Steel"],"picked":"Blood_Curse","floor":2.0},{"not_picked":["Spot Weakness","Twin Strike"],"picked":"Necrotic_Claws","floor":7.0},{"not_picked":["Cloudkill","Negative_Energy_Sphere"],"picked":"Pummel","floor":8.0},{"not_picked":["Pandemic","Death_Coil","Blood_Whip"],"picked":"SKIP","floor":10.0},{"not_picked":["Body Slam","Summon_Undead_Army"],"picked":"Summon_Undead","floor":11.0},{"not_picked":["Guardian:Gem_Red","Guardian:GuardianWhirl"],"picked":"Hellfire","floor":13.0},{"not_picked":["Negative_Energy_Bomb","Skeleton_Dragon"],"picked":"Requiem","floor":16.0},{"not_picked":["Bone_Bullets+1","Blood_Curse"],"picked":"Plague_Bolt","floor":18.0},{"not_picked":["Chill_Blood+1","Negative_Energy_Shield","Necromantic_Selection"],"picked":"SKIP","floor":24.0},{"not_picked":["Death_Coil","Bone_Prison+1"],"picked":"Slay_Living","floor":28.0},{"not_picked":["Bone_Armor","Consume_Illness"],"picked":"Vampiric_Strike","floor":30.0},{"not_picked":["Cloudkill","Summon_Death_Knight"],"picked":"Summon_Vampire_Lady","floor":33.0},{"not_picked":["Bone_Armor","Finger_Of_Death","Bone_Armory+1"],"picked":"SKIP","floor":35.0},{"not_picked":["Death_Coil","Stop_Heart","Death_Knell"],"picked":"SKIP","floor":38.0}],"player_experience":317254,"relics_obtained":[{"floor":8.0,"key":"Replay:Ringing Soul"},{"floor":9.0,"key":"infinitespire:WardingShard"},{"floor":13.0,"key":"halation:EternalFortune"},{"floor":13.0,"key":"trackpad:WindUpAutoDealer"},{"floor":16.0,"key":"halation:EternalFortune"},{"floor":24.0,"key":"aspiration:StickyExplosives_weak"},{"floor":26.0,"key":"infinitespire:CheckeredPen"},{"floor":28.0,"key":"PreservedInsect"},{"floor":35.0,"key":"halation:EternalFortune"}],"event_choices":[{"damage_healed":0.0,"max_hp_gain":0.0,"max_hp_loss":0.0,"gold_gain":75.0,"event_name":"betterThird:BetterGoop","player_choice":"Gold","floor":4.0,"gold_loss":0.0,"damage_taken":11.0},{"damage_healed":0.0,"max_hp_gain":0.0,"max_hp_loss":8.0,"gold_gain":0.0,"event_name":"betterThird:BetterWriting","player_choice":"Simplicity","floor":21.0,"gold_loss":0.0,"damage_taken":0.0},{"damage_healed":0.0,"max_hp_gain":0.0,"max_hp_loss":0.0,"gold_gain":0.0,"event_name":"Match and Keep!","player_choice":"0 cards matched","floor":31.0,"gold_loss":0.0,"damage_taken":0.0,"cards_obtained":[]},{"damage_healed":0.0,"max_hp_gain":0.0,"max_hp_loss":0.0,"gold_gain":0.0,"event_name":"Designer","player_choice":"Upgraded Two","floor":37.0,"gold_loss":40.0,"damage_taken":0.0,"cards_upgraded":["Negative_Energy_Arrows","Slay_Living"]}],"is_beta":false,"boss_relics":[{"not_picked":["aspiration:PoetsPen_weak","Replay:Bronze Core"],"picked":"vexMod:BigBerry"},{"not_picked":["halation:Yufonium","Busted Crown","conspire:RunicOctahedron"]}],"items_purged_floors":[],"is_endless":false,"potions_floor_spawned":[7,10,11,13,16,24,30,33,35],"killed_by":"Transient","ascension_level":1}}