{"host":"gbop6m4qugddaz18","time":1608663563,"event":{"mods":["2.2 Compatiblity","BaseMod","Better Third Choice","Block Reminder","Downfall","GifTheSpireLib","Highlight Path","Minty Spire (QoL Compilation)","Replay The Spire","StSLib"],"gold_per_floor":[113,123,47,60,78,112,112,142,142,142,157,167,182,200,200,295,295,307,318,334,344,304,304,304],"floor_reached":23,"playtime":1026,"items_purged":[],"score":240,"play_id":"cdb0dd20-45e5-4c8e-a37f-b4ddf763e452","local_time":"20201222135923","is_ascension_mode":true,"campfire_choices":[{"floor":7,"key":"REST"},{"floor":15,"key":"REST"}],"circlet_count":0,"master_deck":["Strike_R","Strike_R","Strike_R","Strike_R","Strike_R","Defend_R","Defend_R","Defend_R","Defend_R","Bash","Metallicize","Life Link","Clash","Thunderclap","Wild Strike","Dark Embrace","Combust","Shrug It Off","Survey Options","Twin Strike","Clash","Anger","Anger+1","Replay:Many Hands","Anger+1","Rage","Flex+1","Ghostly Armor"],"relics":["Burning Blood","Bird Faced Urn","Unceasing Top","Replay:Arrowhead","ChewingGum"],"acts_visited":["Exordium","TheCity"],"potions_floor_usage":[5,6,8,16,16,20,23],"damage_taken":[{"damage":10,"enemies":"Cultist","floor":1,"turns":4},{"damage":3,"enemies":"Small Slimes","floor":2,"turns":4},{"damage":0,"enemies":"2 Louse","floor":4,"turns":2},{"damage":7,"enemies":"2 Fungi Beasts","floor":5,"turns":5},{"damage":32,"enemies":"Lagavulin","floor":6,"turns":6},{"damage":45,"enemies":"3 Sentries","floor":8,"turns":8},{"damage":1,"enemies":"3 Louse","floor":11,"turns":5},{"damage":17,"enemies":"Blue Slaver","floor":12,"turns":4},{"damage":7,"enemies":"2 Fungi Beasts","floor":13,"turns":4},{"damage":14,"enemies":"3 Louse","floor":14,"turns":3},{"damage":74,"enemies":"Hexaghost","floor":16,"turns":10},{"damage":47,"enemies":"2 Thieves","floor":18,"turns":4},{"damage":14,"enemies":"Spheric Guardian","floor":19,"turns":3},{"damage":34,"enemies":"Snecko","floor":20,"turns":6},{"damage":36,"enemies":"Centurion and Healer","floor":21,"turns":5},{"damage":23,"enemies":"Gremlin Leader","floor":23,"turns":1}],"seed_played":"-6978610292890874321","potions_obtained":[{"floor":2,"key":"SteroidPotion"},{"floor":4,"key":"Regen Potion"},{"floor":5,"key":"Explosive Potion"},{"floor":6,"key":"Swift Potion"},{"floor":12,"key":"Toxic Potion"},{"floor":19,"key":"BloodPotion"},{"floor":21,"key":"Dexterity Potion"}],"is_trial":false,"path_per_floor":["M","M","$","M","M","E","R","E","T","?","M","M","M","M","R","B",null,"M","M","M","M","?","E"],"character_chosen":"IRONCLAD","items_purchased":["Clash","Thunderclap"],"campfire_rested":2,"item_purchase_floors":[3,3],"current_hp_per_floor":[84,87,87,88,87,61,87,51,51,51,58,51,54,48,74,26,88,51,49,44,22,22,0,0],"gold":304,"neow_bonus":"TEN_PERCENT_HP_BONUS","is_daily":false,"chose_seed":false,"campfire_upgraded":0,"win_rate":0.0,"timestamp":1608663563,"path_taken":["M","M","?","M","M","E","R","E","T","?","M","M","M","?","R","BOSS","M","M","M","M","?","E"],"items_purchased_type":["Card","Card"],"build_version":"2020-12-13","purchased_purges":0,"victory":false,"max_hp_per_floor":[88,88,88,88,88,88,88,88,88,88,88,88,88,88,88,88,88,88,88,88,88,88,88,88],"card_choices":[{"not_picked":["Pommel Strike","Run Through"],"picked":"Metallicize","floor":1},{"not_picked":["Abandon","Warcry"],"picked":"Life Link","floor":2},{"not_picked":["True Grit","Body Slam"],"picked":"Wild Strike","floor":4},{"not_picked":["Bloodletting","True Grit"],"picked":"Dark Embrace","floor":5},{"not_picked":["Havoc","Demonic Infusion"],"picked":"Combust","floor":6},{"not_picked":["Spot Weakness","Heavy Blade"],"picked":"Shrug It Off","floor":8},{"not_picked":["Body Slam","Hemogenesis"],"picked":"Twin Strike","floor":11},{"not_picked":["Abandon","Clothesline"],"picked":"Clash","floor":12},{"not_picked":["Run Through","Shockwave"],"picked":"Anger","floor":13},{"not_picked":["ReplayTheSpireMod:LeadingStrike","True Grit"],"picked":"Anger","floor":14},{"not_picked":["Fiend Fire","Brutality"],"picked":"Replay:Many Hands","floor":16},{"not_picked":["Clothesline","ReplayTheSpireMod:Stacked"],"picked":"Anger+1","floor":18},{"not_picked":["Bloodletting","Reckless Charge"],"picked":"Rage","floor":19},{"not_picked":["Iron Wave","Infernal Blade+1"],"picked":"Flex","floor":20},{"not_picked":["ReplayTheSpireMod:Stacked","Twin Strike"],"picked":"Ghostly Armor","floor":21}],"player_experience":582283,"relics_obtained":[{"floor":6,"key":"Bird Faced Urn"},{"floor":8,"key":"Unceasing Top"},{"floor":9,"key":"Replay:Arrowhead"}],"event_choices":[{"damage_healed":0,"gold_gain":0,"player_choice":"1 cards matched","damage_taken":0,"max_hp_gain":0,"max_hp_loss":0,"event_name":"Match and Keep!","floor":10,"gold_loss":0,"cards_obtained":["Survey Options"]},{"damage_healed":0,"gold_gain":0,"player_choice":"Upgraded Two","damage_taken":0,"max_hp_gain":0,"max_hp_loss":0,"event_name":"Designer","floor":22,"gold_loss":40,"cards_upgraded":["Anger","Flex"]}],"is_beta":false,"boss_relics":[{"not_picked":["Honey Jar","Busted Crown"],"picked":"ChewingGum"}],"items_purged_floors":[],"is_endless":false,"potions_floor_spawned":[2,4,5,6,12,19,21],"killed_by":"Gremlin Leader","ascension_level":3}}