{"host":"57rcrwhzj4x4jlaj","time":1608643621,"event":{"mods":["2.2 Compatiblity","BaseMod","BetterRewards","Colored Map","Conspire","Dota2Spire","Downfall","Energized Spire","Grow up Mod","Hermit","Hubris","Infinite Spire","Marisa????????","Mimic Mod","Minty Spire (QoL Compilation)","Relic Filter","Relic Stats","Remilia??????","Replay The Spire","Shop Mod","StSLib","SuperFastMode","Td1madao Mod","The Accelerator","The Bug Knight","The Exalted","The Jungle","The Marked","[IsaacMod]????","vexMod"],"gold_per_floor":[119,129,129,129,139,165,208,208,232,281,281,298,298,346,346,481,481,499,499,514,514,358,422,422,440,514,555,555,585,633,387,387,543,543,621,621,621],"floor_reached":36,"playtime":1361,"items_purged":["theMarked:Strike","theMarked:Strike","theMarked:Strike","theMarked:Defend"],"score":604,"play_id":"66da3a94-5ca0-450d-979b-426c28403477","local_time":"20201222202701","is_ascension_mode":false,"campfire_choices":[{"floor":11,"key":"RECALL"},{"data":"theMarked:RepellingDischarge","floor":13,"key":"SMITH"},{"data":"theMarked:Generate","floor":15,"key":"SMITH"},{"data":"theMarked:MagicAdept","floor":24,"key":"SMITH"},{"data":"theMarked:EnhanceMovement","floor":32,"key":"SMITH"}],"circlet_count":0,"master_deck":["theMarked:Defend","theMarked:Defend","theMarked:Defend+1","theMarked:SoldierOfQuellstein+1","theMarked:EmpowerWeapon+1","theMarked:RepellingDischarge+1","theMarked:Parkour+1","theMarked:ThrowWeapon+1","theMarked:Overcharge+1","theMarked:Generate+1","theMarked:DispelDoubt+1","Envy_TH","theMarked:EmpowerWeapon","theMarked:MagicAdept+1","theMarked:EnhanceMovement+1","theMarked:EmpowerWeapon","theMarked:MaelstromOfLightning+1","theMarked:UnarmedFury","theMarked:SummonStrength","theMarked:SuspiciousRaven","theMarked:ShockingTouch"],"relics":["theMarked:ArtifactOfAir","HushsDoor","BelialBook","Ice Cream","DeadEye","Dota2Spire:DivineRapier","Dota2Spire:HandOfMidas","infinitespire:Lucky Rock","Dota2Spire:ArmletOfMordiggian","vexMod:ImprovementManual","GuppysTail","Dota2Spire:PowerTreads","infinitespire:EmpoweringShard","Vajra","Dota2Spire:RefresherOrb","SteamSale","infinitespire:EvilPickle","vexMod:BigBerry"],"acts_visited":["Exordium","TheCity","TheBeyond"],"potions_floor_usage":[12,23],"damage_taken":[{"damage":12,"enemies":"Small Slimes","floor":1,"turns":2},{"damage":0,"enemies":"conspire:RoseBush","floor":2,"turns":2},{"damage":0,"enemies":"2 Louse","floor":5,"turns":1},{"damage":12,"enemies":"Gremlin Nob","floor":6,"turns":3},{"damage":0,"enemies":"Large Slime","floor":7,"turns":3},{"damage":1,"enemies":"Blue Slaver","floor":12,"turns":2},{"damage":13,"enemies":"conspire:2 RoseBushes","floor":14,"turns":2},{"damage":36,"enemies":"The Guardian","floor":16,"turns":7},{"damage":5,"enemies":"Chosen","floor":18,"turns":2},{"damage":0,"enemies":"Spheric Guardian","floor":20,"turns":1},{"damage":33,"enemies":"conspire:SneckoGhost","floor":23,"turns":4},{"damage":9,"enemies":"Centurion and Healer","floor":25,"turns":3},{"damage":9,"enemies":"Sentry and Sphere","floor":27,"turns":3},{"damage":26,"enemies":"Nightmare","floor":29,"turns":4},{"damage":14,"enemies":"3 Cultists","floor":30,"turns":4},{"damage":41,"enemies":"Pondfish","floor":33,"turns":8},{"damage":44,"enemies":"3 Darklings","floor":35,"turns":4},{"damage":33,"enemies":"infinitespire:Three Voidlings","floor":36,"turns":3},{"damage":373,"enemies":"Nightmare_Alpha","floor":36,"turns":6}],"seed_played":"-5834179769357767013","potions_obtained":[{"floor":1,"key":"Dota2Spire:Clarity"},{"floor":2,"key":"Explosive Potion"},{"floor":5,"key":"LifebloodPotion"},{"floor":6,"key":"Adrenaline Potion"},{"floor":23,"key":"Toxic Potion"},{"floor":27,"key":"BlessingOfTheForge"}],"is_trial":false,"path_per_floor":["M","M","?","?","M","E","M","?","T","T","R","M","R","M","R","B",null,"M","?","M","?","$","E","R","M","T","M","AVR","NM","M","$","R","B",null,"M","?"],"character_chosen":"THE_DEFAULT","items_purchased":["DeadEye","GuppysTail","theMarked:MagicAdept","SteamSale","theMarked:SummonStrength","theMarked:ShockingTouch"],"campfire_rested":0,"item_purchase_floors":[0,17,22,31,31,34],"current_hp_per_floor":[78,88,98,108,118,116,126,136,146,156,166,175,185,182,192,166,235,240,250,260,270,280,257,267,268,278,279,289,273,269,279,289,258,432,398,0,0],"gold":621,"neow_bonus":"","is_daily":false,"chose_seed":false,"campfire_upgraded":4,"win_rate":0.0,"timestamp":1608643621,"path_taken":["M","M","?","?","M","E","M","?","T","?","R","?","R","?","R","BOSS","M","?","M","?","$","E","R","M","T","M","AVR","NM","M","?","R","BOSS","M","?"],"items_purchased_type":["Relic","Relic","Card","Relic","Card","Card"],"build_version":"2020-12-13","purchased_purges":4,"victory":false,"max_hp_per_floor":[90,100,110,120,130,140,150,160,170,180,190,200,210,220,230,240,235,245,255,265,275,285,295,305,315,325,335,345,355,365,375,385,395,432,442,442,442],"relic_stats":{"counters":[51,214],"obtain_stats":[{"Chaos":52,"Ice Cream":0,"Replay:Accelerometer":22,"Dota2Spire:EchoSabre":24,"GuppysTail":17,"Dota2Spire:PowerTreads":23,"SacredBark":17,"Dota2Spire:ArmletOfMordiggian":10,"Vajra":28,"champ:ChampionCrown":0,"downfall:HeartBlessingGreen":27,"Dota2Spire:RefresherOrb":28,"Juzu Bracelet":44,"DeadEye":0,"Bromod:ArcaneAegis":42,"theJungle:SneckoAutograph":20,"downfall:HeartBlessingBlue":43,"vexMod:RedPlottingStone":26,"Fusion Hammer":34,"Dota2Spire:DivineRapier":0,"KeepersGift":0,"DoctorsRemote":0,"Dota2Spire:HandOfMidas":6,"Happy Flower":5,"downfall:HeartBlessingRed":6,"Pen Nib":25,"Omamori":29,"MoneyPower":31,"infinitespire:Lucky Rock":9,"Odd Mushroom":14,"SteamSale":31,"D4":46,"infinitespire:EvilPickle":33,"Strange Spoon":25,"Replay:Baseball":10,"vexMod:Cooldron":21,"hubris:BundleOfHerbs":19,"Bag of Marbles":7,"infinitespire:EmpoweringShard":26,"HushsDoor":0,"infinitespire:PuzzleCube":48,"vexMod:ImprovementManual":17,"Dota2Spire:Desolator":53,"vexMod:BigBerry":34},{"Chaos":31,"Ice Cream":32,"Replay:Accelerometer":14,"Dota2Spire:EchoSabre":14,"GuppysTail":40,"Dota2Spire:PowerTreads":43,"SacredBark":11,"Dota2Spire:ArmletOfMordiggian":37,"Vajra":45,"champ:ChampionCrown":0,"downfall:HeartBlessingGreen":16,"Dota2Spire:RefresherOrb":45,"Juzu Bracelet":26,"DeadEye":32,"Bromod:ArcaneAegis":25,"theJungle:SneckoAutograph":12,"downfall:HeartBlessingBlue":25,"vexMod:RedPlottingStone":16,"Fusion Hammer":21,"Dota2Spire:DivineRapier":32,"KeepersGift":0,"DoctorsRemote":0,"Dota2Spire:HandOfMidas":36,"Happy Flower":1,"downfall:HeartBlessingRed":1,"Pen Nib":15,"Omamori":17,"MoneyPower":19,"infinitespire:Lucky Rock":37,"Odd Mushroom":9,"SteamSale":47,"D4":27,"infinitespire:EvilPickle":48,"Strange Spoon":15,"Replay:Baseball":5,"vexMod:Cooldron":13,"hubris:BundleOfHerbs":12,"Bag of Marbles":2,"infinitespire:EmpoweringShard":44,"HushsDoor":0,"infinitespire:PuzzleCube":28,"vexMod:ImprovementManual":40,"Dota2Spire:Desolator":31,"vexMod:BigBerry":48},{"Chaos":126,"Ice Cream":150,"Replay:Accelerometer":59,"Dota2Spire:EchoSabre":59,"GuppysTail":172,"Dota2Spire:PowerTreads":179,"SacredBark":37,"Dota2Spire:ArmletOfMordiggian":161,"Vajra":185,"champ:ChampionCrown":0,"downfall:HeartBlessingGreen":69,"Dota2Spire:RefresherOrb":185,"Juzu Bracelet":102,"DeadEye":150,"Bromod:ArcaneAegis":99,"theJungle:SneckoAutograph":47,"downfall:HeartBlessingBlue":99,"vexMod:RedPlottingStone":69,"Fusion Hammer":85,"Dota2Spire:DivineRapier":150,"KeepersGift":0,"DoctorsRemote":0,"Dota2Spire:HandOfMidas":158,"Happy Flower":3,"downfall:HeartBlessingRed":3,"Pen Nib":63,"Omamori":72,"MoneyPower":77,"infinitespire:Lucky Rock":161,"Odd Mushroom":27,"SteamSale":193,"D4":109,"infinitespire:EvilPickle":201,"Strange Spoon":63,"Replay:Baseball":18,"vexMod:Cooldron":51,"hubris:BundleOfHerbs":47,"Bag of Marbles":9,"infinitespire:EmpoweringShard":182,"HushsDoor":0,"infinitespire:PuzzleCube":112,"vexMod:ImprovementManual":172,"Dota2Spire:Desolator":126,"vexMod:BigBerry":201}]},"card_choices":[{"not_picked":["theMarked:EnhancedHearing","theMarked:Frustration"],"picked":"theMarked:EmpowerWeapon","floor":1},{"not_picked":["theMarked:Frustration","theMarked:EmpowerWeapon"],"picked":"theMarked:RepellingDischarge","floor":2},{"not_picked":["theMarked:WastefulAttack","theMarked:Seal","theMarked:Panic"],"picked":"SKIP","floor":5},{"not_picked":["theMarked:EnhanceMovement","theMarked:LightningStrikesTwice"],"picked":"theMarked:Parkour","floor":6},{"not_picked":["theMarked:Frustration","theMarked:Parkour"],"picked":"theMarked:ThrowWeapon","floor":7},{"not_picked":["theMarked:EnhanceMovement","theMarked:Aftermath"],"picked":"theMarked:Overcharge","floor":12},{"not_picked":["theMarked:ReduceFriction","theMarked:WastefulAttack"],"picked":"theMarked:Generate","floor":14},{"not_picked":["theMarked:Levitate","theMarked:ThrowWeapon"],"picked":"theMarked:DispelDoubt","floor":16},{"not_picked":["theMarked:Static+1","theMarked:Generate+1","theMarked:SelfDefenseTraining"],"picked":"SKIP","floor":18},{"not_picked":["theMarked:Polarize","theMarked:RepellingDischarge"],"picked":"theMarked:EmpowerWeapon","floor":20},{"not_picked":["theMarked:Aftermath","theMarked:WastefulDefense+1","theMarked:DeterminationOfTheMarked"],"picked":"SKIP","floor":23},{"not_picked":["theMarked:WastefulAttack","theMarked:TakeCover"],"picked":"theMarked:EnhanceMovement","floor":25},{"not_picked":["theMarked:Seal","theMarked:Parkour+1"],"picked":"theMarked:EmpowerWeapon","floor":27},{"not_picked":["theMarked:Parkour","theMarked:Improvise"],"picked":"theMarked:MaelstromOfLightning+1","floor":29},{"not_picked":["theMarked:TwofoldDefense","theMarked:Parkour+1"],"picked":"theMarked:UnarmedFury","floor":30},{"not_picked":["theMarked:SoldierForm","theMarked:Levitate"],"picked":"theMarked:SuspiciousRaven","floor":33},{"not_picked":["theMarked:BanishingWave","theMarked:Opportunist","theMarked:ChainLightning"],"picked":"SKIP","floor":35}],"player_experience":674075,"relics_obtained":[{"floor":6,"key":"Dota2Spire:HandOfMidas"},{"floor":9,"key":"infinitespire:Lucky Rock"},{"floor":10,"key":"Dota2Spire:ArmletOfMordiggian"},{"floor":23,"key":"Dota2Spire:PowerTreads"},{"floor":26,"key":"infinitespire:EmpoweringShard"}],"event_choices":[{"damage_healed":0,"gold_gain":0,"player_choice":"Disagree","damage_taken":0,"max_hp_gain":0,"max_hp_loss":0,"event_name":"conspire:LoneGhost","floor":3,"gold_loss":0},{"damage_healed":0,"gold_gain":0,"player_choice":"Ignored","damage_taken":0,"max_hp_gain":0,"max_hp_loss":0,"event_name":"Vampires","floor":21,"gold_loss":0}],"is_beta":false,"boss_relics":[{"not_picked":["Tiny House","conspire:RoyalGoblet"],"picked":"vexMod:ImprovementManual"},{"not_picked":[]},{"not_picked":["Fusion Hammer","conspire:SeveredTorchhead"],"picked":"vexMod:BigBerry"},{"not_picked":[]}],"items_purged_floors":[17,22,28,31],"is_endless":true,"potions_floor_spawned":[1,2,5,6,23,27,29,33,36],"killed_by":"Nightmare_Alpha","ascension_level":0}}