{"host":"i0avyit1s6jb1siw","time":1608646731,"event":{"mods":["BaseMod","DeckTracker","Dota2Spire","Highlight Path","Minty Spire (QoL Compilation)","Quick Restart","Replay The Spire","StSLib","SuperFastMode"],"gold_per_floor":[118,163,213,223,235,235,251,281,304,304,338,338,413,427,427,499,499,515,532,532,532,532],"floor_reached":21,"playtime":536,"items_purged":[],"score":378,"play_id":"3d8d393f-ba7e-47db-8418-7ed7c5818434","local_time":"20201222151851","is_ascension_mode":true,"campfire_choices":[{"data":"Crippling Poison","floor":6,"key":"SMITH"},{"data":"A Thousand Cuts","floor":10,"key":"SMITH"},{"floor":15,"key":"REST"}],"circlet_count":0,"master_deck":["AscendersBane","Strike_G","Strike_G","Strike_G","Strike_G","Strike_G","Defend_G","Defend_G","Defend_G","Defend_G","Defend_G","Survivor","Neutralize","Crippling Poison+1","Cloak And Dagger","Dash","Deadly Poison","A Thousand Cuts+1","Tactician","Dagger Spray","Envenom","Footwork+1"],"relics":["Ring of the Serpent","NeowsBlessing","Art of War","Bronze Scales","Lantern","Dota2Spire:MagicBottle"],"acts_visited":["Exordium","TheCity"],"potions_floor_usage":[8,11,16,16],"damage_taken":[{"damage":0,"enemies":"2 Louse","floor":1,"turns":1},{"damage":0,"enemies":"Small Slimes","floor":4,"turns":1},{"damage":0,"enemies":"Cultist","floor":5,"turns":1},{"damage":8,"enemies":"3 Louse","floor":7,"turns":2},{"damage":32,"enemies":"3 Sentries","floor":8,"turns":13},{"damage":9,"enemies":"Replay:BlueRogue","floor":11,"turns":6},{"damage":8,"enemies":"Blue Slaver","floor":14,"turns":3},{"damage":29,"enemies":"Fading Forest","floor":16,"turns":13},{"damage":22,"enemies":"2 Thieves","floor":18,"turns":3},{"damage":13,"enemies":"Chosen","floor":19,"turns":5},{"damage":16,"enemies":"Shelled Parasite and Fungi","floor":21,"turns":1}],"seed_played":"4464909169064698256","potions_obtained":[{"floor":2,"key":"Dota2Spire:HealingSalve"},{"floor":5,"key":"Dota2Spire:HealingSalve"},{"floor":11,"key":"DistilledChaos"},{"floor":14,"key":"EssenceOfSteel"},{"floor":16,"key":"Fire Potion"},{"floor":19,"key":"PowerPotion"}],"is_trial":false,"path_per_floor":["M","?","?","M","M","R","M","E","T","R","E","?","?","M","R","B",null,"M","M","?","M"],"character_chosen":"THE_SILENT","items_purchased":[],"campfire_rested":1,"item_purchase_floors":[],"current_hp_per_floor":[59,38,38,38,38,38,30,16,16,16,25,25,14,12,31,19,54,32,19,13,0,0],"gold":532,"neow_bonus":"THREE_ENEMY_KILL","is_daily":false,"chose_seed":false,"campfire_upgraded":2,"win_rate":0.0,"timestamp":1608646731,"path_taken":["M","?","?","?","M","R","M","E","T","R","E","?","?","M","R","BOSS","M","M","?","?"],"items_purchased_type":[],"build_version":"2020-12-13","purchased_purges":0,"victory":false,"max_hp_per_floor":[66,66,66,66,66,66,66,66,66,66,66,66,66,66,66,66,66,66,66,66,66,66],"card_choices":[{"not_picked":["Dagger Spray","Acrobatics"],"picked":"Crippling Poison","floor":1},{"not_picked":["All Out Attack","Fluid Movement"],"picked":"Cloak And Dagger","floor":2},{"not_picked":["Backflip","Slice"],"picked":"Dash","floor":2},{"not_picked":["Slice","Quick Slash","Deflect"],"picked":"SKIP","floor":4},{"not_picked":["Poisoned Stab","Quick Slash"],"picked":"Deadly Poison","floor":5},{"not_picked":["Doppelganger","Hidden Blade","Underhanded Strike"],"picked":"SKIP","floor":7},{"not_picked":["Choke","Flying Knee"],"picked":"A Thousand Cuts","floor":8},{"not_picked":["Concentrate","ReplayTheSpireMod:The Works"],"picked":"Tactician","floor":11},{"not_picked":["Finisher","Backflip"],"picked":"Dagger Spray","floor":14},{"not_picked":["ReplayTheSpireMod:From All Sides","Doppelganger"],"picked":"Envenom","floor":16},{"not_picked":["Slice","Prepared"],"picked":"Footwork+1","floor":18},{"not_picked":["Caltrops","Sucker Punch","ReplayTheSpireMod:Exploit Weakness"],"picked":"SKIP","floor":19}],"player_experience":2099938,"relics_obtained":[{"floor":2,"key":"Art of War"},{"floor":8,"key":"Bronze Scales"},{"floor":9,"key":"Lantern"},{"floor":11,"key":"Dota2Spire:MagicBottle"}],"event_choices":[{"damage_healed":0,"gold_gain":50,"player_choice":"Pray","damage_taken":0,"max_hp_gain":0,"max_hp_loss":0,"event_name":"Golden Shrine","floor":3,"gold_loss":0},{"damage_healed":0,"gold_gain":75,"player_choice":"Gather Gold","damage_taken":11,"max_hp_gain":0,"max_hp_loss":0,"event_name":"World of Goop","floor":13,"gold_loss":0},{"damage_healed":0,"gold_gain":0,"player_choice":"","damage_taken":6,"max_hp_gain":0,"max_hp_loss":0,"event_name":"Knowing Skull","floor":20,"potions_obtained":[],"gold_loss":0,"cards_obtained":[]}],"is_beta":false,"boss_relics":[{"not_picked":["Replay:Drink Me","Runic Dome"],"picked":"Ring of the Serpent"}],"items_purged_floors":[],"is_endless":false,"potions_floor_spawned":[5,7,11,14,16,19],"killed_by":"Shelled Parasite and Fungi","ascension_level":20}}