{"host":"684z1xpuwaoqmmh1","time":1608650063,"event":{"mods":["BaseMod","Downfall","Hermit","Jorbs\u0027s Wanderer Trilogy","Marisa????????","Minty Spire (QoL Compilation)","StSLib","The Hierophant","The Mystic"],"gold_per_floor":[99,112,123,140,140,165,189,189,189,12,27,27,39,66,81,158,158,8,0,18,33,83,109,109,34,49,65,92,92,105,40,60,132,132,132,157,183,56,77,116,140,2,2,71,89,132,132,153,190,190,190,224,2,2,2],"floor_reached":56,"playtime":3590,"items_purged":["hexamod:Strike+1"],"score":2323,"play_id":"4c91ca20-d28e-4b93-bc4c-60b74855e7d9","local_time":"20201222171423","is_ascension_mode":true,"campfire_choices":[{"data":"hexamod:Float","floor":1.0,"key":"SMITH"},{"floor":9.0,"key":"RECALL"},{"data":"hexamod:Incineration","floor":12.0,"key":"SMITH"},{"data":"hexamod:ApocalypticArmor","floor":18.0,"key":"SMITH"},{"data":"hexamod:PowerFromBeyond","floor":25.0,"key":"SMITH"},{"data":"hexamod:UnlimitedPower","floor":29.0,"key":"SMITH"},{"data":"hexamod:SearingWound","floor":35.0,"key":"SMITH"},{"floor":43,"key":"REST"},{"floor":47,"key":"REST"},{"floor":54,"key":"REST"}],"circlet_count":0,"master_deck":["AscendersBane","hexamod:Strike+1","hexamod:Strike+1","hexamod:Strike+1","hexamod:Defend+1","hexamod:Defend+1","hexamod:Defend+1","hexamod:Defend+1","hexamod:Sear+1","hexamod:Float+1","hexamod:SixthSeal","hexamod:RadiantFlame+1","hexamod:SwordOfDarkness+1","hexamod:HeatMetal+1","hexamod:FourthSeal","hexamod:Incineration+1","hexamod:ShieldOfDarkness+1","hexamod:PowerFromBeyond+1","hexamod:ApocalypticArmor+1","hexamod:Hexaguard+1","hexamod:UnlimitedPower+1","hexamod:HexaLevel+1","hexamod:HauntingEcho+1","hexamod:GhostOfSpireFuture+1","hexamod:FirstSeal","hexamod:SearingWound+1","hexamod:FastForward+1","hexamod:EmpoweredFlame+1","hexamod:SecondSeal","hexamod:Hexaguard+1","hexamod:EmpoweredFlame+1","expansioncontent:CaCaw+1","expansioncontent:GoopSpray+1","hexamod:GhostflameBarrier+1","hexamod:PhantomCloak+1"],"relics":["hexamod:SpiritBrand","sneckomod:BlankCard","Happy Flower","Guardian:BottledAnomaly","Akabeko","Velvet Choker","downfall:HeartBlessingRed","downfall:HeartBlessingGreen","The Courier","downfall:HeartBlessingBlue","Art of War","Ancient Tea Set","Anchor","sneckomod:SneckoTalon","Unceasing Top","hexamod:BolsterEngine","Matryoshka","CeramicFish","PreservedInsect","hexamod:MatchstickCase","CatCart","Blood Vial","Toy Ornithopter","Mummified Hand"],"acts_visited":["Exordium","TheCity","TheBeyond","TheEnding"],"potions_floor_usage":[50,55,55],"damage_taken":[{"damage":1.0,"enemies":"Jaw Worm","floor":2.0,"turns":3.0},{"damage":0.0,"enemies":"Small Slimes","floor":3.0,"turns":4.0},{"damage":0.0,"enemies":"Cultist","floor":4.0,"turns":3.0},{"damage":13.0,"enemies":"Lagavulin","floor":6.0,"turns":7.0},{"damage":0.0,"enemies":"downfall:FleeingMerchant","floor":10.0,"turns":4.0},{"damage":0.0,"enemies":"2 Fungi Beasts","floor":11.0,"turns":3.0},{"damage":0.0,"enemies":"Gremlin Gang","floor":13.0,"turns":4.0},{"damage":19.0,"enemies":"3 Sentries","floor":14.0,"turns":10.0},{"damage":0.0,"enemies":"Exordium Thugs","floor":15.0,"turns":3.0},{"damage":0.0,"enemies":"downfall:Silent","floor":16.0,"turns":6.0},{"damage":3.0,"enemies":"downfall:FleeingMerchant","floor":19.0,"turns":4.0},{"damage":0.0,"enemies":"Spheric Guardian","floor":20.0,"turns":1.0},{"damage":1.0,"enemies":"Snecko","floor":21.0,"turns":3.0},{"damage":0.0,"enemies":"Gremlin Leader","floor":23.0,"turns":7.0},{"damage":0.0,"enemies":"3 Cultists","floor":26.0,"turns":4.0},{"damage":1.0,"enemies":"Snake Plant","floor":27.0,"turns":3.0},{"damage":16.0,"enemies":"Book of Stabbing","floor":28.0,"turns":4.0},{"damage":0.0,"enemies":"Snecko","floor":30.0,"turns":3.0},{"damage":5.0,"enemies":"downfall:FleeingMerchant","floor":31.0,"turns":4.0},{"damage":8.0,"enemies":"Centurion and Healer","floor":32.0,"turns":6.0},{"damage":0.0,"enemies":"downfall:Defect","floor":33.0,"turns":6.0},{"damage":27.0,"enemies":"Mind Bloom Boss Battle","floor":36.0,"turns":5.0},{"damage":0.0,"enemies":"3 Shapes","floor":39.0,"turns":4.0},{"damage":8.0,"enemies":"Reptomancer","floor":40.0,"turns":5.0},{"damage":1,"enemies":"Orin","floor":44,"turns":8},{"damage":35,"enemies":"Giant Head","floor":46,"turns":6},{"damage":26,"enemies":"3 Darklings","floor":48,"turns":5},{"damage":20,"enemies":"Sphere and 2 Shapes","floor":49,"turns":7},{"damage":11,"enemies":"downfall:Ironclad","floor":50,"turns":7},{"damage":23,"enemies":"downfall:CharBossMerchant","floor":52,"turns":8},{"damage":63,"enemies":"downfall:NeowBoss","floor":55,"turns":25}],"seed_played":"7579179046507740496","potions_obtained":[{"floor":2.0,"key":"Guardian:BlockOnCardUsePotion"},{"floor":6.0,"key":"Weak Potion"},{"floor":10.0,"key":"EssenceOfSteel"},{"floor":11.0,"key":"DuplicationPotion"},{"floor":13.0,"key":"sneckomod:MuddlingPotion"},{"floor":14.0,"key":"AttackPotion"},{"floor":16.0,"key":"FearPotion"},{"floor":19.0,"key":"Fruit Juice"},{"floor":21.0,"key":"champ:CounterPotion"},{"floor":23.0,"key":"Guardian:BlockOnCardUsePotion"},{"floor":23.0,"key":"DuplicationPotion"},{"floor":26.0,"key":"sneckomod:MuddlingPotion"},{"floor":30.0,"key":"FairyPotion"},{"floor":30.0,"key":"EssenceOfSteel"},{"floor":31.0,"key":"CultistPotion"},{"floor":32.0,"key":"LiquidBronze"},{"floor":36.0,"key":"Fire Potion"},{"floor":44,"key":"PowerPotion"},{"floor":52,"key":"Explosive Potion"},{"floor":52,"key":"SkillPotion"}],"is_trial":false,"path_per_floor":["R","M","M","M","?","E","T","?","R","$","M","R","M","E","M","B",null,"R","$","M","M","?","E","T","R","M","M","E","R","M","$","M","B",null,"R","?","T","$","M","E","T","$","R","?","?","E","R","M","M","B",null,"E","$","R","B",null],"character_chosen":"THE_SPIRIT","items_purchased":["Guardian:BottledAnomaly","hexamod:FirstSeal","Ancient Tea Set","Anchor","hexamod:EmpoweredFlame","hexamod:SecondSeal","hexamod:MatchstickCase","Mummified Hand"],"campfire_rested":3,"item_purchase_floors":[10,31,31,31,38,38,42,53],"current_hp_per_floor":[57,56,56,56,56,43,43,48,48,48,48,48,48,29,29,29,58,58,55,55,59,59,59,59,69,69,68,52,52,52,47,46,53,76,76,56,56,56,63,62,62,62,83,83,73,45,69,52,41,39,72,58,58,82,25],"gold":2,"neow_bonus":"ONE_RANDOM_RARE_CARD","is_daily":false,"chose_seed":false,"campfire_upgraded":6,"win_rate":0.0,"timestamp":1608650063,"path_taken":["R","M","M","M","?","E","T","?","R","?","M","R","?","E","M","BOSS","R","$","M","M","?","E","T","R","?","M","E","R","M","$","M","BOSS","R","?","?","$","M","E","T","$","R","?","?","E","R","M","M","BOSS","E","$","R","BOSS"],"items_purchased_type":["Relic","Card","Relic","Relic","Card","Card","Relic","Relic"],"build_version":"2020-12-13","purchased_purges":1,"victory":true,"max_hp_per_floor":[63,63,63,63,63,63,63,68,68,68,68,68,68,68,68,68,68,68,68,68,73,73,73,73,83,83,83,83,83,83,83,83,83,83,83,83,83,83,83,83,83,83,83,83,83,83,83,83,83,83,83,83,83,83,83],"card_choices":[{"not_picked":["hexamod:RainOfEmbers","hexamod:InspiringFlames"],"picked":"hexamod:RadiantFlame","floor":2.0},{"not_picked":["hexamod:HauntingEcho","hexamod:ThermalTransfer"],"picked":"hexamod:SwordOfDarkness","floor":3.0},{"not_picked":["hexamod:SuperheatedStrike","hexamod:GhostShield"],"picked":"hexamod:HeatMetal","floor":4.0},{"not_picked":["hexamod:ThermalTransfer","hexamod:NightmareStrike"],"picked":"hexamod:FourthSeal","floor":6.0},{"not_picked":["hexamod:RetreatToShadows","hexamod:NightmareStrike","hexamod:SpectersWail"],"picked":"SKIP","floor":10.0},{"not_picked":["hexamod:FastForward","hexamod:PowerFromBeyond"],"picked":"hexamod:Incineration","floor":11.0},{"not_picked":["hexamod:AdvancingGuard","hexamod:HeatMetal"],"picked":"hexamod:ShieldOfDarkness","floor":13.0},{"not_picked":["hexamod:GhostShield","hexamod:EtherealExpedition"],"picked":"hexamod:PowerFromBeyond","floor":14.0},{"not_picked":["hexamod:BurningTouch","hexamod:ThermalTransfer","hexamod:SpectersWail"],"picked":"SKIP","floor":15.0},{"not_picked":["hexamod:CrushingStance","hexamod:SearingWound"],"picked":"hexamod:ApocalypticArmor","floor":16.0},{"not_picked":["hexamod:AdvancingGuard","hexamod:GhostLash"],"picked":"hexamod:Hexaguard","floor":19.0},{"not_picked":["hexamod:BurningTouch","hexamod:HeatMetal","hexamod:SwordOfDarkness+1"],"picked":"SKIP","floor":20.0},{"not_picked":["hexamod:ShieldOfDarkness","hexamod:Firestarter+1","hexamod:GhostShield"],"picked":"SKIP","floor":21.0},{"not_picked":["hexamod:GhostOfSpirePresent","hexamod:InspiringFlames","hexamod:DynamicBlow"],"picked":"SKIP","floor":23.0},{"not_picked":["hexamod:GhostLash","hexamod:RainOfEmbers+1"],"picked":"hexamod:UnlimitedPower","floor":26.0},{"not_picked":["hexamod:SpectralSpark","hexamod:GhostShield","hexamod:PowerFromBeyond"],"picked":"SKIP","floor":27.0},{"not_picked":["hexamod:RadiantFlame","hexamod:FlamesFromBeyond"],"picked":"hexamod:HexaLevel","floor":28.0},{"not_picked":["hexamod:SkipABeat+1","hexamod:ThermalTransfer"],"picked":"hexamod:HauntingEcho","floor":30.0},{"not_picked":["hexamod:SwordOfDarkness","hexamod:Hexaguard"],"picked":"hexamod:GhostOfSpireFuture","floor":31.0},{"not_picked":["hexamod:HeatCrush","hexamod:SpectersWail","hexamod:HauntingEcho"],"picked":"SKIP","floor":32.0},{"not_picked":["hexamod:UnleashSpirits","hexamod:SixthSeal"],"picked":"hexamod:SearingWound","floor":33.0},{"not_picked":["hexamod:SpectersWail","hexamod:StepThrough"],"picked":"hexamod:FastForward","floor":36.0},{"not_picked":["hexamod:Firestarter","hexamod:BurningTouch","hexamod:AdvancingGuard+1"],"picked":"SKIP","floor":39.0},{"not_picked":["hexamod:RetreatToShadows","hexamod:GhostLash"],"picked":"hexamod:Hexaguard","floor":40.0},{"not_picked":["hexamod:GhostShield+1","hexamod:Rewind"],"picked":"hexamod:EmpoweredFlame+1","floor":44},{"not_picked":["expansioncontent:TimeRipple","expansioncontent:PolyBeam"],"picked":"expansioncontent:CaCaw","floor":45},{"not_picked":["expansioncontent:PrepareCrush","expansioncontent:TimeRipple"],"picked":"expansioncontent:GoopSpray","floor":45},{"not_picked":["hexamod:BurningTouch","hexamod:ExtraCrispy"],"picked":"hexamod:GhostflameBarrier","floor":46},{"not_picked":["hexamod:Incineration","hexamod:PhantomFireball","hexamod:BacktrackSmack"],"picked":"SKIP","floor":48},{"not_picked":["hexamod:GhostOfSpireFuture","hexamod:StepThrough"],"picked":"hexamod:PhantomCloak+1","floor":49},{"not_picked":["hexamod:BurningTouch+1","hexamod:AdvancingGuard","hexamod:FirstSeal"],"picked":"SKIP","floor":52}],"player_experience":2370034,"relics_obtained":[{"floor":6.0,"key":"sneckomod:BlankCard"},{"floor":7.0,"key":"Happy Flower"},{"floor":14.0,"key":"Akabeko"},{"floor":23.0,"key":"The Courier"},{"floor":28.0,"key":"Art of War"},{"floor":36.0,"key":"Unceasing Top"},{"floor":37.0,"key":"hexamod:BolsterEngine"},{"floor":40.0,"key":"Matryoshka"},{"floor":41.0,"key":"CeramicFish"},{"floor":41.0,"key":"PreservedInsect"},{"floor":44,"key":"CatCart"},{"floor":46,"key":"Blood Vial"},{"floor":52,"key":"Toy Ornithopter"}],"event_choices":[{"damage_healed":0.0,"max_hp_gain":0.0,"max_hp_loss":0.0,"gold_gain":0.0,"event_name":"Living Wall","player_choice":"Grow","floor":5.0,"gold_loss":0.0,"damage_taken":0.0,"cards_upgraded":["hexamod:RadiantFlame"]},{"damage_healed":0.0,"max_hp_gain":5.0,"max_hp_loss":0.0,"gold_gain":0.0,"event_name":"Big Fish","player_choice":"Donut","floor":8.0,"gold_loss":0.0,"damage_taken":0.0},{"damage_healed":0,"gold_gain":0,"player_choice":"Fight","damage_taken":0,"max_hp_gain":0,"max_hp_loss":0,"event_name":"OrinTheCat","floor":44,"gold_loss":0}],"is_beta":false,"boss_relics":[{"not_picked":["Runic Dome","Sozu"],"picked":"Velvet Choker"},{"not_picked":["Tiny House","Snecko Eye"],"picked":"sneckomod:SneckoTalon"}],"items_purged_floors":[31],"is_endless":false,"potions_floor_spawned":[2,6,11,13,15,16,23,30,32,36,44,49,52],"ascension_level":17}}