{"host":"dsxpg2dh2uupq0t9","time":1608642620,"event":{"mods":["Act Like it!","Aspiration","BaseMod","Better Note","Better Skull","BetterRewards","Colored Powertips","DeckTracker","Halation","Hallownest","Hubris","Minty Spire (QoL Compilation)","Replay The Spire","Shop Mod","Spicy Shops","StSLib"],"gold_per_floor":[112,129,79,79,91,91,111,144,197,197,53,67,67,79,79,184,184,197,197,197,197,197,197,296,323,323,351,368,379,3,19,19,120,120,131,131,150,173,24,24,49,49,101,134,134,121,139,159,159,159],"floor_reached":51,"playtime":2650,"items_purged":[],"score":807,"play_id":"9247a7ca-0ca1-4b93-bd87-bc19a09d4d79","local_time":"20201222081020","is_ascension_mode":true,"campfire_choices":[{"floor":6,"key":"REST"},{"floor":10,"key":"REST"},{"floor":15,"key":"REST"},{"floor":23,"key":"REST"},{"floor":32,"key":"REST"},{"floor":40,"key":"REST"},{"floor":45,"key":"REST"},{"floor":49,"key":"REST"}],"circlet_count":0,"master_deck":["Strike_B+1","Strike_B","Strike_B+1","Strike_B","Defend_B","Defend_B+1","Defend_B+1","Zap+1","Dualcast","Streamline","Conserve Battery","Multi-Cast","Static Discharge","Ball Lightning+1","Sweeping Beam","Go for the Eyes","Electrodynamics","Aggregate+1","Gash+1","Ball Lightning","Redo","Leap+1","Redo+1","Rip and Tear","Go for the Eyes+1","Chill+1","Redo+1","Self Repair+1","Gash","Ball Lightning+1","Scrape+1","Go for the Eyes+1"],"relics":["Cracked Core","Dream Catcher","FaceOfCleric","hubris:64BitClover","Tiny Chest","Gremlin Food","Fusion Hammer","Shuriken","halation:PinkSoulGem","PreservedInsect","Boot","aspiration:EnhancedActuators","Runic Capacitor","Nunchaku","FossilizedHelix","hubris:HollowSoul","hubris:Towel","halation:KoshaPiece","DataDisk","hubris:SphereOfDissonance","halation:EternalFortune","Blue Doll","Akabeko"],"acts_visited":["Exordium","TheCity","TheBeyond"],"potions_floor_usage":[22,50,50,50],"damage_taken":[{"damage":3,"enemies":"Small Slimes","floor":1,"turns":3},{"damage":0,"enemies":"Cultist","floor":2,"turns":3},{"damage":10,"enemies":"Jaw Worm","floor":5,"turns":4},{"damage":7,"enemies":"Blue Slaver","floor":7,"turns":3},{"damage":36,"enemies":"3 Sentries","floor":8,"turns":6},{"damage":15,"enemies":"3 Louse","floor":12,"turns":2},{"damage":11,"enemies":"Red Slaver","floor":14,"turns":3},{"damage":56,"enemies":"Fading Forest","floor":16,"turns":11},{"damage":20,"enemies":"2 Thieves","floor":18,"turns":2},{"damage":6,"enemies":"Masked Bandits","floor":22,"turns":2},{"damage":27,"enemies":"Gremlin Leader","floor":27,"turns":5},{"damage":7,"enemies":"Shell Parasite","floor":28,"turns":3},{"damage":13,"enemies":"Snecko","floor":29,"turns":4},{"damage":8,"enemies":"Snake Plant","floor":31,"turns":3},{"damage":39,"enemies":"Collector","floor":33,"turns":6},{"damage":18,"enemies":"3 Shapes","floor":35,"turns":2},{"damage":0,"enemies":"Orb Walker","floor":37,"turns":3},{"damage":60,"enemies":"Giant Head","floor":41,"turns":7},{"damage":20,"enemies":"R_Hoarder","floor":44,"turns":5},{"damage":15,"enemies":"Jaw Worm Horde","floor":47,"turns":4},{"damage":0,"enemies":"Spire Growth","floor":48,"turns":2},{"damage":58,"enemies":"Time Eater","floor":50,"turns":9}],"seed_played":"2015822876607730697","potions_obtained":[{"floor":2,"key":"Energy Potion"},{"floor":8,"key":"SmokeBomb"},{"floor":12,"key":"Dexterity Potion"},{"floor":27,"key":"Weak Potion"},{"floor":29,"key":"Strength Potion"},{"floor":37,"key":"LiquidMemories"}],"is_trial":false,"path_per_floor":["M","M","?","?","M","R","M","E","T","R","$","M","?","M","R","B",null,"M","?","T","?","?","R","?","T","T","E","M","M","$","M","R","B",null,"M","?","M","T","$","R","E","?","T","E","R","$","M","M","R","B",null],"character_chosen":"DEFECT","items_purchased":["Gremlin Food","aspiration:EnhancedActuators","Runic Capacitor","Nunchaku","DataDisk","Gash"],"campfire_rested":8,"item_purchase_floors":[11,30,30,30,39,46],"current_hp_per_floor":[72,72,72,72,63,76,70,35,35,58,58,44,44,34,58,23,81,62,62,62,62,57,81,81,81,81,55,49,37,37,30,56,18,88,71,71,72,72,72,90,31,34,34,15,43,43,29,30,59,2],"gold":159,"neow_bonus":"RANDOM_COMMON_RELIC","is_daily":false,"chose_seed":false,"campfire_upgraded":0,"win_rate":0.0,"timestamp":1608642620,"path_taken":["M","M","?","?","?","R","M","E","T","R","$","?","?","M","R","BOSS","M","?","?","?","?","R","?","?","T","E","?","?","$","M","R","BOSS","M","?","M","?","$","R","E","?","T","E","R","?","M","M","R","BOSS"],"items_purchased_type":["Relic","Relic","Relic","Relic","Relic","Card"],"build_version":"2020-12-13","purchased_purges":0,"victory":true,"max_hp_per_floor":[75,75,75,75,76,76,77,78,78,78,78,79,79,80,80,81,81,82,82,82,82,83,83,83,83,83,84,85,86,86,87,87,88,88,89,89,90,90,90,90,91,94,94,95,95,95,96,97,97,98],"card_choices":[{"not_picked":["Hologram","Beam Cell"],"picked":"Streamline","floor":1},{"not_picked":["White Noise","Capacitor"],"picked":"Conserve Battery","floor":2},{"not_picked":["Conserve Battery","Recycle","Genetic Algorithm"],"picked":"SKIP","floor":5},{"not_picked":["hubris:PowerSurge","Cold Snap"],"picked":"Multi-Cast","floor":6},{"not_picked":["Coolheaded","Doom and Gloom"],"picked":"Static Discharge","floor":7},{"not_picked":["Blizzard","ReplayTheSpireMod:Reroute Power"],"picked":"Ball Lightning","floor":8},{"not_picked":["BasicCrystalCard","Barrage"],"picked":"Sweeping Beam","floor":12},{"not_picked":["Stack","BasicCrystalCard"],"picked":"Go for the Eyes","floor":14},{"not_picked":["hubris:DoWhile","Mirror Shield"],"picked":"Electrodynamics","floor":16},{"not_picked":["Redo","Compile Driver"],"picked":"Aggregate+1","floor":18},{"not_picked":["hubris:Prefetch","Genetic Algorithm+1","Glacier"],"picked":"SKIP","floor":27},{"not_picked":["Aggregate","Compile Driver"],"picked":"Gash","floor":28},{"not_picked":["Coolheaded","ReplayTheSpireMod:Repulse"],"picked":"Ball Lightning","floor":29},{"not_picked":["Steam","Darkness"],"picked":"Redo","floor":31},{"not_picked":["ReplayTheSpireMod:Repulse","Redo"],"picked":"Leap+1","floor":32},{"not_picked":["Coolheaded","Turbo"],"picked":"Redo+1","floor":35},{"not_picked":["ReplayTheSpireMod:Repulse+1","Coolheaded+1"],"picked":"Rip and Tear","floor":37},{"not_picked":["Turbo","Recycle"],"picked":"Go for the Eyes+1","floor":40},{"not_picked":["Self Repair+1","Streamline"],"picked":"Chill+1","floor":41},{"not_picked":["Loop","ReplayTheSpireMod:GoodbyeWorld+1"],"picked":"Redo+1","floor":44},{"not_picked":["Reinforced Body","Glacier"],"picked":"Self Repair+1","floor":45},{"not_picked":["BasicCrystalCard+1","Turbo+1"],"picked":"Ball Lightning+1","floor":47},{"not_picked":["Cold Snap+1","aspiration:Polymerization+1"],"picked":"Scrape+1","floor":48},{"not_picked":["Hologram+1","Coolheaded+1"],"picked":"Go for the Eyes+1","floor":49}],"player_experience":625443,"relics_obtained":[{"floor":8,"key":"hubris:64BitClover"},{"floor":9,"key":"Tiny Chest"},{"floor":20,"key":"Shuriken"},{"floor":25,"key":"PreservedInsect"},{"floor":27,"key":"Boot"},{"floor":31,"key":"FossilizedHelix"},{"floor":38,"key":"halation:KoshaPiece"},{"floor":41,"key":"hubris:SphereOfDissonance"},{"floor":43,"key":"Blue Doll"},{"floor":44,"key":"Akabeko"}],"event_choices":[{"cards_removed":["Defend_B"],"damage_healed":0,"gold_gain":0,"player_choice":"Card Removal","damage_taken":0,"max_hp_gain":0,"max_hp_loss":0,"event_name":"The Cleric","floor":3,"gold_loss":50},{"damage_healed":0,"gold_gain":0,"player_choice":"Trade","damage_taken":0,"relics_obtained":["FaceOfCleric"],"max_hp_gain":0,"max_hp_loss":0,"event_name":"FaceTrader","floor":4,"gold_loss":0},{"damage_healed":0,"gold_gain":0,"player_choice":"Ignored","damage_taken":0,"max_hp_gain":0,"max_hp_loss":0,"event_name":"Cursed Tome","floor":19,"gold_loss":0},{"damage_healed":0,"gold_gain":0,"player_choice":"Fought Bandits","damage_taken":0,"max_hp_gain":0,"max_hp_loss":0,"event_name":"Masked Bandits","floor":22,"gold_loss":0},{"damage_healed":0,"gold_gain":99,"player_choice":"Stole From Cult","damage_taken":0,"max_hp_gain":0,"max_hp_loss":0,"event_name":"Nest","floor":24,"gold_loss":0}],"is_beta":false,"boss_relics":[{"not_picked":["Nuclear Battery","aspiration:IroncladSkillbook"],"picked":"Fusion Hammer"},{"not_picked":["halation:PlatinumPhoenix","halation:SmartPhone"],"picked":"hubris:HollowSoul"}],"items_purged_floors":[],"is_endless":false,"potions_floor_spawned":[2,8,12,14,27,28,29,33,37,47],"ascension_level":1}}