{"host":"6999i8eg5ewbhdiq","time":1608669421,"event":{"mods":["AchievementEnabler","BaseMod","Colored Map","Colored Powertips","Highlight Path","Minty Spire (QoL Compilation)"],"gold_per_floor":[109,128,128,8,8,8,34,52,77,105,105,126,143,161,161,259,259,270,284,284,284,284,317,317,317,317,328,3,21,21,49,49,152,152,182,204,216,278,42,75,0,0,50,50,69,104,117,117,117,117],"floor_reached":51,"playtime":4188,"items_purged":["Strike_G"],"score":826,"play_id":"9e8f29c6-d8fc-4602-a58e-a875bc23cdeb","local_time":"20201222213701","is_ascension_mode":true,"campfire_choices":[{"data":"Neutralize","floor":6.0,"key":"SMITH"},{"data":"Underhanded Strike","floor":11.0,"key":"SMITH"},{"data":"Underhanded Strike","floor":15.0,"key":"SMITH"},{"floor":24.0,"key":"REST"},{"floor":30.0,"key":"REST"},{"data":"Tools of the Trade","floor":32.0,"key":"SMITH"},{"data":"Reflex","floor":42.0,"key":"SMITH"},{"data":"Acrobatics","floor":44.0,"key":"SMITH"},{"data":"Tactician","floor":49.0,"key":"SMITH"}],"circlet_count":0,"master_deck":["Strike_G","Strike_G","Strike_G","Defend_G","Defend_G+1","Defend_G","Defend_G+1","Survivor","Neutralize+1","Blade Dance","Acrobatics+1","Dagger Throw","Underhanded Strike+1","Prepared","Underhanded Strike+1","Tools of the Trade+1","Reflex+1","Tools of the Trade+1","CurseOfTheBell","Concentrate","Terror+1","Tactician+1"],"relics":["Ring of the Serpent","NeowsBlessing","MealTicket","Potion Belt","Omamori","Odd Mushroom","MutagenicStrength","Necronomicon","Frozen Egg 2","Tiny Chest","Pantograph","War Paint","Calling Bell","MawBank","Ninja Scroll","Turnip","Calipers","Paper Crane","Unceasing Top","Red Mask","Ancient Tea Set","Pen Nib","Eternal Feather"],"acts_visited":["Exordium","TheCity","TheBeyond"],"potions_floor_usage":[50],"damage_taken":[{"damage":0.0,"enemies":"Cultist","floor":1.0,"turns":1.0},{"damage":0.0,"enemies":"Jaw Worm","floor":2.0,"turns":1.0},{"damage":0.0,"enemies":"Gremlin Nob","floor":7.0,"turns":1.0},{"damage":0.0,"enemies":"Small Slimes","floor":8.0,"turns":3.0},{"damage":5.0,"enemies":"Lagavulin","floor":10.0,"turns":5.0},{"damage":5.0,"enemies":"The Mushroom Lair","floor":12.0,"turns":5.0},{"damage":0.0,"enemies":"Looter","floor":13.0,"turns":2.0},{"damage":2.0,"enemies":"2 Fungi Beasts","floor":14.0,"turns":2.0},{"damage":50.0,"enemies":"Slime Boss","floor":16.0,"turns":16.0},{"damage":14.0,"enemies":"Spheric Guardian","floor":18.0,"turns":4.0},{"damage":2.0,"enemies":"Shell Parasite","floor":19.0,"turns":3.0},{"damage":21.0,"enemies":"Slavers","floor":23.0,"turns":7.0},{"damage":11.0,"enemies":"Snake Plant","floor":27.0,"turns":2.0},{"damage":0.0,"enemies":"Sentry and Sphere","floor":29.0,"turns":5.0},{"damage":3.0,"enemies":"Book of Stabbing","floor":31.0,"turns":4.0},{"damage":34.0,"enemies":"Collector","floor":33.0,"turns":8.0},{"damage":4.0,"enemies":"3 Shapes","floor":35.0,"turns":2.0},{"damage":0.0,"enemies":"Orb Walker","floor":36.0,"turns":1.0},{"damage":5.0,"enemies":"Mind Bloom Boss Battle","floor":38.0,"turns":3.0},{"damage":13.0,"enemies":"Nemesis","floor":40.0,"turns":5.0},{"damage":1.0,"enemies":"Jaw Worm Horde","floor":45.0,"turns":3.0},{"damage":0.0,"enemies":"Giant Head","floor":46.0,"turns":5.0},{"damage":10.0,"enemies":"Spire Growth","floor":47.0,"turns":2.0},{"damage":31,"enemies":"Donu and Deca","floor":50,"turns":10}],"seed_played":"-8733231616294773308","potions_obtained":[{"floor":7.0,"key":"DistilledChaos"},{"floor":12.0,"key":"DuplicationPotion"},{"floor":14.0,"key":"EssenceOfSteel"},{"floor":16.0,"key":"LiquidBronze"},{"floor":27.0,"key":"Strength Potion"},{"floor":33.0,"key":"Weak Potion"},{"floor":36.0,"key":"ColorlessPotion"},{"floor":45.0,"key":"Regen Potion"},{"floor":47.0,"key":"LiquidMemories"}],"is_trial":false,"path_per_floor":["M","M","?","$","?","R","E","M","T","E","R","?","M","M","R","B",null,"M","M","?","?","?","E","R","?","T","M","$","M","R","E","R","B",null,"M","M","?","?","$","E","?","R","T","R","M","E","M","T","R","B",null],"character_chosen":"THE_SILENT","items_purchased":["Dagger Throw","Pantograph","Regen Potion","Paper Crane"],"campfire_rested":2,"item_purchase_floors":[4,28,28,39],"current_hp_per_floor":[70,70,63,63,63,63,63,63,63,58,58,53,53,51,51,1,70,56,54,54,38,38,17,38,38,38,27,42,56,70,67,67,36,70,66,66,66,61,66,53,53,53,53,53,52,52,47,47,59,35],"gold":117,"neow_bonus":"THREE_ENEMY_KILL","is_daily":false,"chose_seed":false,"campfire_upgraded":7,"win_rate":0.0,"timestamp":1608669421,"path_taken":["M","?","?","$","?","R","E","M","T","E","R","?","M","M","R","BOSS","M","M","?","?","?","E","R","?","T","M","$","M","R","E","R","BOSS","M","M","?","?","$","E","?","R","T","R","M","E","M","?","R","BOSS"],"items_purchased_type":["Card","Relic","Potion","Relic"],"build_version":"2020-12-13","purchased_purges":1,"victory":true,"max_hp_per_floor":[70,70,70,70,70,70,70,70,70,70,70,70,70,70,70,70,70,70,70,70,70,70,70,70,70,70,70,70,70,70,70,70,70,70,70,70,66,66,66,66,66,66,66,66,66,66,66,66,66,66],"card_choices":[{"not_picked":["Distraction","Dodge and Roll"],"picked":"Blade Dance","floor":1.0},{"not_picked":["Bane","Backflip"],"picked":"Acrobatics","floor":2.0},{"not_picked":["Eviscerate","Slice"],"picked":"Underhanded Strike","floor":7.0},{"not_picked":["Dagger Throw","Leg Sweep"],"picked":"Prepared","floor":8.0},{"not_picked":["Finisher","Catalyst","Choke"],"picked":"SKIP","floor":10.0},{"not_picked":["Dodge and Roll","Endless Agony"],"picked":"Underhanded Strike","floor":12.0},{"not_picked":["Quick Slash","Riddle With Holes","Deadly Poison"],"picked":"SKIP","floor":13.0},{"not_picked":["Phantasmal Killer","Quick Slash","Poisoned Stab"],"picked":"SKIP","floor":14.0},{"not_picked":["After Image","Burst"],"picked":"Tools of the Trade","floor":16.0},{"not_picked":["Skewer","Prepared"],"picked":"Reflex","floor":18.0},{"not_picked":["Setup","Finisher","Bane"],"picked":"SKIP","floor":19.0},{"not_picked":["Crippling Poison+1","Calculated Gamble","Deflect+1"],"picked":"SKIP","floor":23.0},{"not_picked":["Noxious Fumes+1","Dagger Spray+1","PiercingWail+1"],"picked":"SKIP","floor":27.0},{"not_picked":["Dodge and Roll","Deflect","Infinite Blades+1"],"picked":"SKIP","floor":29.0},{"not_picked":["Deflect","Crippling Poison+1","Outmaneuver+1"],"picked":"SKIP","floor":31.0},{"not_picked":["Corpse Explosion","Storm of Steel"],"picked":"Tools of the Trade+1","floor":33.0},{"not_picked":["Blade Dance","Acrobatics+1"],"picked":"Concentrate","floor":35.0},{"not_picked":["Backflip","Calculated Gamble","PiercingWail+1"],"picked":"SKIP","floor":36.0},{"not_picked":["Poisoned Stab+1","Cloak And Dagger+1"],"picked":"Terror+1","floor":38.0},{"not_picked":["PiercingWail+1","Deadly Poison+1","Venomology"],"picked":"SKIP","floor":40.0},{"not_picked":["Crippling Poison+1","Blade Dance"],"picked":"Tactician","floor":45.0},{"not_picked":["Heel Hook+1","Deadly Poison","Prepared"],"picked":"SKIP","floor":46.0},{"not_picked":["Flying Knee+1","Dagger Spray+1","Noxious Fumes+1"],"picked":"SKIP","floor":47.0}],"player_experience":89119,"relics_obtained":[{"floor":7.0,"key":"MealTicket"},{"floor":9.0,"key":"Potion Belt"},{"floor":10.0,"key":"Omamori"},{"floor":12.0,"key":"Odd Mushroom"},{"floor":21.0,"key":"Necronomicon"},{"floor":23.0,"key":"Frozen Egg 2"},{"floor":26.0,"key":"Tiny Chest"},{"floor":31.0,"key":"War Paint"},{"floor":34.0,"key":"MawBank"},{"floor":34.0,"key":"Ninja Scroll"},{"floor":34.0,"key":"Turnip"},{"floor":38.0,"key":"Calipers"},{"floor":40.0,"key":"Unceasing Top"},{"floor":43.0,"key":"Ancient Tea Set"},{"floor":46.0,"key":"Pen Nib"},{"floor":48.0,"key":"Eternal Feather"}],"event_choices":[{"cards_removed":["Strike_G"],"damage_healed":0.0,"max_hp_gain":0.0,"max_hp_loss":0.0,"gold_gain":0.0,"event_name":"Golden Wing","player_choice":"Card Removal","floor":3.0,"gold_loss":0.0,"damage_taken":7.0},{"damage_healed":0.0,"max_hp_gain":0.0,"max_hp_loss":0.0,"gold_gain":0.0,"event_name":"Liars Game","player_choice":"Ignored","floor":5.0,"gold_loss":0.0,"damage_taken":0.0},{"damage_healed":0.0,"max_hp_gain":0.0,"max_hp_loss":0.0,"gold_gain":0.0,"event_name":"Mushrooms","player_choice":"Fought Mushrooms","floor":12.0,"gold_loss":0.0,"damage_taken":0.0},{"damage_healed":0.0,"max_hp_gain":0.0,"max_hp_loss":0.0,"gold_gain":0.0,"event_name":"Drug Dealer","player_choice":"Inject Mutagens","floor":20.0,"gold_loss":0.0,"damage_taken":0.0,"relics_obtained":["MutagenicStrength"]},{"damage_healed":0.0,"max_hp_gain":0.0,"max_hp_loss":0.0,"gold_gain":0.0,"event_name":"Cursed Tome","player_choice":"Obtained Book","floor":21.0,"gold_loss":0.0,"damage_taken":16.0},{"cards_removed":["Defend_G"],"damage_healed":0.0,"max_hp_gain":0.0,"max_hp_loss":0.0,"gold_gain":0.0,"event_name":"Back to Basics","player_choice":"Elegance","floor":22.0,"gold_loss":0.0,"damage_taken":0.0},{"damage_healed":0.0,"max_hp_gain":0.0,"max_hp_loss":0.0,"gold_gain":0.0,"event_name":"Forgotten Altar","player_choice":"Smashed Altar","floor":25.0,"gold_loss":0.0,"damage_taken":0.0,"cards_obtained":["Decay"]},{"damage_healed":0.0,"max_hp_gain":0.0,"max_hp_loss":4.0,"gold_gain":0.0,"event_name":"Winding Halls","player_choice":"Max HP","floor":37.0,"gold_loss":0.0,"damage_taken":0.0},{"damage_healed":0.0,"max_hp_gain":0.0,"max_hp_loss":0.0,"gold_gain":0.0,"event_name":"MindBloom","player_choice":"Fight","floor":38.0,"gold_loss":0.0,"damage_taken":0.0},{"damage_healed":0.0,"max_hp_gain":0.0,"max_hp_loss":0.0,"gold_gain":0.0,"event_name":"Tomb of Lord Red Mask","player_choice":"Paid","floor":41.0,"gold_loss":75.0,"damage_taken":0.0,"relics_obtained":["Red Mask"]}],"is_beta":false,"boss_relics":[{"not_picked":["Coffee Dripper","SacredBark"],"picked":"Ring of the Serpent"},{"not_picked":["WristBlade","Black Star"],"picked":"Calling Bell"}],"items_purged_floors":[4],"is_endless":false,"potions_floor_spawned":[7,12,14,16,27,33,36,45,47],"ascension_level":2}}