{"host":"uv231blk40vjdojr","time":1608656666,"event":{"mods":["BaseMod","Minty Spire (QoL Compilation)","Relic Stats"],"gold_per_floor":[312,312,326,326,5,36,54,54,54,54,97,22,38,76,76,76,76],"floor_reached":16,"playtime":434,"items_purged":["Strike_R"],"score":212,"play_id":"0821b7e8-6957-449b-8a0f-6cbfe9be0aba","local_time":"20201222180426","is_ascension_mode":true,"campfire_choices":[{"data":"Anger","floor":8.0,"key":"SMITH"},{"data":"Bash","floor":10.0,"key":"SMITH"},{"floor":15.0,"key":"REST"}],"circlet_count":0,"master_deck":["AscendersBane","Strike_R","Strike_R","Strike_R","Strike_R","Defend_R","Defend_R","Defend_R","Defend_R","Bash+1","Anger+1","Pommel Strike","Whirlwind","Panache+1","Seeing Red","Reckless Charge","Rage","Fire Breathing+1","Demon Form+1"],"relics":["Burning Blood","Old Coin","Golden Idol","Frozen Egg 2","Juzu Bracelet","Darkstone Periapt","Red Skull","Torii"],"acts_visited":["Exordium"],"potions_floor_usage":[],"damage_taken":[{"damage":9.0,"enemies":"2 Louse","floor":1.0,"turns":3.0},{"damage":7.0,"enemies":"Jaw Worm","floor":3.0,"turns":3.0},{"damage":24.0,"enemies":"3 Sentries","floor":6.0,"turns":4.0},{"damage":7.0,"enemies":"Small Slimes","floor":7.0,"turns":2.0},{"damage":10.0,"enemies":"Gremlin Nob","floor":11.0,"turns":3.0},{"damage":21.0,"enemies":"Exordium Thugs","floor":13.0,"turns":3.0},{"damage":27.0,"enemies":"Lagavulin","floor":14.0,"turns":6.0},{"damage":28,"enemies":"The Guardian","floor":16,"turns":2}],"seed_played":"-7245414040596687576","potions_obtained":[{"floor":3.0,"key":"BloodPotion"},{"floor":6.0,"key":"Strength Potion"},{"floor":13.0,"key":"LiquidBronze"},{"floor":14.0,"key":"DuplicationPotion"}],"is_trial":false,"path_per_floor":["M","?","M","?","$","E","M","R","T","R","E","$","M","E","R","B"],"character_chosen":"IRONCLAD","items_purchased":["Whirlwind","Panache+1","PowerPotion"],"campfire_rested":1,"item_purchase_floors":[5,5,5],"current_hp_per_floor":[65,65,64,53,53,35,34,34,34,34,30,30,28,7,27,0,0],"gold":76,"neow_bonus":"ONE_RARE_RELIC","is_daily":false,"chose_seed":false,"campfire_upgraded":2,"win_rate":0.0,"timestamp":1608656666,"path_taken":["M","?","M","?","$","E","M","R","T","R","E","$","M","E","R","BOSS"],"items_purchased_type":["Card","Card","Potion"],"build_version":"2020-12-13","purchased_purges":1,"victory":false,"max_hp_per_floor":[75,68,68,68,68,68,68,68,68,68,68,68,68,68,68,68,68],"relic_stats":{"Darkstone Periapt":0,"Torii":0,"counters":[8,26],"Golden Idol":33,"Juzu Bracelet":0,"obtain_stats":[{"Darkstone Periapt":9,"Torii":14,"Golden Idol":2,"Juzu Bracelet":6,"Frozen Egg 2":4,"Burning Blood":0,"Red Skull":11,"Old Coin":0},{"Darkstone Periapt":4,"Torii":7,"Golden Idol":1,"Juzu Bracelet":3,"Frozen Egg 2":2,"Burning Blood":0,"Red Skull":5,"Old Coin":0},{"Darkstone Periapt":12,"Torii":24,"Golden Idol":3,"Juzu Bracelet":10,"Frozen Egg 2":6,"Burning Blood":0,"Red Skull":15,"Old Coin":0}],"Burning Blood":42},"card_choices":[{"not_picked":["Clothesline","Pommel Strike"],"picked":"Anger","floor":1.0},{"not_picked":["Perfected Strike","Headbutt"],"picked":"Pommel Strike","floor":3.0},{"not_picked":["Anger","Uppercut"],"picked":"Seeing Red","floor":6.0},{"not_picked":["Flex","Clothesline"],"picked":"Reckless Charge","floor":7.0},{"not_picked":["Battle Trance","Carnage"],"picked":"Rage","floor":11.0},{"not_picked":["Cleave","Havoc"],"picked":"Fire Breathing+1","floor":13.0},{"not_picked":["Feel No Pain+1","Reckless Charge"],"picked":"Demon Form+1","floor":14.0}],"player_experience":525013,"relics_obtained":[{"floor":6.0,"key":"Juzu Bracelet"},{"floor":9.0,"key":"Darkstone Periapt"},{"floor":11.0,"key":"Red Skull"},{"floor":14.0,"key":"Torii"}],"event_choices":[{"damage_healed":0.0,"max_hp_gain":0.0,"max_hp_loss":7.0,"gold_gain":0.0,"event_name":"Golden Idol","player_choice":"Lose Max HP","floor":2.0,"gold_loss":0.0,"damage_taken":0.0,"relics_obtained":["Golden Idol"]},{"damage_healed":0.0,"max_hp_gain":0.0,"max_hp_loss":0.0,"gold_gain":0.0,"event_name":"Scrap Ooze","player_choice":"Success","floor":4.0,"gold_loss":0.0,"damage_taken":11.0,"relics_obtained":["Frozen Egg 2"]}],"is_beta":false,"boss_relics":[],"items_purged_floors":[12],"is_endless":false,"potions_floor_spawned":[3,6,13,14],"killed_by":"The Guardian","ascension_level":16}}