{"host":"r53pw7z744tg3fxg","time":1608657041,"event":{"mods":["AchievementEnabler","BaseMod","Colored Map","Colored Powertips","Highlight Path","Minty Spire (QoL Compilation)","Quick Restart","Transform Curses"],"gold_per_floor":[116,126,126,137,152,152,185,202,228,228,248,262,262,295,295,400,400,417,417,427,7,33,33,50,50,50,76,76,76],"floor_reached":28,"playtime":1035,"items_purged":["Regret"],"score":385,"play_id":"9e74ce59-b903-441d-a5a0-b76af98fbdf5","local_time":"20201222101041","is_ascension_mode":true,"campfire_choices":[{"data":"Eruption","floor":6.0,"key":"SMITH"},{"floor":15.0,"key":"REST"},{"floor":23.0,"key":"REST"},{"floor":25.0,"key":"REST"}],"circlet_count":0,"master_deck":["Strike_P","Strike_P","Strike_P","Strike_P","Defend_P","Defend_P+1","Defend_P","Defend_P","Eruption+1","Vigilance","Panacea+1","ThirdEye","BattleHymn","BowlingBash","CarveReality","MasterReality","EmptyBody","Sanctity","SashWhip","Judgement+1","Consecrate","LessonLearned"],"relics":["PureWater","Ice Cream","Orichalcum","Tiny Chest","Mercury Hourglass","War Paint","Damaru","VioletLotus","PreservedInsect","Centennial Puzzle","Toxic Egg 2","Potion Belt"],"acts_visited":["Exordium","TheCity"],"potions_floor_usage":[28],"damage_taken":[{"damage":0.0,"enemies":"2 Louse","floor":1.0,"turns":2.0},{"damage":0.0,"enemies":"Jaw Worm","floor":2.0,"turns":3.0},{"damage":1.0,"enemies":"Cultist","floor":4.0,"turns":3.0},{"damage":1.0,"enemies":"2 Fungi Beasts","floor":5.0,"turns":3.0},{"damage":13.0,"enemies":"Lagavulin","floor":7.0,"turns":3.0},{"damage":9.0,"enemies":"Blue Slaver","floor":8.0,"turns":6.0},{"damage":0.0,"enemies":"Looter","floor":11.0,"turns":2.0},{"damage":7.0,"enemies":"Large Slime","floor":12.0,"turns":3.0},{"damage":2.0,"enemies":"3 Sentries","floor":14.0,"turns":5.0},{"damage":33.0,"enemies":"The Guardian","floor":16.0,"turns":10.0},{"damage":17.0,"enemies":"Spheric Guardian","floor":18.0,"turns":4.0},{"damage":8.0,"enemies":"Shell Parasite","floor":20.0,"turns":7.0},{"damage":12.0,"enemies":"Snecko","floor":24.0,"turns":5.0},{"damage":22.0,"enemies":"Gremlin Leader","floor":27.0,"turns":5.0},{"damage":41,"enemies":"Snake Plant","floor":28,"turns":5}],"seed_played":"-5638522240941845545","potions_obtained":[{"floor":1.0,"key":"AttackPotion"},{"floor":7.0,"key":"SpeedPotion"},{"floor":8.0,"key":"StancePotion"},{"floor":16.0,"key":"Dexterity Potion"},{"floor":24.0,"key":"DistilledChaos"},{"floor":27.0,"key":"StancePotion"}],"is_trial":false,"path_per_floor":["M","M","?","M","M","R","E","M","T","T","M","M","?","E","R","B",null,"M","?","M","$","T","R","M","R","T","E","M"],"character_chosen":"WATCHER","items_purchased":["PreservedInsect","LessonLearned","SkillPotion"],"campfire_rested":3,"item_purchase_floors":[21,21,21],"current_hp_per_floor":[65,65,65,64,63,63,50,41,41,41,41,34,16,14,35,2,55,38,38,30,30,30,51,39,60,60,38,0,0],"gold":76,"neow_bonus":"RANDOM_COLORLESS","is_daily":false,"chose_seed":false,"campfire_upgraded":1,"win_rate":0.0,"timestamp":1608657041,"path_taken":["M","M","?","M","M","R","E","M","T","?","M","M","?","E","R","BOSS","M","?","M","$","?","R","M","R","T","E","M"],"items_purchased_type":["Relic","Card","Potion"],"build_version":"2020-12-13","purchased_purges":1,"victory":false,"max_hp_per_floor":[72,72,72,72,72,72,72,72,72,72,72,72,72,72,72,72,72,72,72,72,72,72,72,72,72,72,72,72,72],"card_choices":[{"not_picked":["Jack Of All Trades","Mind Blast"],"picked":"Panacea","floor":0.0},{"not_picked":["WindmillStrike","LikeWater"],"picked":"ThirdEye","floor":1.0},{"not_picked":["ClearTheMind","ThirdEye"],"picked":"BattleHymn","floor":2.0},{"not_picked":["Indignation","CrushJoints"],"picked":"BowlingBash","floor":4.0},{"not_picked":["WaveOfTheHand","LikeWater"],"picked":"CarveReality","floor":5.0},{"not_picked":["Evaluate","JustLucky"],"picked":"MasterReality","floor":7.0},{"not_picked":["FollowUp","SashWhip"],"picked":"EmptyBody","floor":8.0},{"not_picked":["WheelKick","ThirdEye"],"picked":"Sanctity","floor":11.0},{"not_picked":["CutThroughFate","ClearTheMind"],"picked":"SashWhip","floor":12.0},{"not_picked":["BattleHymn","Pray","JustLucky"],"picked":"SKIP","floor":14.0},{"not_picked":["Wish","Establishment"],"picked":"Judgement","floor":16.0},{"not_picked":["SashWhip+1","FlurryOfBlows"],"picked":"Consecrate","floor":18.0},{"not_picked":["Weave+1","BattleHymn","WindmillStrike"],"picked":"SKIP","floor":20.0},{"not_picked":["Protect","Wireheading","Collect+1"],"picked":"SKIP","floor":24.0},{"not_picked":["EmptyBody+1","EmptyFist","CrushJoints"],"picked":"SKIP","floor":27.0}],"player_experience":1141386,"relics_obtained":[{"floor":7.0,"key":"Orichalcum"},{"floor":9.0,"key":"Tiny Chest"},{"floor":10.0,"key":"Mercury Hourglass"},{"floor":14.0,"key":"Damaru"},{"floor":22.0,"key":"Centennial Puzzle"},{"floor":26.0,"key":"Toxic Egg 2"},{"floor":27.0,"key":"Potion Belt"}],"event_choices":[{"damage_healed":0.0,"max_hp_gain":0.0,"max_hp_loss":0.0,"gold_gain":0.0,"event_name":"Big Fish","player_choice":"Box","floor":3.0,"gold_loss":0.0,"damage_taken":0.0,"relics_obtained":["Ice Cream"],"cards_obtained":["Regret"]},{"damage_healed":0.0,"max_hp_gain":0.0,"max_hp_loss":0.0,"gold_gain":0.0,"event_name":"Scrap Ooze","player_choice":"Success","floor":13.0,"gold_loss":0.0,"damage_taken":18.0,"relics_obtained":["War Paint"]},{"damage_healed":0.0,"max_hp_gain":0.0,"max_hp_loss":0.0,"gold_gain":0.0,"event_name":"Upgrade Shrine","player_choice":"Upgraded","floor":19.0,"gold_loss":0.0,"damage_taken":0.0,"cards_upgraded":["Judgement"]}],"is_beta":false,"boss_relics":[{"not_picked":["Coffee Dripper","Runic Pyramid"],"picked":"VioletLotus"}],"items_purged_floors":[21],"is_endless":false,"potions_floor_spawned":[1,7,8,16,24,27],"killed_by":"Snake Plant","ascension_level":8}}