{"host":"cyh4fejqtcjbfr7k","time":1608609934,"event":{"mods":["2.2 Compatiblity","AchievementEnabler","BaseMod","Colored Map","Colored Powertips","DeckTracker","Downfall","Googly Eyes","Hubris","Infinite Spire","Minty Spire (QoL Compilation)","Replay The Spire","Shop Mod","StSLib","SuperFastMode","Unceasing Turn Reminder"],"gold_per_floor":[12,25,25,25,25,53,53,63,63,63,78,98,47,75,75,75,75],"floor_reached":16,"playtime":542,"items_purged":[],"score":127,"play_id":"1d3b2740-84ab-4831-a3f4-f456c0d8802f","local_time":"20201221210534","is_ascension_mode":true,"campfire_choices":[{"floor":7,"key":"REST"},{"data":"ReplayReversal","floor":10,"key":"SMITH"},{"floor":15,"key":"REST"}],"circlet_count":0,"master_deck":["Strike_R","Strike_R","Strike_R","Strike_R","Strike_R","Defend_R","Defend_R","Defend_R","Defend_R","Bash","Reaper","Anger+1","ReplayReversal+1","Cleave","Fire Breathing","Shrug It Off","Thunderclap"],"relics":["Burning Blood","Regal Pillow","Onion Ring","Smiling Mask","Blood Vial"],"acts_visited":["Exordium"],"potions_floor_usage":[11,16],"damage_taken":[{"damage":42,"enemies":"infinitespire:Voidling","floor":1,"turns":7},{"damage":7,"enemies":"Jaw Worm","floor":2,"turns":3},{"damage":32,"enemies":"Gremlin Nob","floor":6,"turns":4},{"damage":0,"enemies":"Cultist","floor":8,"turns":2},{"damage":22,"enemies":"Gremlin Gang","floor":11,"turns":3},{"damage":22,"enemies":"Lots of Slimes","floor":12,"turns":3},{"damage":14,"enemies":"Replay:BlueRogue","floor":14,"turns":7},{"damage":89,"enemies":"The Guardian","floor":16,"turns":12}],"seed_played":"5406815106448163316","potions_obtained":[{"floor":8,"key":"hexamod:EctoCoolerPotion"},{"floor":14,"key":"SneckoOil"}],"is_trial":false,"path_per_floor":["M","M","$","?","?","E","R","M","T","R","M","M","$","E","R","B"],"character_chosen":"IRONCLAD","items_purchased":["Shrug It Off"],"campfire_rested":2,"item_purchase_floors":[13],"current_hp_per_floor":[75,78,78,78,78,54,80,80,80,80,69,64,64,60,80,0,0],"gold":75,"neow_bonus":"THREE_RARE_CARDS","is_daily":false,"chose_seed":false,"campfire_upgraded":1,"win_rate":0.0,"timestamp":1608609934,"path_taken":["M","?","$","?","?","E","R","?","T","R","?","M","$","E","R","BOSS"],"items_purchased_type":["Card"],"build_version":"2020-12-13","purchased_purges":0,"victory":false,"max_hp_per_floor":[80,80,80,80,80,80,80,80,80,80,80,80,80,80,80,80,80],"card_choices":[{"not_picked":["hubris:StunningStrike","Replay:Many Hands"],"picked":"Reaper","floor":0},{"not_picked":["hubris:ReadiedAction","Clash"],"picked":"Anger","floor":1},{"not_picked":["Dark Embrace","Warcry","Headbutt"],"picked":"SKIP","floor":2},{"not_picked":["Hemokinesis","True Grit"],"picked":"ReplayReversal","floor":6},{"not_picked":["ReplayReversal","ReplayTheSpireMod:Limb From Limb"],"picked":"Cleave","floor":8},{"not_picked":["Battle Trance","Defy Death","Clash"],"picked":"SKIP","floor":11},{"not_picked":["Intimidate","Run Through"],"picked":"Fire Breathing","floor":12},{"not_picked":["Warcry","infinitespire:OneForAll"],"picked":"Thunderclap","floor":14}],"player_experience":596383,"relics_obtained":[{"floor":4,"key":"Regal Pillow"},{"floor":6,"key":"Onion Ring"},{"floor":9,"key":"Smiling Mask"},{"floor":14,"key":"Blood Vial"}],"event_choices":[{"damage_healed":0,"gold_gain":0,"player_choice":"Upgraded","damage_taken":0,"max_hp_gain":0,"max_hp_loss":0,"event_name":"Upgrade Shrine","floor":5,"gold_loss":0,"cards_upgraded":["Anger"]}],"is_beta":false,"boss_relics":[],"items_purged_floors":[],"is_endless":false,"potions_floor_spawned":[8,14],"killed_by":"The Guardian","ascension_level":3}}