{"host":"0azimyi6n3ugndj4","time":1608637392,"event":{"mods":["BaseMod","Bestiary","Conspire","Curses Come First","Defuse TimeMaze Blight","Hyrulean Relics","Infinite Spire","Minty Spire (QoL Compilation)","Relic Sorter","Relic Stats","Replay The Spire","StSLib","SuperFastMode","Uncapped","¡¼?Úª?ø«¡½REMEMod"],"gold_per_floor":[138,168,118,118,0,0,93,93,119,124,175,180,237,285,285,519,519,573,488,527,617,647,647,743,743,743,743,748,808,913,913,913,913,913],"floor_reached":33,"playtime":823,"items_purged":["Eruption"],"score":846,"play_id":"717d7548-00ca-47a9-a552-879293515a9d","local_time":"20201222204312","daily_mods":["Insanity","Chimera","Specialized","Vintage","ControlledChaos","Allstar","Diverse","Colorless Cards","Heirloom","Time Dilation","Binary","Elite Swarm","Lethality","Midas","Uncertain Future"],"is_ascension_mode":true,"campfire_choices":[{"floor":6,"key":"REST"},{"floor":8,"key":"REST"},{"floor":15,"key":"REST"},{"floor":23,"key":"REST"},{"floor":27,"key":"REST"},{"floor":32,"key":"REST"}],"circlet_count":0,"master_deck":["Demon Form","Wraith Form v2","Echo Form","DevaForm","AscendersBane","Bash","Survivor","Zap","Strike_R","Strike_G+1","Strike_B","Defend_R+1","Defend_G","Defend_P","Bandage Up","Reckless Charge","Bandage Up","Mind Blast","Inflame","REME_Scribble","ReplayTheSpireMod:Limb From Limb","Steam","Catalyst","Pommel Strike","Outmaneuver","Poisoned Stab","ReplayTheSpireMod:Exploit Weakness","Blade Dance","CutThroughFate","Havoc","Conserve Battery","Dagger Spray","BowlingBash","Choke","Barrage","Pommel Strike","Deadly Poison","FlurryOfBlows","conspire:DoublingDagger","Conserve Battery","Wireheading","CutThroughFate+1","Dagger Throw","Poisoned Stab","Fluid Movement","Sweeping Beam","Twin Strike","CrushJoints","REME_ShortnessOfBreath","Clothesline","Gash","Lockon+1","Rupture","Poisoned Stab","ReplayTheSpireMod:Muscle Training","ReplayTheSpireMod:Private Reserves","Streamline","Lockon","Cloak And Dagger","SashWhip","Cold Snap","Swivel","Escape Plan","WreathOfFlame","REME_Compress","REME_Compress","REME_Compress","REME_Compress+1","REME_Compress","Flash of Steel","ReplayTheSpireMod:Necrogeddon","Secret Technique","REME_MagicPocketWatch","Secret Technique","ForeignInfluence","conspire:SpireCoStock","Replay:ManipulateFuture","Terror","Night Terror+1","Hemogenesis","After Image","REME_CRH","Seek","Static Discharge","ReplayTheSpireMod:Brewmster","infinitespire:Collect","Seek","Offering","Bash","Fasting2"],"relics":["Burning Blood","Frozen Eye","REME_ComplimentaryCards","Replay:Arrowhead","Blue Doll","Blood Vial","Replay:Wax Seal","Gremlin Food","Cauldron","zeldaRelics:CourageTriforce","Garlic","zeldaRelics:WisdomTriforce","conspire:GiftBox","infinitespire:Satchel","zeldaRelics:HylianShield","White Beast Statue","StoneCalendar","Replay:Bottled Steam","Red Mask","Replay:Bottled Flurry","Black Star","Ice Cream","zeldaRelics:PowerTriforce","Self Forming Clay","zeldaRelics:PowerPiece"],"acts_visited":["Exordium","TheCity"],"potions_floor_usage":[33],"damage_taken":[{"damage":0,"enemies":"Small Slimes","floor":1,"turns":1},{"damage":0,"enemies":"Jaw Worm","floor":2,"turns":1},{"damage":23,"enemies":"Lagavulin","floor":7,"turns":3},{"damage":9,"enemies":"Replay:BlueRogue","floor":10,"turns":3},{"damage":0,"enemies":"Cultist","floor":11,"turns":1},{"damage":24,"enemies":"3 Sentries","floor":12,"turns":6},{"damage":0,"enemies":"Blue Slaver","floor":13,"turns":1},{"damage":0,"enemies":"2 Fungi Beasts","floor":14,"turns":3},{"damage":67,"enemies":"Fading Forest","floor":16,"turns":13},{"damage":13,"enemies":"3 Byrds","floor":18,"turns":5},{"damage":11,"enemies":"2 Thieves","floor":20,"turns":2},{"damage":24,"enemies":"Masked Bandits","floor":21,"turns":4},{"damage":2,"enemies":"Centurion and Healer","floor":22,"turns":3},{"damage":20,"enemies":"Slavers","floor":24,"turns":5},{"damage":5,"enemies":"Nightmare","floor":28,"turns":4},{"damage":23,"enemies":"Chosen and Byrds","floor":29,"turns":5},{"damage":10,"enemies":"conspire:Head Lice","floor":30,"turns":2},{"damage":158,"enemies":"Collector","floor":33,"turns":6}],"seed_played":"5928853868096712827","potions_obtained":[{"floor":1,"key":"Swift Potion"},{"floor":2,"key":"Explosive Potion"},{"floor":5,"key":"FairyPotion"},{"floor":5,"key":"LiquidMemories"},{"floor":5,"key":"Explosive Potion"},{"floor":20,"key":"Adrenaline Potion"}],"is_trial":true,"path_per_floor":["M","M","?","?","$","R","E","R","T","E","M","E","M","M","R","B",null,"M","?","M","?","M","R","E","AVR","T","R","NM","M","E","?","R","B"],"character_chosen":"IRONCLAD","items_purchased":["Replay:Wax Seal","Gremlin Food","Cauldron"],"campfire_rested":6,"item_purchase_floors":[5,5,5],"current_hp_per_floor":[74,75,75,75,75,75,58,75,75,74,77,65,73,79,79,20,66,81,81,76,64,72,83,73,73,73,83,83,73,71,71,83,0,0],"gold":913,"neow_bonus":"","is_daily":false,"chose_seed":false,"campfire_upgraded":0,"win_rate":0.0,"timestamp":1608637392,"path_taken":["M","M","?","?","$","R","E","R","T","E","?","E","M","M","R","BOSS","M","?","M","?","M","R","E","AVR","T","R","NM","M","E","?","R","BOSS"],"items_purchased_type":["Relic","Relic","Relic"],"build_version":"2020-12-13","purchased_purges":1,"victory":false,"max_hp_per_floor":[75,75,75,75,75,75,75,75,75,77,77,79,79,79,79,81,81,81,81,81,81,83,83,83,83,83,83,83,83,83,83,83,85,85],"relic_stats":{"Blood Vial":14,"counters":[18,68],"Self Forming Clay":[39],"StoneCalendar":[0],"Black Star":2,"obtain_stats":[{"Ice Cream":25,"Blue Doll":1,"StoneCalendar":19,"Burning Blood":0,"zeldaRelics:WisdomTriforce":26,"Blood Vial":2,"Frozen Eye":0,"zeldaRelics:CouragePiece":7,"Red Mask":21,"Replay:Bottled Flurry":22,"Replay:Wax Seal":5,"zeldaRelics:PowerPiece":28,"Replay:Bottled Steam":20,"Gremlin Food":5,"zeldaRelics:WisdomPiece":12,"Self Forming Clay":29,"zeldaRelics:PowerTriforce":30,"Replay:Arrowhead":0,"zeldaRelics:CourageTriforce":10,"White Beast Statue":18,"Cauldron":5,"conspire:GiftBox":13,"infinitespire:Satchel":14,"Garlic":11,"Black Star":25,"REME_ComplimentaryCards":0,"zeldaRelics:HylianShield":17},{"Ice Cream":14,"Blue Doll":1,"StoneCalendar":10,"Burning Blood":0,"zeldaRelics:WisdomTriforce":14,"Blood Vial":2,"Frozen Eye":0,"zeldaRelics:CouragePiece":3,"Red Mask":12,"Replay:Bottled Flurry":13,"Replay:Wax Seal":2,"zeldaRelics:PowerPiece":15,"Replay:Bottled Steam":11,"Gremlin Food":2,"zeldaRelics:WisdomPiece":6,"Self Forming Clay":16,"zeldaRelics:PowerTriforce":17,"Replay:Arrowhead":0,"zeldaRelics:CourageTriforce":4,"White Beast Statue":10,"Cauldron":2,"conspire:GiftBox":7,"infinitespire:Satchel":8,"Garlic":5,"Black Star":14,"REME_ComplimentaryCards":0,"zeldaRelics:HylianShield":9},{"Ice Cream":51,"Blue Doll":1,"StoneCalendar":37,"Burning Blood":0,"zeldaRelics:WisdomTriforce":51,"Blood Vial":2,"Frozen Eye":0,"zeldaRelics:CouragePiece":5,"Red Mask":43,"Replay:Bottled Flurry":46,"Replay:Wax Seal":2,"zeldaRelics:PowerPiece":55,"Replay:Bottled Steam":39,"Gremlin Food":2,"zeldaRelics:WisdomPiece":15,"Self Forming Clay":60,"zeldaRelics:PowerTriforce":62,"Replay:Arrowhead":0,"zeldaRelics:CourageTriforce":8,"White Beast Statue":37,"Cauldron":2,"conspire:GiftBox":16,"infinitespire:Satchel":19,"Garlic":9,"Black Star":51,"REME_ComplimentaryCards":0,"zeldaRelics:HylianShield":32}],"Burning Blood":80},"card_choices":[{"not_picked":["SpiritShield"],"picked":"Night Terror","floor":7},{"not_picked":["Juggernaut"],"picked":"Hemogenesis","floor":10},{"not_picked":["Secret Technique"],"picked":"After Image","floor":12},{"not_picked":["Replay:Dark Deal"],"picked":"REME_CRH","floor":13},{"not_picked":["Magnetism"],"picked":"Seek","floor":16},{"not_picked":["REME_Repentance+1"],"picked":"Static Discharge","floor":21},{"not_picked":["Machine Learning"],"picked":"ReplayTheSpireMod:Brewmster","floor":24},{"not_picked":["infinitespire:SealOfDarkness+","infinitespire:DeathsTouch"],"picked":"infinitespire:Collect","floor":28},{"not_picked":["Panache"],"picked":"Seek","floor":28},{"not_picked":["Scrawl"],"picked":"Offering","floor":30}],"player_experience":1489879,"relics_obtained":[{"floor":1,"key":"Blue Doll"},{"floor":2,"key":"Blood Vial"},{"floor":7,"key":"zeldaRelics:CouragePiece"},{"floor":9,"key":"zeldaRelics:CouragePiece"},{"floor":10,"key":"zeldaRelics:CouragePiece"},{"floor":11,"key":"Garlic"},{"floor":12,"key":"zeldaRelics:WisdomPiece"},{"floor":13,"key":"conspire:GiftBox"},{"floor":14,"key":"infinitespire:Satchel"},{"floor":18,"key":"White Beast Statue"},{"floor":20,"key":"Replay:Bottled Steam"},{"floor":21,"key":"Red Mask"},{"floor":22,"key":"Replay:Bottled Flurry"},{"floor":24,"key":"zeldaRelics:WisdomPiece"},{"floor":26,"key":"zeldaRelics:WisdomPiece"},{"floor":28,"key":"zeldaRelics:PowerPiece"},{"floor":28,"key":"zeldaRelics:PowerPiece"},{"floor":29,"key":"Self Forming Clay"},{"floor":30,"key":"zeldaRelics:PowerPiece"},{"floor":30,"key":"zeldaRelics:PowerPiece"}],"event_choices":[{"damage_healed":0,"gold_gain":0,"player_choice":"Invest 1","damage_taken":0,"max_hp_gain":0,"max_hp_loss":0,"event_name":"conspire:Investor","floor":3,"gold_loss":0},{"damage_healed":0,"gold_gain":0,"player_choice":"2 cards matched","damage_taken":0,"max_hp_gain":0,"max_hp_loss":0,"event_name":"Match and Keep!","floor":4,"gold_loss":0,"cards_obtained":["Replay:ManipulateFuture","Terror"]},{"damage_healed":0,"gold_gain":0,"player_choice":"2 cards matched","damage_taken":0,"max_hp_gain":0,"max_hp_loss":0,"event_name":"Match and Keep!","floor":4,"gold_loss":0,"cards_obtained":["Replay:ManipulateFuture","Terror"]},{"damage_healed":0,"gold_gain":0,"player_choice":"Obtained Relic","damage_taken":0,"relics_obtained":["StoneCalendar"],"max_hp_gain":0,"max_hp_loss":0,"event_name":"Addict","floor":19,"gold_loss":85},{"damage_healed":0,"gold_gain":0,"player_choice":"Fought Bandits","damage_taken":0,"max_hp_gain":0,"max_hp_loss":0,"event_name":"Masked Bandits","floor":21,"gold_loss":0},{"damage_healed":0,"gold_gain":0,"player_choice":"2 cards matched","damage_taken":0,"max_hp_gain":0,"max_hp_loss":0,"event_name":"Match and Keep!","floor":31,"gold_loss":0,"cards_obtained":["Bash","Fasting2"]}],"is_beta":false,"boss_relics":[{"not_picked":["REME_LowDesire","Mark of Pain"],"picked":"zeldaRelics:HylianShield"}],"items_purged_floors":[5],"is_endless":true,"potions_floor_spawned":[1,2,10,12,20,21,22,24,29,30],"killed_by":"Collector","ascension_level":20}}