{"host":"91kqwblrqvon3fcz","time":1608678360,"event":{"mods":["Act Like it!","BaseMod","Elementarium","Hermit","Minty Spire (QoL Compilation)","Quick Restart","StSLib"],"gold_per_floor":[110,210,141,152,166,193,193,220,247,275,275,275,134,149,149,245,245,262,262,276,276,287,314,331,331,355,160,160,195,10,30,30,131,131,148,148,159,169,169,183,183,183],"floor_reached":41,"playtime":1599,"items_purged":["Halt"],"score":527,"play_id":"5298ab8e-8e0c-480c-9600-c0f7ed008fb6","local_time":"20201222150600","is_ascension_mode":true,"campfire_choices":[{"floor":7.0,"key":"REST"},{"floor":11.0,"key":"REST"},{"floor":15.0,"key":"REST"},{"floor":25.0,"key":"REST"},{"floor":28.0,"key":"RECALL"},{"data":"Eruption","floor":32.0,"key":"SMITH"}],"circlet_count":0,"master_deck":["Strike_P","Strike_P","Strike_P","Defend_P","Defend_P","Defend_P","Defend_P","Eruption+1","Vigilance","WreathOfFlame","Ragnarok","Halt","Weave","Prostrate","Pray","EmptyBody","Pray","Wireheading","ThirdEye","Vault","Crescendo+1","WaveOfTheHand+1","Judgement+1","Prostrate","RitualDagger","Weave","Pray+1","LikeWater","SignatureMove","DevaForm","Prostrate","Study","FollowUp","LikeWater","CutThroughFate","Blasphemy","EmptyFist","FlurryOfBlows","MentalFortress"],"relics":["PureWater","Dream Catcher","Pen Nib","Regal Pillow","Vajra","Astrolabe","Kunai","MealTicket","Potion Belt","PreservedInsect","Philosopher\u0027s Stone"],"acts_visited":["TheCity","TheBeyond"],"potions_floor_usage":[],"damage_taken":[{"damage":0.0,"enemies":"2 Louse","floor":1.0,"turns":1.0},{"damage":6.0,"enemies":"Cultist","floor":4.0,"turns":6.0},{"damage":8.0,"enemies":"Jaw Worm","floor":5.0,"turns":3.0},{"damage":18.0,"enemies":"Gremlin Nob","floor":6.0,"turns":4.0},{"damage":10.0,"enemies":"Lagavulin","floor":8.0,"turns":8.0},{"damage":32.0,"enemies":"Gremlin Nob","floor":10.0,"turns":5.0},{"damage":12.0,"enemies":"Red Slaver","floor":14.0,"turns":5.0},{"damage":43.0,"enemies":"Slime Boss","floor":16.0,"turns":9.0},{"damage":7.0,"enemies":"Shell Parasite","floor":18.0,"turns":4.0},{"damage":3.0,"enemies":"Chosen","floor":20.0,"turns":3.0},{"damage":0.0,"enemies":"Snecko","floor":21.0,"turns":1.0},{"damage":26.0,"enemies":"Shelled Parasite and Fungi","floor":22.0,"turns":4.0},{"damage":23.0,"enemies":"Slavers","floor":23.0,"turns":7.0},{"damage":17.0,"enemies":"Snake Plant","floor":24.0,"turns":5.0},{"damage":0.0,"enemies":"Book of Stabbing","floor":29.0,"turns":2.0},{"damage":18.0,"enemies":"Centurion and Healer","floor":31.0,"turns":6.0},{"damage":51.0,"enemies":"Champ","floor":33.0,"turns":11.0},{"damage":2.0,"enemies":"Orb Walker","floor":35.0,"turns":3.0},{"damage":31.0,"enemies":"3 Darklings","floor":37.0,"turns":4.0},{"damage":18.0,"enemies":"4 Shapes","floor":38.0,"turns":9.0},{"damage":37.0,"enemies":"Transient","floor":40.0,"turns":6.0},{"damage":49,"enemies":"Reptomancer","floor":41,"turns":2}],"seed_played":"-6382695677786745874","potions_obtained":[{"floor":4.0,"key":"Swift Potion"},{"floor":5.0,"key":"LiquidBronze"},{"floor":8.0,"key":"SmokeBomb"},{"floor":10.0,"key":"Ambrosia"},{"floor":20.0,"key":"FairyPotion"},{"floor":23.0,"key":"FearPotion"},{"floor":29.0,"key":"Energy Potion"},{"floor":31.0,"key":"DistilledChaos"},{"floor":38.0,"key":"AttackPotion"}],"is_trial":false,"path_per_floor":["M","?","$","M","M","E","R","E","T","E","R","?","$","M","R","B",null,"M","?","M","M","M","E","M","R","T","$","R","E","$","M","R","B",null,"M","$","M","M","?","M","E"],"character_chosen":"WATCHER","items_purchased":["Ragnarok","Pray","Wireheading","Prostrate","Study","PreservedInsect","LikeWater"],"campfire_rested":4,"item_purchase_floors":[3,13,13,27,27,30,30],"current_hp_per_floor":[79,79,79,73,65,47,70,60,60,28,66,66,66,54,79,36,79,72,66,63,63,37,14,21,59,59,74,74,74,79,61,61,10,79,77,79,48,30,69,32,0,0],"gold":183,"neow_bonus":"TEN_PERCENT_HP_BONUS","is_daily":false,"chose_seed":false,"campfire_upgraded":1,"win_rate":0.0,"timestamp":1608678360,"path_taken":["M","?","$","?","M","E","R","E","T","E","R","?","$","?","R","BOSS","M","?","M","M","M","E","M","R","T","$","R","E","$","M","R","BOSS","M","$","M","M","?","M","E"],"items_purchased_type":["Card","Card","Card","Card","Card","Relic","Card"],"build_version":"2020-12-13","purchased_purges":1,"victory":false,"max_hp_per_floor":[79,79,79,79,79,79,79,79,79,79,79,79,79,79,79,79,79,79,79,79,79,79,79,79,79,79,79,79,79,79,79,79,79,79,79,79,79,79,69,69,69,69],"card_choices":[{"not_picked":["EmptyBody","Study"],"picked":"WreathOfFlame","floor":1.0},{"not_picked":["FollowUp","Evaluate"],"picked":"Halt","floor":4.0},{"not_picked":["BowlingBash","SashWhip"],"picked":"Halt","floor":5.0},{"not_picked":["Consecrate","Pray"],"picked":"Weave","floor":6.0},{"not_picked":["CarveReality","Halt"],"picked":"Prostrate","floor":7.0},{"not_picked":["Sanctity","Halt"],"picked":"PathToVictory","floor":8.0},{"not_picked":["Evaluate","Omniscience"],"picked":"Pray","floor":10.0},{"not_picked":["Consecrate","BowlingBash"],"picked":"EmptyBody","floor":11.0},{"not_picked":["Protect","WindmillStrike"],"picked":"Halt","floor":14.0},{"not_picked":["MasterReality","WheelKick"],"picked":"ThirdEye","floor":15.0},{"not_picked":["ConjureBlade","Judgement"],"picked":"Vault","floor":16.0},{"not_picked":["ClearTheMind","Sanctity+1"],"picked":"Prostrate","floor":18.0},{"not_picked":["Vengeance+1","Tantrum"],"picked":"Weave","floor":20.0},{"not_picked":["WindmillStrike","BowlingBash+1"],"picked":"Pray+1","floor":22.0},{"not_picked":["SashWhip","EmptyFist"],"picked":"LikeWater","floor":23.0},{"not_picked":["Tantrum","BattleHymn"],"picked":"SignatureMove","floor":24.0},{"not_picked":["CarveReality","Vengeance"],"picked":"DevaForm","floor":25.0},{"not_picked":["CrushJoints","BowlingBash+1"],"picked":"FollowUp","floor":29.0},{"not_picked":["PathToVictory","LikeWater"],"picked":"CutThroughFate","floor":31.0},{"not_picked":["Judgement","DeusExMachina"],"picked":"Blasphemy","floor":33.0},{"not_picked":["ClearTheMind+1","WindmillStrike+1"],"picked":"EmptyFist","floor":35.0},{"not_picked":["Fasting2+1","SashWhip+1"],"picked":"FlurryOfBlows","floor":37.0},{"not_picked":["Wallop+1","Evaluate","ClearTheMind"],"picked":"SKIP","floor":38.0},{"not_picked":["CrushJoints","Sanctity+1"],"picked":"MentalFortress","floor":40.0}],"player_experience":399641,"relics_obtained":[{"floor":6.0,"key":"Dream Catcher"},{"floor":8.0,"key":"Pen Nib"},{"floor":9.0,"key":"Regal Pillow"},{"floor":10.0,"key":"Vajra"},{"floor":23.0,"key":"Kunai"},{"floor":26.0,"key":"MealTicket"},{"floor":29.0,"key":"Potion Belt"}],"event_choices":[{"damage_healed":0.0,"max_hp_gain":0.0,"max_hp_loss":0.0,"gold_gain":100.0,"event_name":"Wheel of Change","player_choice":"Gold","floor":2.0,"gold_loss":0.0,"damage_taken":0.0},{"damage_healed":0.0,"max_hp_gain":0.0,"max_hp_loss":0.0,"gold_gain":0.0,"event_name":"The Woman in Blue","player_choice":"Bought 0 Potions","floor":12.0,"gold_loss":0.0,"damage_taken":0.0},{"damage_healed":0.0,"max_hp_gain":0.0,"max_hp_loss":0.0,"gold_gain":0.0,"event_name":"Nest","player_choice":"Joined the Cult","floor":19.0,"gold_loss":0.0,"damage_taken":6.0,"cards_obtained":["RitualDagger"]},{"damage_healed":69.0,"max_hp_gain":0.0,"max_hp_loss":10.0,"gold_gain":0.0,"event_name":"The Moai Head","player_choice":"Heal","floor":39.0,"gold_loss":0.0,"damage_taken":0.0}],"is_beta":false,"boss_relics":[{"not_picked":["Busted Crown","Runic Dome"],"picked":"Astrolabe"},{"not_picked":["SlaversCollar","Snecko Eye"],"picked":"Philosopher\u0027s Stone"}],"items_purged_floors":[27],"is_endless":false,"potions_floor_spawned":[4,5,8,10,20,23,29,31,38],"killed_by":"Reptomancer","ascension_level":1}}