{"host":"s8k08j4eybfen9r6","time":1608605124,"event":{"mods":["Aspiration","BaseMod","Better Altar","Better Match","Better Note","Better Sensory Stone","Better Skull","Better Third Choice","BetterRewards","Clockwork Mod","Downfall","Hubris","Minty Spire (QoL Compilation)","MostiFishMod","Rare Cards Sparkle","Reworked Bosses","Shop Mod","Spicy Shops","StSLib","The Animator"],"gold_per_floor":[112,112,128,144,168,168,199,274,274,286,68,78,88,115,115,115,115],"floor_reached":16,"playtime":757,"items_purged":[],"score":112,"play_id":"07a3739d-0c21-4c12-b790-ae4efe0328f1","local_time":"20201222124524","is_ascension_mode":false,"campfire_choices":[],"circlet_count":0,"master_deck":["animator:Eris","Clockwork:Strike","Clockwork:Strike","Clockwork:Strike","Clockwork:Strike","Clockwork:Shield","Clockwork:Shield","Clockwork:Shield","Clockwork:Shield","Clockwork:Tinker","Clockwork:WarmUp","Clockwork:Improve","Clockwork:ChargingBlade","Clockwork:Roundhouse+1","Clockwork:WoundupStrike","Clockwork:CogToss+1","Clockwork:AssemblyLine","Clockwork:Pluck","Clockwork:Randomization","Clockwork:ChargingShield","Clockwork:LiteraryArmor+1","Clockwork:LogisticRegression","Clockwork:Efficiency","Clockwork:ElasticNanites"],"relics":["Clockwork:MomentumEngine","DaveBox","ShadowXiaoBlade","NeowsBlessing","Question Card","aspiration:ArtOfWarUpgrade","Anchor","hubris:MedicalManual","Orrery","hubris:DeckOfHolding"],"acts_visited":["Exordium"],"potions_floor_usage":[7,16],"damage_taken":[{"damage":0,"enemies":"Jaw Worm","floor":1,"turns":1},{"damage":0,"enemies":"Small Slimes","floor":3,"turns":2},{"damage":0,"enemies":"Cultist","floor":4,"turns":1},{"damage":21,"enemies":"3 Sentries","floor":7,"turns":6},{"damage":7,"enemies":"Blue Slaver","floor":10,"turns":5},{"damage":17,"enemies":"Exordium Wildlife","floor":12,"turns":5},{"damage":4,"enemies":"Red Slaver","floor":13,"turns":4},{"damage":34,"enemies":"Lagavulin","floor":14,"turns":6},{"damage":17,"enemies":"The Guardian","floor":16,"turns":4}],"seed_played":"-8304577291736301103","potions_obtained":[{"floor":4,"key":"PowerPotion"},{"floor":13,"key":"Weak Potion"},{"floor":14,"key":"AttackPotion"}],"is_trial":false,"path_per_floor":["M","?","M","M","T","R","E","?","T","M","$","M","M","E","R","B"],"character_chosen":"CLOCKWORK","items_purchased":["Clockwork:AssemblyLine","Orrery"],"campfire_rested":0,"item_purchase_floors":[11,11],"current_hp_per_floor":[85,85,85,85,85,85,67,59,59,55,55,41,40,9,9,0,0],"gold":115,"neow_bonus":"THREE_ENEMY_KILL","is_daily":false,"chose_seed":false,"campfire_upgraded":0,"win_rate":0.0,"timestamp":1608605124,"path_taken":["M","?","M","M","?","R","E","?","T","?","$","M","M","E","R","BOSS"],"items_purchased_type":["Card","Relic"],"build_version":"2020-12-13","purchased_purges":0,"victory":false,"max_hp_per_floor":[85,85,85,85,85,85,85,85,85,85,85,85,85,85,85,85,85],"card_choices":[{"not_picked":["Clockwork:ReserveSystems","Clockwork:TimeOut"],"picked":"Clockwork:Improve","floor":1},{"not_picked":["Clockwork:RitualDaggerMk0","Clockwork:ReserveSystems","Clockwork:CogToss"],"picked":"Clockwork:ChargingBlade","floor":3},{"not_picked":["Clockwork:Minimalism","Clockwork:SnapKeep","Clockwork:QuantumStrike"],"picked":"Clockwork:Roundhouse","floor":4},{"not_picked":["Clockwork:CogShield","Clockwork:CogBarrier","Clockwork:Roundhouse"],"picked":"Clockwork:WindupStrike","floor":7},{"not_picked":["Clockwork:SystemScan","Clockwork:TiltAWhirl","Clockwork:Redundancy"],"picked":"Clockwork:CogToss","floor":10},{"not_picked":["Clockwork:Selectivity","Clockwork:ChargingBlade","Clockwork:ForgeStrike"],"picked":"Clockwork:Pluck","floor":11},{"not_picked":["Clockwork:SnapKeep","Clockwork:SearingStrike","Clockwork:AssemblyLine"],"picked":"Clockwork:SmithsMallet","floor":11},{"not_picked":["Clockwork:LiteraryArmor","Clockwork:SnapKeep","Clockwork:SiegeStrike"],"picked":"Clockwork:Randomization","floor":11},{"not_picked":["Clockwork:SnapKeep","Clockwork:Improve","Clockwork:Pluck"],"picked":"Clockwork:ChargingShield","floor":11},{"not_picked":["Clockwork:ChargingShield","Clockwork:ReserveSystems","Clockwork:ChargingBlade"],"picked":"Clockwork:LiteraryArmor","floor":11},{"not_picked":["Clockwork:SnapKeep","Clockwork:Enhance","Clockwork:Redundancy"],"picked":"Clockwork:LogisticRegression","floor":12},{"not_picked":["Clockwork:OccamsRazor","Clockwork:SearingStrike","Clockwork:CogShield"],"picked":"Clockwork:Efficiency","floor":13},{"not_picked":["Clockwork:Inspiration","Clockwork:ChargingBlade","Clockwork:SystemScan"],"picked":"Clockwork:ElasticNanites","floor":14}],"player_experience":359219,"relics_obtained":[{"floor":1,"key":"Question Card"},{"floor":5,"key":"Art of War"},{"floor":7,"key":"Anchor"},{"floor":9,"key":"hubris:MedicalManual"},{"floor":14,"key":"hubris:DeckOfHolding"}],"event_choices":[{"damage_healed":0,"gold_gain":0,"player_choice":"Leave","damage_taken":0,"max_hp_gain":0,"max_hp_loss":0,"event_name":"The Cleric","floor":2,"gold_loss":0},{"damage_healed":0,"gold_gain":75,"player_choice":"Touch","damage_taken":8,"max_hp_gain":0,"max_hp_loss":0,"event_name":"FaceTrader","floor":8,"gold_loss":0}],"is_beta":false,"boss_relics":[],"items_purged_floors":[],"is_endless":false,"potions_floor_spawned":[4,13,14],"killed_by":"The Guardian","ascension_level":0}}