{"host":"wonp23fsqqcu31ie","time":1608634624,"event":{"mods":["2.2 Compatiblity","AchievementEnabler","Aspiration","BaseMod","Bestiary","Better Altar","Better Match","Better Sensory Stone","Better Skull","Better Third Choice","BetterRewards","Block Reminder","Colored Map","Colored Powertips","Conspire","DeckTracker","Displayed Cursed Tome","Downfall","Hermit","Highlight Path","Hubris","Minty Spire (QoL Compilation)","Permanent Neow","Quick Restart","Rare Cards Sparkle","Relic Stats","Replay The Spire","Shade Mod","Shop Mod","StSLib","SuperFastMode","The Animator","The Cursed","The Dragon Tamer","The Gatherer","The Necromancer","The Runesmith","The Servant 0.9.4"],"gold_per_floor":[226,226,191,191,151,151,151],"floor_reached":6,"playtime":110,"items_purged":[],"score":37,"play_id":"5380a85b-9229-4baf-9dc2-f49405eb4648","local_time":"20201222215704","is_ascension_mode":true,"campfire_choices":[],"circlet_count":0,"master_deck":["animator:Strike_Konosuba","animator:Defend_Konosuba","animator:Strike","animator:Strike","animator:Strike","animator:Defend","animator:Defend","animator:Defend","animator:Kazuma","animator:Aqua","animator:Illya","Regret"],"relics":["animator:LivingPicture","animator:TheMissingPiece","Runesmith:AutoHammer","Art of War"],"acts_visited":["Exordium"],"potions_floor_usage":[6,6],"damage_taken":[{"damage":0,"enemies":"Small Slimes","floor":1,"turns":5},{"damage":57,"enemies":"Gremlin Nob","floor":6,"turns":6}],"seed_played":"9045453777082473519","potions_obtained":[{"floor":5,"key":"sneckomod:MuddlingPotion"},{"floor":5,"key":"LifebloodPotion"},{"floor":5,"key":"Adrenaline Potion"}],"is_trial":false,"path_per_floor":["M","?","?","?","?","E"],"character_chosen":"THE_ANIMATOR","items_purchased":[],"campfire_rested":0,"item_purchase_floors":[],"current_hp_per_floor":[66,59,66,66,66,11,11],"gold":151,"neow_bonus":"HUNDRED_GOLD","is_daily":false,"chose_seed":false,"campfire_upgraded":0,"win_rate":0.0,"timestamp":1608634624,"path_taken":["M","?","?","?","?","E"],"items_purchased_type":[],"build_version":"2020-12-13","purchased_purges":0,"victory":false,"max_hp_per_floor":[66,66,66,66,66,66,66],"relic_stats":{"counters":[2,11],"Art of War":[0],"obtain_stats":[{"animator:TheMissingPiece":0,"animator:LivingPicture":0,"Art of War":4,"Runesmith:AutoHammer":2},{"animator:TheMissingPiece":0,"animator:LivingPicture":0,"Art of War":1,"Runesmith:AutoHammer":1},{"animator:TheMissingPiece":0,"animator:LivingPicture":0,"Art of War":5,"Runesmith:AutoHammer":5}]},"card_choices":[{"not_picked":["animator:Sloth","animator:Gluttony"],"picked":"animator:Illya","floor":1}],"player_experience":670560,"relics_obtained":[],"event_choices":[{"damage_healed":0,"gold_gain":0,"player_choice":"Relic ","damage_taken":7,"max_hp_gain":0,"max_hp_loss":0,"event_name":"betterThird:BetterScrap","floor":2,"gold_loss":0,"cards_obtained":["Brutality"]},{"damage_healed":16,"gold_gain":0,"player_choice":"Healed","damage_taken":0,"max_hp_gain":0,"max_hp_loss":0,"event_name":"The Cleric","floor":3,"gold_loss":35},{"damage_healed":0,"gold_gain":0,"player_choice":"Box","damage_taken":0,"relics_obtained":["Art of War"],"max_hp_gain":0,"max_hp_loss":0,"event_name":"Big Fish","floor":4,"gold_loss":0,"cards_obtained":["Regret"]},{"damage_healed":0,"gold_gain":0,"player_choice":"Bought 3 Potions","damage_taken":0,"max_hp_gain":0,"max_hp_loss":0,"event_name":"The Woman in Blue","floor":5,"gold_loss":0}],"is_beta":false,"boss_relics":[],"items_purged_floors":[],"is_endless":false,"potions_floor_spawned":[],"killed_by":"Gremlin Nob","ascension_level":3}}