{"host":"s0d2u711fzg2n3il","time":1608600314,"event":{"mods":["2.2 Compatiblity","AchievementEnabler","Act Like it!","Aspiration","BaseMod","BetterRewards","Block Reminder","Conspire","Downfall","Duelist Mod","Ekko","GifTheSpireLib","Hermit","Hubris","JesterMod","Melee Mod","Minty Spire (QoL Compilation)","Nova Terra(??·??)","Pikachu Mod","Rare Cards Sparkle","Replay The Spire","Robot Space Explorer","Shade Mod","StSLib","The Bug Knight","The Death Knight","The Disciple","The Dragon Tamer","The Hierophant","The Necromancer","The Valiant","TheVacant","vexMod"],"gold_per_floor":[114,124,51,51,61,61,87,99,169,169,187,187,187,61,61,166,216,230,250,265,285,285,285,303,322,322,342,354,354,354,374,374,479,479,497,101,111,111,111,111,131,131,180,33,46,73,73,86,86,86,86],"floor_reached":50,"playtime":3981,"items_purged":[],"score":493,"play_id":"eeec49c4-4d58-4e87-badd-ef1235f49c0d","local_time":"20201222022514","is_ascension_mode":false,"campfire_choices":[{"data":"Pikachu:Flash","floor":6,"key":"SMITH"},{"data":"Pikachu:Double_Team","floor":10,"key":"SMITH"},{"data":"Pikachu:Strength","floor":12,"key":"SMITH"},{"data":"Pikachu:Agility","floor":15,"key":"SMITH"},{"floor":23,"key":"REST"},{"floor":30,"key":"REST"},{"floor":32,"key":"REST"},{"data":"DeathKnight:Simulacrum","floor":40,"key":"SMITH"},{"floor":42,"key":"REST"},{"floor":49,"key":"REST"}],"circlet_count":0,"master_deck":["Pikachu:TailWhip+1","Pikachu:Growl","Pikachu:ThunderShock","Pikachu:ElectroBall","Pikachu:QuickAttack","Pikachu:ThunderShock","Pikachu:Defend_Yellow","Pikachu:Defend_Yellow","Pikachu:Defend_Yellow","Pikachu:Flash+1","Pikachu:Strength+1","Pikachu:Double_Team+1","Pikachu:ZapCannon","Slimebound:Icky","hierophant:FieryStrike","Pikachu:LightScreen+1","Pikachu:Agility+1","ekkoTheBoyWhoShatteredTime:SandstormSympathy+1","ekkoTheBoyWhoShatteredTime:Knowledge+1","hexamod:AdvancingGuard+1","DeathKnight:Simulacrum+1","NovaMod:AirDrop+1","hexamod:WildfireWeapon","Guardian:RefractedBeam+1","DTMod:ExcessFootwork","theDuelist:Nameless:Power:MaskedDragon"],"relics":["Pikachu:LeftoversRelic","PrismaticShard","ReplayTheSpireMod:Shallot","Nloth\u0027s Gift","DeathKnight:SindragosasSkull","hubris:ScarierMask","Lantern","hubris:SphereOfDissonance","Strawberry","ReplayTheSpireMod:TigerMarble","Simple Rune"],"acts_visited":["Exordium","TheCity","TheBeyond"],"potions_floor_usage":[16,16,20,27,31,33,48,50,50],"damage_taken":[{"damage":0,"enemies":"Cultist","floor":1,"turns":4},{"damage":5,"enemies":"Jaw Worm","floor":2,"turns":4},{"damage":0,"enemies":"Small Slimes","floor":5,"turns":3},{"damage":7,"enemies":"conspire:2 RoseBushes","floor":8,"turns":6},{"damage":0,"enemies":"Lots of Slimes","floor":11,"turns":5},{"damage":4,"enemies":"Hexaghost","floor":16,"turns":10},{"damage":1,"enemies":"conspire:FuzzyDice","floor":18,"turns":6},{"damage":16,"enemies":"Spheric Guardian","floor":19,"turns":5},{"damage":10,"enemies":"Snake Plant","floor":20,"turns":4},{"damage":36,"enemies":"Sentry and Sphere","floor":21,"turns":8},{"damage":11,"enemies":"Centurion and Healer","floor":24,"turns":8},{"damage":0,"enemies":"Cultist and Chosen","floor":25,"turns":8},{"damage":6,"enemies":"Snake Plant","floor":27,"turns":3},{"damage":0,"enemies":"Shelled Parasite and Fungi","floor":28,"turns":6},{"damage":10,"enemies":"3 Cultists","floor":31,"turns":8},{"damage":56,"enemies":"hubris:MusketHawk","floor":33,"turns":12},{"damage":5,"enemies":"Orb Walker","floor":35,"turns":6},{"damage":0,"enemies":"3 Shapes","floor":37,"turns":7},{"damage":23,"enemies":"Spire Growth","floor":41,"turns":8},{"damage":5,"enemies":"Transient","floor":45,"turns":5},{"damage":18,"enemies":"Nemesis","floor":46,"turns":5},{"damage":0,"enemies":"Maw","floor":48,"turns":8},{"damage":107,"enemies":"Donu and Deca","floor":50,"turns":9}],"seed_played":"-6186586503202317274","potions_obtained":[{"floor":2,"key":"AttackPotion"},{"floor":11,"key":"Guardian:BlockOnCardUsePotion"},{"floor":17,"key":"Toxic Potion"},{"floor":19,"key":"Languid Potion"},{"floor":25,"key":"champ:CounterPotion"},{"floor":28,"key":"Fire Potion"},{"floor":45,"key":"Guardian:BlockOnCardUsePotion"},{"floor":46,"key":"Milkshake"},{"floor":48,"key":"Fruit Juice"}],"is_trial":false,"path_per_floor":["M","M","$","?","M","R","T","M","T","R","M","R","?","$","R","B",null,"M","M","M","M","?","R","M","M","T","M","M","?","R","M","R","B",null,"M","$","M","$","?","R","M","R","T","$","M","E","?","M","R","B"],"character_chosen":"THE_DEFAULT","items_purchased":["Pikachu:ZapCannon","Pikachu:LightScreen+1","Pikachu:Agility","Lantern","hubris:SphereOfDissonance","ReplayTheSpireMod:TigerMarble"],"campfire_rested":5,"item_purchase_floors":[3,14,14,36,36,44],"current_hp_per_floor":[77,72,72,72,74,74,74,69,69,69,71,71,71,71,71,69,82,81,66,58,24,24,48,39,39,39,35,37,31,55,47,71,17,82,77,77,79,79,79,79,58,82,89,89,84,68,68,75,94,0,0],"gold":86,"neow_bonus":"TEN_PERCENT_HP_BONUS","is_daily":false,"chose_seed":false,"campfire_upgraded":5,"win_rate":0.0,"timestamp":1608600314,"path_taken":["M","M","?","?","M","R","?","M","T","R","?","R","?","?","R","BOSS","M","M","M","M","?","R","M","M","T","?","M","?","R","M","R","BOSS","M","?","M","$","?","R","M","R","T","$","M","E","?","M","R","BOSS"],"items_purchased_type":["Card","Card","Card","Relic","Relic","Relic"],"build_version":"2020-12-13","purchased_purges":0,"victory":false,"max_hp_per_floor":[77,77,77,77,77,77,77,77,77,77,77,77,77,77,77,77,82,82,82,82,82,82,82,82,82,82,82,82,82,82,82,82,82,82,82,82,82,82,82,82,82,82,89,89,89,89,89,94,94,94,94],"card_choices":[{"not_picked":["Pikachu:Slam","Pikachu:Swagger"],"picked":"Pikachu:Strength","floor":1},{"not_picked":["Pikachu:Fling","Pikachu:Discharge"],"picked":"Pikachu:Double_Team","floor":2},{"not_picked":["jesterMod:SmokeScreen","jesterMod:BouncingKnife","theDuelist:AtomicFirefly"],"picked":"SKIP","floor":5},{"not_picked":["NovaMod:TripleTap","Guardian:TimeCapacitor","theDuelist:ShiranuiSpiritmaster"],"picked":"SKIP","floor":8},{"not_picked":["theDuelist:Kabazauls","theDuelist:ScrapBeast"],"picked":"hierophant:FieryStrike","floor":11},{"not_picked":["ekkoTheBoyWhoShatteredTime:ZhonyasHourglass","theVacant:VoidForm"],"picked":"ekkoTheBoyWhoShatteredTime:SandstormSympathy","floor":16},{"not_picked":["theDuelist:ShadowVampire","DTMod:CalculatedDefense"],"picked":"ekkoTheBoyWhoShatteredTime:Knowledge+1","floor":18},{"not_picked":["sneckomod:UnknownEthereal+1","theDuelist:MiracleFertilizer","Shade:AncientSpear"],"picked":"SKIP","floor":19},{"not_picked":["theDuelist:CombatMetronome","RobotSpaceExplorer:MetalStrike"],"picked":"hexamod:AdvancingGuard+1","floor":20},{"not_picked":["DTMod:Cover","theDuelist:GraydleCombat","hermit:TakeCover"],"picked":"SKIP","floor":21},{"not_picked":["theDuelist:HydraViper","theDuelist:CyberDinosaur","theDuelist:TimeSeal"],"picked":"SKIP","floor":24},{"not_picked":["theDuelist:SilverWing","AlternateTimeline"],"picked":"DeathKnight:Simulacrum","floor":25},{"not_picked":["theDuelist:BeakedSnake","theDuelist:BlackBrutdrago"],"picked":"NovaMod:AirDrop+1","floor":27},{"not_picked":["theDuelist:BusterBladerDDS","theDuelist:EnchantingMermaid","Shade:PoundOfFlesh"],"picked":"SKIP","floor":28},{"not_picked":["ekkoTheBoyWhoShatteredTime:FeelIt","theDuelist:BrushfireKnight","champ:BringItOn"],"picked":"SKIP","floor":31},{"not_picked":["theDuelist:Metronome","jesterMod:Drunkenness"],"picked":"hexamod:WildfireWeapon","floor":33},{"not_picked":["Guardian:TemporalStrike+1","theDuelist:FishborgPlanter+1","theDuelist:SkullServant"],"picked":"SKIP","floor":35},{"not_picked":["theDuelist:EnmaJudgement+1","theDuelist:FlyingPegasus"],"picked":"Guardian:RefractedBeam+1","floor":37},{"not_picked":["Shade:Brains","theDuelist:TwinHeadedBehemoth+1","Combust"],"picked":"SKIP","floor":41},{"not_picked":["Guardian:PrimingBeam+1","DTMod:DragonDance+1","Crow Ritual"],"picked":"SKIP","floor":45},{"not_picked":["hermit:GhostlyPresence","theDuelist:CannonballSpearShellfish"],"picked":"DTMod:ExcessFootwork","floor":46},{"not_picked":["FuriousSmite","theDuelist:EagleShark+1"],"picked":"theDuelist:Nameless:Power:MaskedDragon","floor":48}],"player_experience":510765,"relics_obtained":[{"floor":9,"key":"ReplayTheSpireMod:Shallot"},{"floor":26,"key":"DeathKnight:SindragosasSkull"},{"floor":43,"key":"Strawberry"},{"floor":46,"key":"Simple Rune"}],"event_choices":[{"damage_healed":0,"gold_gain":0,"player_choice":"Traded Relic","damage_taken":0,"relics_obtained":["Nloth\u0027s Gift"],"max_hp_gain":0,"max_hp_loss":0,"event_name":"N\u0027loth","floor":22,"relics_lost":["Tiny House"],"gold_loss":0},{"damage_healed":0,"gold_gain":0,"player_choice":"","damage_taken":6,"max_hp_gain":0,"max_hp_loss":0,"event_name":"Knowing Skull","floor":29,"potions_obtained":[],"gold_loss":0,"cards_obtained":[]},{"damage_healed":0,"gold_gain":0,"player_choice":"Leave","damage_taken":0,"max_hp_gain":0,"max_hp_loss":0,"event_name":"conspire:Investor","floor":47,"gold_loss":0}],"is_beta":false,"boss_relics":[{"not_picked":["Empty Cage","vexMod:BigBerry"],"picked":"Tiny House"},{"not_picked":["Cursed Key","conspire:SlowCooker"],"picked":"hubris:ScarierMask"}],"items_purged_floors":[],"is_endless":false,"potions_floor_spawned":[2,11,19,25,28,45,46,48],"killed_by":"Donu and Deca","ascension_level":0}}