{"host":"sabve5zmqufxyc5o","time":1608637727,"event":{"mods":["2.2 Compatiblity","AchievementEnabler","Act Like it!","Ascension Reborn","Aspiration","BaseMod","Block Reminder","Colored Map","Colored Powertips","DeckTracker","KOR Keyword Fix","Keyboard Shortcuts","Minty Spire (QoL Compilation)","Quick Restart","Rare Cards Sparkle","Relic Stats","Replay The Spire","StSLib","SuperFastMode"],"gold_per_floor":[109,127,137,153,173,173,0,0,0,33,43,73,87,97,97,174,174,192,192,211,228,228,228],"floor_reached":22,"playtime":584,"items_purged":[],"score":504,"play_id":"75109e18-b398-497b-994e-4c73c35ffb6b","local_time":"20201222204847","is_ascension_mode":true,"campfire_choices":[{"floor":6.0,"key":"REST"},{"data":"ReplayTheSpireMod:Private Reserves","floor":8.0,"key":"SMITH"},{"floor":15.0,"key":"REST"}],"circlet_count":0,"master_deck":["AscendersBane","Strike_B","Strike_B","Strike_B","Strike_B","Defend_B","Defend_B","Defend_B","Defend_B","Zap","Dualcast","Compile Driver","Aggregate","Capacitor","Rebound","Go for the Eyes","Gash","ReplayTheSpireMod:Private Reserves+1","Rebound","Genetic Algorithm","Sunder","Coolheaded","Double Tap","Stack","Coolheaded","Gash"],"relics":["Cracked Core","aspiration:Nostalgia","Iron Core","Dream Catcher","Boot","Darkstone Periapt","aspiration:Stellarator"],"acts_visited":["Exordium","TheCity"],"potions_floor_usage":[21],"damage_taken":[{"damage":2.0,"enemies":"Jaw Worm","floor":1.0,"turns":3.0},{"damage":6.0,"enemies":"Cultist","floor":2.0,"turns":3.0},{"damage":0.0,"enemies":"Small Slimes","floor":3.0,"turns":3.0},{"damage":6.0,"enemies":"Blue Slaver","floor":4.0,"turns":4.0},{"damage":5.0,"enemies":"2 Fungi Beasts","floor":5.0,"turns":3.0},{"damage":23.0,"enemies":"Lagavulin","floor":10.0,"turns":5.0},{"damage":15.0,"enemies":"Exordium Thugs","floor":11.0,"turns":3.0},{"damage":8.0,"enemies":"Gremlin Nob","floor":12.0,"turns":3.0},{"damage":2.0,"enemies":"Looter","floor":13.0,"turns":3.0},{"damage":0.0,"enemies":"Exordium Wildlife","floor":14.0,"turns":2.0},{"damage":0.0,"enemies":"Slime Boss","floor":16.0,"turns":5.0},{"damage":40.0,"enemies":"Shell Parasite","floor":18.0,"turns":6.0},{"damage":17.0,"enemies":"Spheric Guardian","floor":20.0,"turns":4.0},{"damage":40,"enemies":"Cultist and Chosen","floor":21,"turns":7},{"damage":16,"enemies":"Snake Plant","floor":22,"turns":2}],"seed_played":"-6905861011880148421","potions_obtained":[{"floor":2.0,"key":"Cursed Concoction"},{"floor":4.0,"key":"DistilledChaos"},{"floor":10.0,"key":"PowerPotion"},{"floor":14.0,"key":"DistilledChaos"},{"floor":20.0,"key":"AttackPotion"}],"is_trial":false,"path_per_floor":["M","M","M","M","M","R","$","R","T","E","M","E","M","M","R","B",null,"M","?","M","M","M"],"character_chosen":"DEFECT","items_purchased":["Go for the Eyes","Gash","ReplayTheSpireMod:Private Reserves"],"campfire_rested":2,"item_purchase_floors":[7,7,7],"current_hp_per_floor":[62,56,56,50,45,66,66,66,66,43,28,20,18,18,39,39,63,23,71,54,14,0,0],"gold":228,"neow_bonus":"NOSTALGIA","is_daily":false,"chose_seed":false,"campfire_upgraded":1,"win_rate":0.0,"timestamp":1608637727,"path_taken":["M","M","M","M","M","R","$","R","T","E","M","E","M","M","R","BOSS","M","?","M","?","M"],"items_purchased_type":["Card","Card","Card"],"build_version":"2020-12-13","purchased_purges":0,"victory":false,"max_hp_per_floor":[71,71,71,71,71,71,71,71,71,71,71,71,71,71,71,71,71,71,71,71,71,71,71],"relic_stats":{"Darkstone Periapt":0,"Dream Catcher":1,"counters":[15,56],"Boot":[14],"obtain_stats":[{"Darkstone Periapt":12,"Iron Core":0,"Dream Catcher":9,"aspiration:Nostalgia":0,"aspiration:Stellarator":17,"Cracked Core":0,"Boot":10},{"Darkstone Periapt":8,"Iron Core":0,"Dream Catcher":5,"aspiration:Nostalgia":0,"aspiration:Stellarator":11,"Cracked Core":0,"Boot":6},{"Darkstone Periapt":27,"Iron Core":0,"Dream Catcher":16,"aspiration:Nostalgia":0,"aspiration:Stellarator":37,"Cracked Core":0,"Boot":21}]},"card_choices":[{"not_picked":["Turbo","Anger"],"picked":"Compile Driver","floor":1.0},{"not_picked":["Clash","WeaponsOverheat"],"picked":"Aggregate","floor":2.0},{"not_picked":["ReplayTheSpireMod:System Scan","Headbutt"],"picked":"Capacitor","floor":3.0},{"not_picked":["Heavy Blade","Clash"],"picked":"Rebound","floor":4.0},{"not_picked":["Limit Break","BasicCrystalCard"],"picked":"ReplaySolidLightProjector","floor":5.0},{"not_picked":["Body Slam","Reprogram"],"picked":"Rebound","floor":10.0},{"not_picked":["WeaponsOverheat","Flex"],"picked":"Genetic Algorithm","floor":11.0},{"not_picked":["Steam Power","ReplayReversal"],"picked":"Sunder","floor":12.0},{"not_picked":["Warcry","Recycle","Storm"],"picked":"SKIP","floor":13.0},{"not_picked":["WeaponsOverheat","Creative AI","Clash"],"picked":"SKIP","floor":14.0},{"not_picked":["Heavy Blade","Warcry"],"picked":"Coolheaded","floor":15.0},{"not_picked":["Barricade","Reaper"],"picked":"Double Tap","floor":16.0},{"not_picked":["Gash","Chaos"],"picked":"Stack","floor":18.0},{"not_picked":["Leap","Barrage+1"],"picked":"Coolheaded","floor":20.0},{"not_picked":["Sweeping Beam","Dual Wield+1"],"picked":"Gash","floor":21}],"player_experience":796170,"relics_obtained":[{"floor":9.0,"key":"Dream Catcher"},{"floor":10.0,"key":"Boot"},{"floor":12.0,"key":"Darkstone Periapt"}],"event_choices":[{"cards_removed":["ReplaySolidLightProjector"],"damage_healed":48.0,"max_hp_gain":0.0,"max_hp_loss":0.0,"gold_gain":0.0,"event_name":"Bonfire Elementals","player_choice":"Offered Uncommon","floor":19.0,"gold_loss":0.0,"damage_taken":0.0}],"is_beta":false,"boss_relics":[{"not_picked":["Inserter","aspiration:RitualDagger"],"picked":"aspiration:Stellarator"}],"items_purged_floors":[],"is_endless":false,"potions_floor_spawned":[2,4,5,10,14,20],"killed_by":"Snake Plant","ascension_level":20}}