{"host":"71h53w2p123dt4nv","time":1608664367,"event":{"mods":["AchievementEnabler","BaseMod","Better Third Choice","Minty Spire (QoL Compilation)","Rare Cards Sparkle","Shop Mod","StSLib","The Animator","???????????mod"],"gold_per_floor":[114,114,14,29,44,74,74,74,124,139,154,184,199,164,164,264,264,279,25,25,124,124,154,169,199,199,214,214,253,277,301,301,410,410,434,434,458,458,497,536,560,560,635,659,659,140,169,193,193,193],"floor_reached":51,"playtime":6294,"items_purged":["Regret","Know_ledgeAbilityRealm_purple"],"score":802,"play_id":"0b1525c1-d341-4b4c-9a2a-c3a409554b2d","local_time":"20201222201247","daily_mods":["Allstar","Diverse","DeadlyEvents"],"is_ascension_mode":false,"campfire_choices":[{"data":"Chrysalis","floor":8,"key":"SMITH"},{"data":"Flechettes","floor":15,"key":"SMITH"},{"floor":28,"key":"REST"},{"floor":32,"key":"REST"},{"floor":42,"key":"REST"},{"floor":45,"key":"REST"},{"floor":49,"key":"REST"}],"circlet_count":0,"master_deck":["Strike_B+1","Strike_B+1","Strike_B+1","Strike_B+1","Defend_B+1","Defend_B+1","Defend_B+1","Defend_B+1","Zap","Dualcast+1","Chrysalis+1","Enlightenment","Good Instincts","Thinking Ahead","SfantasyHide_purple","Cold Snap","animator:Genos","Hologram","Backflip","animator:Shinoa","Flechettes+1","Beam Cell","Immolate","Iron Wave+1","Gash","Skim","animator:Mikaela+1","Shallow_ocean_purpleEX+1","animator:Elesis","animator:Mikaela+1","animator:Mitsurugi","Slice+1","animator:Raven","Rainbow","Blade Dance+1","Prepared+1","animator:ChlammyZell","Dagger Throw","StateErode_purple","animator:Kaijin","Infernal Blade","EmptyBody+1","animator:Saber"],"relics":["Cracked Core","Unceasing Top","Ginger","Letter Opener","Strawberry","Ancient Tea Set","Black Star","Bronze Scales","Centennial Puzzle","Art of War","FossilizedHelix","Vajra","Regal Pillow","Sundial","CeramicFish","Shuriken","Fusion Hammer","Blood Vial","Pantograph","Potion Belt","Bottled Flame","Blue Candle","Kunai","Shovel"],"acts_visited":["Exordium","TheCity","TheBeyond"],"potions_floor_usage":[6,11,23,24,27,33,40,40,48,50,50],"damage_taken":[{"damage":1,"enemies":"Jaw Worm","floor":1,"turns":4},{"damage":0,"enemies":"2 Louse","floor":4,"turns":3},{"damage":5,"enemies":"Cultist","floor":5,"turns":4},{"damage":8,"enemies":"Lagavulin","floor":6,"turns":5},{"damage":1,"enemies":"2 Fungi Beasts","floor":10,"turns":3},{"damage":5,"enemies":"3 Louse","floor":11,"turns":2},{"damage":10,"enemies":"3 Sentries","floor":12,"turns":5},{"damage":0,"enemies":"Looter","floor":13,"turns":2},{"damage":31,"enemies":"Slime Boss","floor":16,"turns":8},{"damage":20,"enemies":"2 Thieves","floor":18,"turns":3},{"damage":30,"enemies":"Book of Stabbing","floor":23,"turns":5},{"damage":0,"enemies":"Shell Parasite","floor":24,"turns":2},{"damage":17,"enemies":"Slavers","floor":25,"turns":5},{"damage":14,"enemies":"Snake Plant","floor":27,"turns":2},{"damage":18,"enemies":"Gremlin Leader","floor":29,"turns":5},{"damage":0,"enemies":"Chosen and Byrds","floor":30,"turns":4},{"damage":10,"enemies":"Centurion and Healer","floor":31,"turns":4},{"damage":31,"enemies":"Automaton","floor":33,"turns":7},{"damage":5,"enemies":"3 Darklings","floor":35,"turns":3},{"damage":0,"enemies":"Orb Walker","floor":37,"turns":3},{"damage":10,"enemies":"Reptomancer","floor":39,"turns":4},{"damage":53,"enemies":"Nemesis","floor":40,"turns":5},{"damage":0,"enemies":"Transient","floor":41,"turns":5},{"damage":13,"enemies":"Maw","floor":44,"turns":5},{"damage":15,"enemies":"2 Orb Walkers","floor":47,"turns":2},{"damage":4,"enemies":"Writhing Mass","floor":48,"turns":4},{"damage":65,"enemies":"Donu and Deca","floor":50,"turns":7}],"seed_played":"-7682526130134428503","potions_obtained":[{"floor":4,"key":"SteroidPotion"},{"floor":5,"key":"Block Potion"},{"floor":10,"key":"EssenceOfSteel"},{"floor":18,"key":"Weak Potion"},{"floor":25,"key":"FearPotion"},{"floor":27,"key":"CultistPotion"},{"floor":33,"key":"SneckoOil"},{"floor":39,"key":"FocusPotion"},{"floor":41,"key":"Ancient Potion"},{"floor":48,"key":"LiquidMemories"}],"is_trial":false,"path_per_floor":["M","?","$","M","M","E","T","R","T","M","M","E","M","?","R","B",null,"M","$","?","?","?","E","M","E","T","M","R","E","M","M","R","B",null,"M","?","M","?","E","E","M","R","T","M","R","$","?","M","R","B",null],"character_chosen":"DEFECT","items_purchased":["Cold Snap","Bronze Scales","Gash","Skim","Kunai","animator:Kaijin","DistilledChaos","Infernal Blade"],"campfire_rested":5,"item_purchase_floors":[3,19,19,19,46,46,46,46],"current_hp_per_floor":[74,74,74,74,69,61,61,61,68,67,62,52,52,72,72,41,82,62,62,62,62,62,32,32,15,15,1,40,22,22,12,51,20,82,77,77,77,77,67,16,18,57,57,46,82,82,67,65,82,17],"gold":193,"neow_bonus":"","is_daily":true,"chose_seed":false,"campfire_upgraded":2,"win_rate":0.0,"timestamp":1608664367,"path_taken":["M","?","$","M","M","E","?","R","T","M","M","?","M","?","R","BOSS","M","$","?","?","?","E","M","?","T","M","R","?","M","M","R","BOSS","M","?","?","?","?","E","M","R","T","M","R","$","?","?","R","BOSS"],"items_purchased_type":["Card","Relic","Card","Card","Relic","Card","Potion","Card"],"build_version":"2020-12-13","purchased_purges":2,"victory":true,"max_hp_per_floor":[75,75,75,75,75,75,75,75,82,82,82,82,82,82,82,82,82,82,82,82,82,82,82,82,82,82,82,82,82,82,82,82,82,82,82,82,82,82,82,82,82,82,82,82,82,82,82,82,82,82],"card_choices":[{"not_picked":["Dash","Flechettes"],"picked":"SfantasyHide_purple","floor":1},{"not_picked":["animator:Assassin","animator:Rena"],"picked":"animator:Genos","floor":4},{"not_picked":["Nest_LightFlightworm_purple","animator:Souei","Mirror_Drifter_purple"],"picked":"SKIP","floor":5},{"not_picked":["animator:DolaRiku","Conserve Battery"],"picked":"Hologram","floor":6},{"not_picked":["animator:Witch","animator:Saitama"],"picked":"Backflip","floor":10},{"not_picked":["Predator","animator:ChaikaBohdan"],"picked":"animator:Shinoa","floor":11},{"not_picked":["animator:Ciel","animator:MumenRider"],"picked":"Flechettes","floor":12},{"not_picked":["animator:Kazuma","animator:OrikoMikuni"],"picked":"Beam Cell","floor":13},{"not_picked":["Price_of_realm_purpleEX","ProofOfUnderstanding_purple"],"picked":"Immolate","floor":16},{"not_picked":["Terror","animator:Alexander"],"picked":"Iron Wave+1","floor":18},{"not_picked":["animator:RoryMercury","animator:Bozes"],"picked":"animator:Mikaela+1","floor":23},{"not_picked":["TalkToTheHand","ThirdEye+1"],"picked":"Shallow_ocean_purpleEX+1","floor":24},{"not_picked":["animator:Assassin+1","Bane+1"],"picked":"animator:Elesis","floor":25},{"not_picked":["animator:Tyuule","RuleDissolution_purple+1"],"picked":"animator:Mikaela+1","floor":27},{"not_picked":["animator:DolaStephanie+1","animator:GuildGirl"],"picked":"animator:Mitsurugi","floor":29},{"not_picked":["Protect","SfantasyHide_purple"],"picked":"Slice+1","floor":30},{"not_picked":["Dropkick","Mirror_FormAndEmptin_purple"],"picked":"animator:Raven","floor":31},{"not_picked":["BarrageBoundary_PipeDream_purple","animator:Father"],"picked":"Rainbow","floor":33},{"not_picked":["Dagger Throw","Footwork"],"picked":"Blade Dance+1","floor":35},{"not_picked":["Shockwave+1","Sword Boomerang+1"],"picked":"Prepared+1","floor":37},{"not_picked":["Clash+1","animator:Millim+1"],"picked":"Know_ledgeAbilityRealm_purple","floor":39},{"not_picked":["Brutality","Capacitor"],"picked":"animator:ChlammyZell","floor":40},{"not_picked":["animator:MaesHughes+1","animator:Millim"],"picked":"Dagger Throw","floor":41},{"not_picked":["Mirror_Drifter_purple+1","animator:MumenRider"],"picked":"StateErode_purple","floor":44},{"not_picked":["Barrage+1","Meditate"],"picked":"EmptyBody+1","floor":47},{"not_picked":["Perfected Strike","Conserve Battery"],"picked":"animator:Saber","floor":48}],"player_experience":156134,"relics_obtained":[{"floor":6,"key":"Ginger"},{"floor":7,"key":"Letter Opener"},{"floor":9,"key":"Strawberry"},{"floor":12,"key":"Ancient Tea Set"},{"floor":23,"key":"Art of War"},{"floor":23,"key":"FossilizedHelix"},{"floor":25,"key":"Vajra"},{"floor":25,"key":"Regal Pillow"},{"floor":26,"key":"Sundial"},{"floor":29,"key":"CeramicFish"},{"floor":29,"key":"Shuriken"},{"floor":39,"key":"Blood Vial"},{"floor":39,"key":"Pantograph"},{"floor":40,"key":"Potion Belt"},{"floor":40,"key":"Bottled Flame"},{"floor":43,"key":"Blue Candle"},{"floor":47,"key":"Shovel"}],"event_choices":[{"damage_healed":0,"gold_gain":0,"player_choice":"Box","damage_taken":0,"relics_obtained":["Unceasing Top"],"max_hp_gain":0,"max_hp_loss":0,"event_name":"Big Fish","floor":2,"gold_loss":0,"cards_obtained":["Regret"]},{"damage_healed":20,"gold_gain":0,"player_choice":"Healed","damage_taken":0,"max_hp_gain":0,"max_hp_loss":0,"event_name":"The Cleric","floor":14,"gold_loss":35},{"damage_healed":0,"gold_gain":0,"player_choice":"Simplicity","damage_taken":0,"max_hp_gain":0,"max_hp_loss":8,"event_name":"betterThird:BetterWriting","floor":20,"gold_loss":0},{"damage_healed":0,"gold_gain":99,"player_choice":"Steal","damage_taken":0,"max_hp_gain":0,"max_hp_loss":0,"event_name":"betterThird:BetterNest","floor":21,"gold_loss":0},{"damage_healed":0,"gold_gain":0,"player_choice":"Opened","damage_taken":0,"relics_obtained":["Centennial Puzzle"],"max_hp_gain":0,"max_hp_loss":0,"event_name":"The Mausoleum","floor":22,"gold_loss":0,"cards_obtained":["Writhe"]},{"cards_removed":["The Bomb"],"damage_healed":0,"gold_gain":0,"player_choice":"Removed Skill","damage_taken":0,"max_hp_gain":0,"max_hp_loss":0,"event_name":"Falling","floor":36,"gold_loss":0},{"cards_removed":["Writhe"],"damage_healed":0,"gold_gain":0,"player_choice":"Purged","damage_taken":0,"max_hp_gain":0,"max_hp_loss":0,"event_name":"Purifier","floor":38,"gold_loss":0},{"damage_healed":0,"gold_gain":0,"player_choice":"Fight","damage_taken":0,"max_hp_gain":0,"max_hp_loss":0,"event_name":"Mysterious Sphere","floor":47,"gold_loss":0}],"is_beta":false,"boss_relics":[{"not_picked":["Cursed Key","Inserter"],"picked":"Black Star"},{"not_picked":["Snecko Eye","Empty Cage"],"picked":"Fusion Hammer"}],"items_purged_floors":[3,46],"is_endless":false,"potions_floor_spawned":[4,5,10,18,25,27,33,39,41,48],"ascension_level":0}}