{"host":"grsooxp5tb3hw4ck","time":1608607393,"event":{"mods":["BaseMod","Minty Spire (QoL Compilation)"],"gold_per_floor":[115,131,147,222,19,19,37,68,95,110,110,139,139,139,139,240,240,252,177,192,117,117,150,150,161,206,238,258,258,268,268,268,373,673,690,213,213,232,242,276,41,41,41,58,70,85,97,114,114,114,114],"floor_reached":50,"playtime":2909,"items_purged":["Strike_R","Strike_R"],"score":651,"play_id":"701f02c3-f643-49c6-af99-8d740b218c33","local_time":"20201222042313","is_ascension_mode":false,"campfire_choices":[{"data":"Armaments","floor":6.0,"key":"SMITH"},{"floor":11.0,"key":"REST"},{"data":"Hemokinesis","floor":13.0,"key":"SMITH"},{"data":"Offering","floor":15.0,"key":"SMITH"},{"floor":29.0,"key":"REST"},{"floor":32.0,"key":"REST"},{"floor":42.0,"key":"REST"},{"floor":49.0,"key":"REST"}],"circlet_count":0,"master_deck":["Strike_R","Strike_R+1","Defend_R","Defend_R","Defend_R","Bash","Dark Embrace","Sever Soul","Clash+1","Armaments+1","Pommel Strike","Iron Wave","Hemokinesis+1","Offering+1","Feed","Shrug It Off","Dual Wield+1","Flex","Feed","Berserk","Rupture+1","Rupture","J.A.X.","Offering","CurseOfTheBell","Warcry+1","Rupture+1","Impervious","Headbutt+1","Dual Wield+1","Fiend Fire","Rupture+1","Armaments","Flash of Steel","Headbutt","Feel No Pain+1","Shrug It Off","Power Through+1","True Grit+1"],"relics":["Burning Blood","Whetstone","Vajra","Centennial Puzzle","MealTicket","Fusion Hammer","Charon\u0027s Ashes","Bag of Preparation","Ancient Tea Set","Bird Faced Urn","Calling Bell","Pen Nib","Frozen Egg 2","Old Coin","Strawberry","Anchor","Bottled Tornado"],"acts_visited":[],"potions_floor_usage":[],"damage_taken":[{"damage":6.0,"enemies":"Cultist","floor":1.0,"turns":3.0},{"damage":1.0,"enemies":"2 Louse","floor":2.0,"turns":3.0},{"damage":0.0,"enemies":"Small Slimes","floor":3.0,"turns":3.0},{"damage":5.0,"enemies":"Looter","floor":7.0,"turns":2.0},{"damage":24.0,"enemies":"3 Sentries","floor":8.0,"turns":8.0},{"damage":12.0,"enemies":"Blue Slaver","floor":10.0,"turns":3.0},{"damage":19.0,"enemies":"Gremlin Nob","floor":12.0,"turns":4.0},{"damage":43.0,"enemies":"The Guardian","floor":16.0,"turns":7.0},{"damage":8.0,"enemies":"Chosen","floor":18.0,"turns":3.0},{"damage":13.0,"enemies":"2 Thieves","floor":20.0,"turns":4.0},{"damage":25.0,"enemies":"Book of Stabbing","floor":23.0,"turns":3.0},{"damage":7.0,"enemies":"3 Cultists","floor":25.0,"turns":3.0},{"damage":18.0,"enemies":"Gremlin Leader","floor":27.0,"turns":6.0},{"damage":2.0,"enemies":"Snake Plant","floor":28.0,"turns":2.0},{"damage":8.0,"enemies":"Sentry and Sphere","floor":30.0,"turns":3.0},{"damage":35.0,"enemies":"Champ","floor":33.0,"turns":6.0},{"damage":24.0,"enemies":"Orb Walker","floor":35.0,"turns":2.0},{"damage":28.0,"enemies":"3 Shapes","floor":38.0,"turns":2.0},{"damage":25.0,"enemies":"Transient","floor":39.0,"turns":5.0},{"damage":51.0,"enemies":"Giant Head","floor":40.0,"turns":6.0},{"damage":26.0,"enemies":"4 Shapes","floor":44.0,"turns":4.0},{"damage":9.0,"enemies":"Sphere and 2 Shapes","floor":45.0,"turns":4.0},{"damage":21.0,"enemies":"Jaw Worm Horde","floor":46.0,"turns":3.0},{"damage":44.0,"enemies":"Writhing Mass","floor":47.0,"turns":5.0},{"damage":62.0,"enemies":"Spire Growth","floor":48.0,"turns":4.0},{"damage":0,"enemies":"Awakened One","floor":50,"turns":1}],"seed_played":"-1891785430587176742","potions_obtained":[{"floor":7.0,"key":"Ancient Potion"},{"floor":10.0,"key":"ElixirPotion"},{"floor":20.0,"key":"Block Potion"},{"floor":27.0,"key":"SpeedPotion"},{"floor":39.0,"key":"BlessingOfTheForge"},{"floor":44.0,"key":"Swift Potion"},{"floor":47.0,"key":"Energy Potion"},{"floor":48.0,"key":"SpeedPotion"}],"is_trial":false,"path_per_floor":["M","M","M","?","$","R","M","E","T","M","R","E","R","?","R","B",null,"M","?","M","$","?","E","?","M","T","E","M","R","M","?","R","B",null,"M","$","?","M","M","E","$","R","T","M","M","M","M","M","R","B"],"character_chosen":"IRONCLAD","items_purchased":["Whetstone","Armaments","Strawberry","Rupture+1","Impervious","Rupture+1","Armaments","Flash of Steel","Headbutt"],"campfire_rested":5,"item_purchase_floors":[5,5,36,36,36,41,41,41,41],"current_hp_per_floor":[80,80,80,69,69,69,70,52,52,46,70,57,57,62,62,25,85,83,83,76,85,85,66,66,69,69,57,66,92,92,92,92,75,96,81,103,103,87,78,41,56,86,86,82,98,98,76,31,65,65,65],"gold":114,"neow_bonus":"","is_daily":false,"chose_seed":false,"campfire_upgraded":3,"win_rate":0.0,"timestamp":1608607393,"path_taken":["M","M","?","?","$","R","M","E","T","M","R","E","R","?","R","BOSS","M","?","M","$","?","E","?","?","T","E","M","R","M","?","R","BOSS","M","$","?","M","M","E","$","R","T","M","M","M","M","M","R","BOSS"],"items_purchased_type":["Relic","Card","Relic","Card","Card","Card","Card","Card","Card"],"build_version":"2020-12-13","purchased_purges":2,"victory":false,"max_hp_per_floor":[80,80,80,80,80,80,80,80,80,80,80,80,80,85,85,85,85,85,85,85,85,85,85,85,89,89,89,92,92,92,92,92,96,96,96,103,103,103,103,103,103,103,103,107,110,113,113,116,116,116,116],"card_choices":[{"not_picked":["Iron Wave","Body Slam"],"picked":"Dark Embrace","floor":1.0},{"not_picked":["Cleave","Armaments"],"picked":"Sever Soul","floor":2.0},{"not_picked":["Sword Boomerang","True Grit"],"picked":"Clash","floor":3.0},{"not_picked":["Thunderclap","Armaments"],"picked":"Pommel Strike","floor":7.0},{"not_picked":["Blood for Blood","Thunderclap"],"picked":"Iron Wave","floor":8.0},{"not_picked":["Body Slam","Sword Boomerang"],"picked":"Hemokinesis","floor":10.0},{"not_picked":["Anger","Seeing Red"],"picked":"Offering","floor":12.0},{"not_picked":["Impervious","Barricade"],"picked":"Feed","floor":16.0},{"not_picked":["Iron Wave","Sword Boomerang"],"picked":"Shrug It Off","floor":18.0},{"not_picked":["Iron Wave+1","Armaments+1"],"picked":"Dual Wield+1","floor":20.0},{"not_picked":["Sever Soul","Uppercut"],"picked":"Flex","floor":23.0},{"not_picked":["Carnage","Seeing Red"],"picked":"Feed","floor":25.0},{"not_picked":["Thunderclap","Dark Embrace"],"picked":"Berserk","floor":27.0},{"not_picked":["Thunderclap","Perfected Strike"],"picked":"Rupture+1","floor":28.0},{"not_picked":["Flex","Shrug It Off"],"picked":"Rupture","floor":30.0},{"not_picked":["Berserk","Feed"],"picked":"Offering","floor":33.0},{"not_picked":["Twin Strike","Dual Wield"],"picked":"Warcry+1","floor":35.0},{"not_picked":["Thunderclap","Iron Wave"],"picked":"Headbutt+1","floor":38.0},{"not_picked":["Inflame+1","Fire Breathing+1"],"picked":"Dual Wield+1","floor":39.0},{"not_picked":["Feed","Thunderclap"],"picked":"Fiend Fire","floor":40.0},{"not_picked":["Rage","Clash+1"],"picked":"Feel No Pain+1","floor":44.0},{"not_picked":["Iron Wave","Anger+1","Sword Boomerang+1"],"picked":"SKIP","floor":45.0},{"not_picked":["Iron Wave","Sword Boomerang+1"],"picked":"Shrug It Off","floor":46.0},{"not_picked":["Body Slam+1","Sever Soul+1"],"picked":"Power Through+1","floor":47.0},{"not_picked":["Shrug It Off","Blood for Blood"],"picked":"True Grit+1","floor":48.0}],"player_experience":0,"relics_obtained":[{"floor":8.0,"key":"Vajra"},{"floor":9.0,"key":"Centennial Puzzle"},{"floor":12.0,"key":"MealTicket"},{"floor":23.0,"key":"Bag of Preparation"},{"floor":26.0,"key":"Ancient Tea Set"},{"floor":27.0,"key":"Bird Faced Urn"},{"floor":34.0,"key":"Pen Nib"},{"floor":34.0,"key":"Frozen Egg 2"},{"floor":34.0,"key":"Old Coin"},{"floor":40.0,"key":"Anchor"},{"floor":43.0,"key":"Bottled Tornado"}],"event_choices":[{"damage_healed":0.0,"max_hp_gain":0.0,"max_hp_loss":0.0,"gold_gain":75.0,"event_name":"World of Goop","player_choice":"Gather Gold","floor":4.0,"gold_loss":0.0,"damage_taken":11.0},{"damage_healed":0.0,"max_hp_gain":5.0,"max_hp_loss":0.0,"gold_gain":0.0,"event_name":"Big Fish","player_choice":"Donut","floor":14.0,"gold_loss":0.0,"damage_taken":0.0},{"cards_removed":["Strike_R"],"damage_healed":0.0,"max_hp_gain":0.0,"max_hp_loss":0.0,"gold_gain":0.0,"event_name":"Beggar","player_choice":"Gave Gold","floor":19.0,"gold_loss":75.0,"damage_taken":0.0},{"damage_healed":0.0,"max_hp_gain":0.0,"max_hp_loss":0.0,"gold_gain":0.0,"event_name":"The Mausoleum","player_choice":"Opened","floor":22.0,"gold_loss":0.0,"damage_taken":0.0,"relics_obtained":["Charon\u0027s Ashes"]},{"damage_healed":0.0,"max_hp_gain":0.0,"max_hp_loss":0.0,"gold_gain":0.0,"event_name":"Vampires","player_choice":"Ignored","floor":24.0,"gold_loss":0.0,"damage_taken":0.0},{"damage_healed":0.0,"max_hp_gain":0.0,"max_hp_loss":0.0,"gold_gain":0.0,"event_name":"Drug Dealer","player_choice":"Obtain J.A.X.","floor":31.0,"gold_loss":0.0,"damage_taken":0.0,"cards_obtained":["J.A.X."]},{"cards_removed":["Defend_R"],"damage_healed":0.0,"max_hp_gain":0.0,"max_hp_loss":0.0,"gold_gain":0.0,"event_name":"Falling","player_choice":"Removed Skill","floor":37.0,"gold_loss":0.0,"damage_taken":0.0}],"is_beta":false,"boss_relics":[{"not_picked":["Runic Dome","Velvet Choker"],"picked":"Fusion Hammer"},{"not_picked":["Coffee Dripper","Cursed Key"],"picked":"Calling Bell"}],"items_purged_floors":[21,36],"is_endless":false,"potions_floor_spawned":[7,10,20,27,33,39,44,46,47,48],"killed_by":"Awakened One","ascension_level":0}}