{"host":"f0gpob8hq9vgebej","time":1608648236,"event":{"mods":["AchievementEnabler","BaseMod","Googly Eyes","Minty Spire (QoL Compilation)","Quick Restart","SuperFastMode"],"gold_per_floor":[111,124,143,160,180,180,195,195,195,195,120,168,13,26,26,107,116,131,118,88,109,134,134,157,198,198,198,218,218,55,67,67,67,67],"floor_reached":33,"playtime":1055,"items_purged":["Strike_G","Strike_G"],"score":401,"play_id":"fc576071-a5b5-4b06-8a04-241a8156c5c4","local_time":"20201222234356","is_ascension_mode":true,"campfire_choices":[{"data":"Envenom","floor":6,"key":"SMITH"},{"data":"Blade Dance","floor":8,"key":"SMITH"},{"data":"Neutralize","floor":10,"key":"SMITH"},{"data":"Phantasmal Killer","floor":15,"key":"SMITH"},{"floor":23,"key":"REST"},{"data":"Well Laid Plans","floor":27,"key":"SMITH"},{"data":"Cloak And Dagger","floor":29,"key":"SMITH"},{"floor":32,"key":"REST"}],"circlet_count":0,"master_deck":["AscendersBane","Strike_G","Strike_G","Strike_G","Defend_G","Defend_G","Defend_G","Defend_G","Defend_G","Survivor","Neutralize+1","Envenom+1","Cloak And Dagger+1","Blade Dance+1","Acrobatics","Well Laid Plans+1","Phantasmal Killer+1","After Image+1","CurseOfTheBell","Blade Dance+1","Calculated Gamble+1","Prepared+1","PiercingWail+1","Footwork+1"],"relics":["Ring of the Snake","Frozen Egg 2","CeramicFish","Calling Bell","Lantern","Toxic Egg 2","Tough Bandages","Red Mask","Bottled Lightning"],"acts_visited":["Exordium","TheCity"],"potions_floor_usage":[16,18,19,19,22,31,33,33],"damage_taken":[{"damage":2,"enemies":"Cultist","floor":1,"turns":4},{"damage":0,"enemies":"Small Slimes","floor":2,"turns":3},{"damage":0,"enemies":"2 Louse","floor":3,"turns":3},{"damage":0,"enemies":"2 Fungi Beasts","floor":4,"turns":4},{"damage":4,"enemies":"Red Slaver","floor":5,"turns":4},{"damage":14,"enemies":"Exordium Thugs","floor":7,"turns":6},{"damage":17,"enemies":"Exordium Wildlife","floor":14,"turns":4},{"damage":3,"enemies":"Hexaghost","floor":16,"turns":8},{"damage":1,"enemies":"3 Byrds","floor":18,"turns":6},{"damage":7,"enemies":"2 Thieves","floor":19,"turns":4},{"damage":3,"enemies":"Centurion and Healer","floor":21,"turns":8},{"damage":22,"enemies":"Snake Plant","floor":22,"turns":8},{"damage":11,"enemies":"Snecko","floor":24,"turns":7},{"damage":8,"enemies":"Masked Bandits","floor":25,"turns":4},{"damage":0,"enemies":"Centurion and Healer","floor":28,"turns":7},{"damage":14,"enemies":"Sentry and Sphere","floor":31,"turns":8},{"damage":35,"enemies":"Automaton","floor":33,"turns":12}],"seed_played":"-4380772285186270779","potions_obtained":[{"floor":1,"key":"CultistPotion"},{"floor":4,"key":"SkillPotion"},{"floor":16,"key":"Weak Potion"},{"floor":18,"key":"SkillPotion"},{"floor":20,"key":"ColorlessPotion"},{"floor":20,"key":"Regen Potion"},{"floor":25,"key":"ColorlessPotion"},{"floor":31,"key":"EssenceOfSteel"}],"is_trial":false,"path_per_floor":["M","M","M","M","M","R","M","R","T","R","$","T","$","M","R","B",null,"M","M","?","M","M","R","M","?","T","R","M","R","$","M","R","B"],"character_chosen":"THE_SILENT","items_purchased":["Phantasmal Killer","Footwork+1"],"campfire_rested":2,"item_purchase_floors":[13,30],"current_hp_per_floor":[61,61,61,61,57,57,43,43,43,43,43,43,43,26,26,23,53,52,45,45,42,20,38,27,19,19,19,19,19,19,5,23,3,3],"gold":67,"neow_bonus":"THREE_RARE_CARDS","is_daily":false,"chose_seed":false,"campfire_upgraded":6,"win_rate":0.0,"timestamp":1608648236,"path_taken":["M","M","M","M","M","R","M","R","T","R","?","?","$","M","R","BOSS","M","M","?","?","M","R","M","?","T","R","M","R","$","M","R","BOSS"],"items_purchased_type":["Card","Card"],"build_version":"2020-12-13","purchased_purges":2,"victory":false,"max_hp_per_floor":[63,63,63,63,63,63,63,63,63,63,63,63,63,63,63,63,63,63,63,63,63,63,63,63,63,63,63,63,63,63,63,63,63,63],"card_choices":[{"not_picked":["Adrenaline","Grand Finale"],"picked":"Envenom","floor":0},{"not_picked":["Finisher","Choke"],"picked":"Cloak And Dagger","floor":1},{"not_picked":["Finisher","Escape Plan"],"picked":"Blade Dance","floor":2},{"not_picked":["Dagger Throw","Blade Dance"],"picked":"Acrobatics","floor":3},{"not_picked":["Quick Slash","Deadly Poison"],"picked":"Well Laid Plans","floor":4},{"not_picked":["Endless Agony","Catalyst","Underhanded Strike"],"picked":"SKIP","floor":5},{"not_picked":["Distraction","Sucker Punch","Riddle With Holes"],"picked":"SKIP","floor":7},{"not_picked":["Underhanded Strike","Outmaneuver","Predator"],"picked":"SKIP","floor":14},{"not_picked":["Corpse Explosion","Glass Knife"],"picked":"After Image+1","floor":16},{"not_picked":["Slice+1","Backstab","Setup+1"],"picked":"SKIP","floor":18},{"not_picked":["Deadly Poison+1","Distraction+1","Endless Agony"],"picked":"SKIP","floor":19},{"not_picked":["PiercingWail+1","Cloak And Dagger+1"],"picked":"Blade Dance+1","floor":21},{"not_picked":["Underhanded Strike","Well Laid Plans+1"],"picked":"Calculated Gamble+1","floor":22},{"not_picked":["Predator+1","Doppelganger+1"],"picked":"Prepared+1","floor":24},{"not_picked":["Backflip+1","Dodge and Roll+1"],"picked":"PiercingWail+1","floor":25},{"not_picked":["Poisoned Stab","Dagger Spray+1","Dagger Throw"],"picked":"SKIP","floor":28},{"not_picked":["Quick Slash","Bane","All Out Attack"],"picked":"SKIP","floor":31}],"player_experience":198392,"relics_obtained":[{"floor":9,"key":"Frozen Egg 2"},{"floor":12,"key":"CeramicFish"},{"floor":17,"key":"Lantern"},{"floor":17,"key":"Toxic Egg 2"},{"floor":17,"key":"Tough Bandages"},{"floor":25,"key":"Red Mask"},{"floor":26,"key":"Bottled Lightning"}],"event_choices":[{"damage_healed":0,"gold_gain":0,"player_choice":"Bought 2 Potions","damage_taken":0,"max_hp_gain":0,"max_hp_loss":0,"event_name":"The Woman in Blue","floor":20,"gold_loss":0},{"damage_healed":0,"gold_gain":0,"player_choice":"Fought Bandits","damage_taken":0,"max_hp_gain":0,"max_hp_loss":0,"event_name":"Masked Bandits","floor":25,"gold_loss":0}],"is_beta":false,"boss_relics":[{"not_picked":["Velvet Choker","Tiny House"],"picked":"Calling Bell"}],"items_purged_floors":[11,30],"is_endless":false,"potions_floor_spawned":[1,4,14,16,18,25,31],"killed_by":"Automaton","ascension_level":13}}