{"host":"ln76an1o32p2wxtf","time":1608656330,"event":{"mods":["AchievementEnabler","Act Like it!","BaseMod","BetterRewards","Colored Powertips","Energized Spire","GifTheSpireLib","Infinite Spire","Minty Spire (QoL Compilation)","Shop Mod","StSLib"],"gold_per_floor":[119,119,119,131,149,149,149,104,104,139,159,13,45,45,45,149,149,168,182,281,295,295,295],"floor_reached":22,"playtime":3749,"items_purged":["Strike_P"],"score":204,"play_id":"b1bbb093-5107-4696-a9cd-f4c7556ba04d","local_time":"20201223005850","is_ascension_mode":true,"campfire_choices":[{"data":"infinitespire:Starlight","floor":6.0,"key":"SMITH"},{"data":"Establishment","floor":15.0,"key":"SMITH"}],"circlet_count":0,"master_deck":["Strike_P","Strike_P","Strike_P","Defend_P","Defend_P","Defend_P","Defend_P","Eruption","Vigilance","Wireheading","infinitespire:Starlight+1","CarveReality","Establishment+1","CarveReality","SandsOfTime","Establishment","MasterReality","CutThroughFate","Prostrate"],"relics":["energizedSpire:SpiderWeb","infinitespire:Blanks Blanky","Pen Nib","StrikeDummy","Sozu"],"acts_visited":["Exordium","TheCity"],"potions_floor_usage":[],"damage_taken":[{"damage":1.0,"enemies":"Jaw Worm","floor":1.0,"turns":4.0},{"damage":3.0,"enemies":"2 Louse","floor":4.0,"turns":4.0},{"damage":2.0,"enemies":"Small Slimes","floor":5.0,"turns":4.0},{"damage":7.0,"enemies":"Looter","floor":8.0,"turns":5.0},{"damage":25.0,"enemies":"3 Sentries","floor":10.0,"turns":9.0},{"damage":1.0,"enemies":"2 Fungi Beasts","floor":11.0,"turns":3.0},{"damage":33.0,"enemies":"Gremlin Nob","floor":13.0,"turns":4.0},{"damage":31.0,"enemies":"Hexaghost","floor":16.0,"turns":10.0},{"damage":23.0,"enemies":"Spheric Guardian","floor":18.0,"turns":5.0},{"damage":41.0,"enemies":"2 Thieves","floor":19.0,"turns":4.0},{"damage":26.0,"enemies":"Snake Plant","floor":21.0,"turns":4.0},{"damage":71,"enemies":"Masked Bandits","floor":22,"turns":4}],"seed_played":"8126566939188763174","potions_obtained":[{"floor":1.0,"key":"ColorlessPotion"},{"floor":10.0,"key":"Energy Potion"},{"floor":13.0,"key":"FairyPotion"}],"is_trial":false,"path_per_floor":["M","?","?","M","M","R","?","M","T","E","M","$","E","$","R","B",null,"M","M","?","M","?"],"character_chosen":"WATCHER","items_purchased":["SandsOfTime"],"campfire_rested":0,"item_purchase_floors":[12],"current_hp_per_floor":[71,68,49,56,64,64,64,72,72,62,61,61,43,43,43,27,72,62,21,21,54,0,0],"gold":295,"neow_bonus":"BOSS_RELIC","is_daily":false,"chose_seed":false,"campfire_upgraded":2,"win_rate":0.0,"timestamp":1608656330,"path_taken":["M","?","?","M","M","R","?","M","T","E","M","$","E","?","R","BOSS","M","M","?","M","?"],"items_purchased_type":["Card"],"build_version":"2020-12-13","purchased_purges":1,"victory":false,"max_hp_per_floor":[72,72,72,72,72,72,72,72,72,72,72,72,72,72,72,72,72,72,72,72,72,72,72],"card_choices":[{"not_picked":["Collect","JustLucky"],"picked":"Wireheading","floor":1.0},{"not_picked":["infinitespire:SealOfDarkness+","infinitespire:Menacing"],"picked":"infinitespire:Starlight","floor":3.0},{"not_picked":["EmptyBody","ClearTheMind"],"picked":"CarveReality","floor":4.0},{"not_picked":["Halt","EmptyBody"],"picked":"Establishment","floor":5.0},{"not_picked":["Evaluate","Prostrate","ClearTheMind"],"picked":"SKIP","floor":8.0},{"not_picked":["Protect","FlurryOfBlows","CrushJoints"],"picked":"SKIP","floor":10.0},{"not_picked":["EmptyBody","ClearTheMind"],"picked":"CarveReality","floor":11.0},{"not_picked":["Halt","FlurryOfBlows"],"picked":"Establishment","floor":13.0},{"not_picked":["Omniscience","Establishment"],"picked":"MasterReality","floor":16.0},{"not_picked":["TalkToTheHand","Wallop"],"picked":"CutThroughFate","floor":18.0},{"not_picked":["Wallop","SashWhip"],"picked":"Prostrate","floor":19.0},{"not_picked":["Fasting2+1","EmptyBody","Worship+1"],"picked":"SKIP","floor":21.0}],"player_experience":654740,"relics_obtained":[{"floor":10.0,"key":"Pen Nib"},{"floor":13.0,"key":"StrikeDummy"}],"event_choices":[{"damage_healed":0.0,"max_hp_gain":0.0,"max_hp_loss":0.0,"gold_gain":0.0,"event_name":"Scrap Ooze","player_choice":"Success","floor":2.0,"gold_loss":0.0,"damage_taken":3.0,"relics_obtained":["Regal Pillow"]},{"damage_healed":0.0,"max_hp_gain":0.0,"max_hp_loss":0.0,"gold_gain":99.0,"event_name":"Nest","player_choice":"Stole From Cult","floor":20.0,"gold_loss":0.0,"damage_taken":0.0},{"damage_healed":0,"gold_gain":0,"player_choice":"Fought Bandits","damage_taken":0,"max_hp_gain":0,"max_hp_loss":0,"event_name":"Masked Bandits","floor":22,"gold_loss":0}],"is_beta":false,"boss_relics":[{"not_picked":["Tiny House","Astrolabe"],"picked":"Sozu"}],"items_purged_floors":[12],"is_endless":false,"potions_floor_spawned":[1,10,13],"killed_by":"Masked Bandits","ascension_level":1}}