{"host":"lh9qfzqeqctr28d2","time":1608634571,"event":{"mods":["BaseMod","Minty Spire (QoL Compilation)","Quick Restart","Relic Stats","Remilia£®¿Ÿ√◊¿Ú—«£©","StSLib"],"gold_per_floor":[139],"floor_reached":0,"playtime":0,"items_purged":[],"score":0,"play_id":"f60701da-402d-4bcf-9ab6-693a0a4156c7","local_time":"20201222185611","is_ascension_mode":false,"campfire_choices":[],"circlet_count":0,"master_deck":["RedMoon+1","ScarletShoot","MastersStateliness+1","RedRainbow+1","EndlessAdversity","TwelveNightmare+1","SuperhumanBloodyKnife","VampireClaw","QueenOfMidnight+1","DemonKingCradle+1","BloodyMagicSquare+1","VampirishNight","TwelveNightmare+1","BloodySeventeenLaser+1","ChainGang","RedMagic","TricksterDevil","HunterOfTheNight+1","VampireKiss","StarOfDavid+1","BombardNight+1","LeisurelyOfLord+1","ForecastOfChange","BloodHunter+1","BlasphemousPunishment+1"],"relics":[],"acts_visited":["Exordium","TheCity","TheBeyond"],"potions_floor_usage":[],"damage_taken":[],"seed_played":"1660403090734670159","potions_obtained":[],"is_trial":false,"path_per_floor":[],"character_chosen":"REMILIA","items_purchased":[],"campfire_rested":0,"item_purchase_floors":[],"current_hp_per_floor":[31],"gold":139,"neow_bonus":"","is_daily":false,"chose_seed":false,"campfire_upgraded":0,"win_rate":0.0,"timestamp":1608634571,"path_taken":[],"items_purchased_type":[],"build_version":"2020-12-13","purchased_purges":0,"victory":false,"max_hp_per_floor":[81],"relic_stats":{"counters":[25,95],"obtain_stats":[{"Darkstone Periapt":9,"NeowsBlessing":0,"Gremlin Horn":26,"PreservedInsect":23,"The Courier":29,"Odd Mushroom":12,"Medical Kit":25,"ScarletHat":0,"RedBat":43,"Du-Vu Doll":7,"SlaversCollar":34,"Anchor":43,"Matryoshka":22,"Strawberry":26,"Bird Faced Urn":41,"Pandora\u0027s Box":17,"Red Mask":36,"Art of War":48},{"Darkstone Periapt":5,"NeowsBlessing":0,"Gremlin Horn":12,"PreservedInsect":12,"The Courier":13,"Odd Mushroom":6,"Medical Kit":12,"ScarletHat":0,"RedBat":20,"Du-Vu Doll":5,"SlaversCollar":15,"Anchor":20,"Matryoshka":11,"Strawberry":12,"Bird Faced Urn":19,"Pandora\u0027s Box":8,"Red Mask":16,"Art of War":24},{"Darkstone Periapt":17,"NeowsBlessing":0,"Gremlin Horn":50,"PreservedInsect":50,"The Courier":52,"Odd Mushroom":22,"Medical Kit":50,"ScarletHat":0,"RedBat":77,"Du-Vu Doll":17,"SlaversCollar":64,"Anchor":77,"Matryoshka":45,"Strawberry":50,"Bird Faced Urn":75,"Pandora\u0027s Box":36,"Red Mask":67,"Art of War":89}]},"card_choices":[],"player_experience":270909,"relics_obtained":[],"event_choices":[],"is_beta":false,"boss_relics":[],"items_purged_floors":[],"is_endless":false,"potions_floor_spawned":[],"killed_by":"Awakened One","ascension_level":0}}