{"host":"h8l1uc7c2i19r904","time":1608639120,"event":{"mods":["AchievementEnabler","BaseMod","Colored Map","Colored Powertips","Downfall","Minty Spire (QoL Compilation)","Quick Restart","Replay The Spire","StSLib","SuperFastMode"],"gold_per_floor":[118,138,153,153,153,183,202,202,273,308,320,320,332,347,347,347,347],"floor_reached":16,"playtime":729,"items_purged":[],"score":114,"play_id":"d24dc096-0bca-4308-b0c1-4195babbdbd5","local_time":"20201222041200","is_ascension_mode":false,"campfire_choices":[{"data":"Flex","floor":8,"key":"SMITH"},{"floor":12,"key":"REST"},{"data":"Heavy Blade","floor":15,"key":"SMITH"}],"circlet_count":0,"master_deck":["Strike_R","Strike_R","Strike_R","Strike_R","Strike_R","Defend_R","Defend_R","Defend_R","Defend_R","Bash","Heavy Blade+1","Flex+1","Pummel","Cleave","Perfected Strike","ReplayTheSpireMod:Strike From Hell","Clash"],"relics":["Burning Blood","NeowsBlessing","Pocketwatch","Bottled Flame","Art of War"],"acts_visited":["Exordium"],"potions_floor_usage":[],"damage_taken":[{"damage":0,"enemies":"Cultist","floor":1,"turns":1},{"damage":0,"enemies":"Jaw Worm","floor":2,"turns":1},{"damage":0,"enemies":"Small Slimes","floor":3,"turns":1},{"damage":46,"enemies":"Gremlin Nob","floor":6,"turns":5},{"damage":10,"enemies":"Looter","floor":7,"turns":3},{"damage":26,"enemies":"Lagavulin","floor":10,"turns":6},{"damage":7,"enemies":"Blue Slaver","floor":11,"turns":3},{"damage":6,"enemies":"3 Louse","floor":13,"turns":3},{"damage":0,"enemies":"Large Slime","floor":14,"turns":3},{"damage":41,"enemies":"The Guardian","floor":16,"turns":7}],"seed_played":"-4032832294240737952","potions_obtained":[{"floor":6,"key":"SteroidPotion"},{"floor":7,"key":"ElixirPotion"},{"floor":10,"key":"BloodPotion"}],"is_trial":false,"path_per_floor":["M","M","M","?","$","E","M","R","T","E","M","R","M","M","R_BF","B"],"character_chosen":"IRONCLAD","items_purchased":[],"campfire_rested":1,"item_purchase_floors":[],"current_hp_per_floor":[80,80,80,72,72,32,28,28,28,8,7,31,31,37,37,0,0],"gold":347,"neow_bonus":"THREE_ENEMY_KILL","is_daily":false,"chose_seed":false,"campfire_upgraded":2,"win_rate":0.0,"timestamp":1608639120,"path_taken":["M","?","M","?","?","E","?","R","T","E","M","R","M","M","R_BF","BOSS"],"items_purchased_type":[],"build_version":"2020-12-13","purchased_purges":0,"victory":false,"max_hp_per_floor":[80,80,80,80,80,80,80,80,80,80,80,80,80,80,80,80,80],"card_choices":[{"not_picked":["True Grit","Clash"],"picked":"Heavy Blade","floor":1},{"not_picked":["Sever Soul","Replay:Undeath\u0027s Touch"],"picked":"Flex","floor":2},{"not_picked":["Perfected Strike","Headbutt","Carnage"],"picked":"SKIP","floor":3},{"not_picked":["Armaments","Twin Strike"],"picked":"Pummel","floor":6},{"not_picked":["Havoc","Fire Breathing","Armaments"],"picked":"SKIP","floor":7},{"not_picked":["Iron Wave","Thunderclap"],"picked":"Cleave","floor":10},{"not_picked":["Pommel Strike","Body Slam"],"picked":"Perfected Strike","floor":11},{"not_picked":["Anger","Barricade"],"picked":"ReplayTheSpireMod:Strike From Hell","floor":13},{"not_picked":["Heavy Blade","Clothesline"],"picked":"Clash","floor":14}],"player_experience":94869,"relics_obtained":[{"floor":6,"key":"Pocketwatch"},{"floor":9,"key":"Bottled Flame"},{"floor":10,"key":"Art of War"}],"event_choices":[{"damage_healed":0,"gold_gain":0,"player_choice":"Damaged","damage_taken":8,"max_hp_gain":0,"max_hp_loss":0,"event_name":"Wheel of Change","floor":4,"gold_loss":0}],"is_beta":false,"boss_relics":[],"items_purged_floors":[],"is_endless":false,"potions_floor_spawned":[6,7,10],"killed_by":"The Guardian","ascension_level":0}}