{"host":"hdafziggwnbzqpcb","time":1608611752,"event":{"mods":["BaseMod","Better Vampires","Colored Map","Colored Powertips","Curses Come First","GifTheSpireLib","Minty Spire (QoL Compilation)","Quick Restart","Rare Cards Sparkle","Relic Stats","Spicy Shops","StSLib","The Bug Knight","The Cursed","TheHero"],"gold_per_floor":[109,59,79,79,93,131,131,131,131,166,166,70,70,90,90,220,220,238,238,257,95,116,160,85,128,128,128,128,128,147,160,160,279,279,292,292,292,92,107,107,131,131,131,165,95,108,128,152,152,152,152,152,50,84,84,84],"floor_reached":55,"playtime":3259,"items_purged":["Parasite"],"score":745,"play_id":"84ba1cdc-8c3b-4abc-994f-b11063a767c4","local_time":"20201221203552","daily_mods":["SealedDeck"],"is_ascension_mode":false,"campfire_choices":[{"data":"HollowMod:SoulStrike","floor":7.0,"key":"SMITH"},{"data":"HollowMod:CycloneSlash","floor":11.0,"key":"SMITH"},{"floor":15.0,"key":"REST"},{"data":"HollowMod:ChannelNail","floor":27.0,"key":"SMITH"},{"data":"HollowMod:CornifersMapStart","floor":29,"key":"SMITH"},{"floor":32,"key":"REST"},{"data":"HollowMod:MylasSalvation","floor":40,"key":"SMITH"},{"data":"HollowMod:CloakDash","floor":42,"key":"SMITH"},{"floor":49,"key":"RECALL"},{"data":"HollowMod:BaldurShell","floor":52,"key":"SMITH"}],"circlet_count":0,"master_deck":["HollowMod:CloakDash+1","HollowMod:NewLittleFool","HollowMod:CornifersMapStart+1","HollowMod:SoulStrike+1","HollowMod:CloakDash","HollowMod:CycloneSlash+1","HollowMod:ChannelNail+1","HollowMod:DashSlash","HollowMod:DashSlash+1","HollowMod:MylasSalvation+1","Swift Strike+1","HollowMod:BaldurShell+1"],"relics":["HollowMod:VesselMask","Golden Idol","Molten Egg 2","Orichalcum","Mummified Hand","Shuriken","Busted Crown","Vajra","Pocketwatch","StrikeDummy","Kunai","MealTicket","Calipers"],"acts_visited":["Exordium","TheCity","TheBeyond","TheEnding"],"potions_floor_usage":[33,33,33,46,50],"damage_taken":[{"damage":0.0,"enemies":"Jaw Worm","floor":1.0,"turns":3.0},{"damage":0.0,"enemies":"2 Louse","floor":3.0,"turns":2.0},{"damage":4.0,"enemies":"Small Slimes","floor":5.0,"turns":3.0},{"damage":21.0,"enemies":"Lagavulin","floor":6.0,"turns":7.0},{"damage":1.0,"enemies":"Gremlin Nob","floor":10.0,"turns":4.0},{"damage":0.0,"enemies":"Looter","floor":14.0,"turns":2.0},{"damage":26.0,"enemies":"Hexaghost","floor":16.0,"turns":6.0},{"damage":0.0,"enemies":"3 Byrds","floor":18.0,"turns":3.0},{"damage":6.0,"enemies":"2 Thieves","floor":20.0,"turns":2.0},{"damage":0.0,"enemies":"3 Cultists","floor":22.0,"turns":2.0},{"damage":4.0,"enemies":"Gremlin Leader","floor":23.0,"turns":3.0},{"damage":21.0,"enemies":"Slavers","floor":25.0,"turns":3.0},{"damage":0,"enemies":"Centurion and Healer","floor":30,"turns":3},{"damage":12,"enemies":"Snake Plant","floor":31,"turns":3},{"damage":6,"enemies":"Champ","floor":33,"turns":5},{"damage":16,"enemies":"3 Shapes","floor":35,"turns":3},{"damage":0,"enemies":"3 Darklings","floor":39,"turns":2},{"damage":5,"enemies":"4 Shapes","floor":41,"turns":3},{"damage":10,"enemies":"Reptomancer","floor":44,"turns":4},{"damage":0,"enemies":"Writhing Mass","floor":46,"turns":4},{"damage":2,"enemies":"Sphere and 2 Shapes","floor":47,"turns":3},{"damage":0,"enemies":"Transient","floor":48,"turns":5},{"damage":0,"enemies":"Donu and Deca","floor":50,"turns":5},{"damage":13,"enemies":"Shield and Spear","floor":54,"turns":4},{"damage":121,"enemies":"The Heart","floor":55,"turns":6}],"seed_played":"-7725746527238090923","potions_obtained":[{"floor":6.0,"key":"Dexterity Potion"},{"floor":16.0,"key":"AttackPotion"},{"floor":20.0,"key":"Energy Potion"},{"floor":25.0,"key":"Fire Potion"},{"floor":31,"key":"Fire Potion"},{"floor":46,"key":"Fruit Juice"},{"floor":48,"key":"Swift Potion"}],"is_trial":true,"path_per_floor":["M","?","M","?","M","E","R","?","T","E","R","$","?","M","R","B",null,"M","?","M","$","M","E","?","E","T","R","?","R","M","M","R","B",null,"M","?","?","$","M","R","M","R","T","E","$","M","M","M","R","B",null,"R","$","E","B"],"character_chosen":"THE_BUGKNIGHT","items_purchased":["Shuriken","Vajra","HollowMod:DoubleDash","FairyPotion","Swift Strike+1","HollowMod:BaldurShell","FairyPotion"],"campfire_rested":2,"item_purchase_floors":[12,21,21,38,38,45,53],"current_hp_per_floor":[75,75,75,57,53,32,32,57,57,56,56,56,49,49,71,45,75,75,75,69,69,69,65,65,44,44,44,44,44,44,32,53,47,72,56,56,56,56,56,56,51,51,51,41,56,61,59,59,59,59,77,77,77,64,0,0],"gold":84,"neow_bonus":"","is_daily":false,"chose_seed":false,"campfire_upgraded":7,"win_rate":0.0,"timestamp":1608611752,"path_taken":["M","?","M","?","M","E","R","?","T","E","R","$","?","M","R","BOSS","M","?","M","$","?","E","?","E","T","R","?","R","M","M","R","BOSS","M","?","?","$","?","R","M","R","T","E","$","M","M","M","R","BOSS","R","$","E","BOSS"],"items_purchased_type":["Relic","Relic","Card","Potion","Card","Card","Potion"],"build_version":"2020-12-13","purchased_purges":1,"victory":false,"max_hp_per_floor":[75,75,75,75,75,75,75,75,75,75,75,75,75,75,75,75,75,75,75,75,72,72,72,72,72,72,72,72,72,72,72,72,72,72,72,72,72,72,72,72,72,72,72,72,72,77,77,77,77,77,77,77,77,77,77,77],"relic_stats":{"Busted Crown":32,"counters":[25,90],"Golden Idol":172,"Mummified Hand":[6],"Shuriken":[89],"MealTicket":15,"Kunai":[48],"Orichalcum":[12],"obtain_stats":[{"Calipers":54,"Golden Idol":4,"Vajra":21,"HollowMod:VesselMask":0,"Orichalcum":9,"Busted Crown":17,"Mummified Hand":10,"Shuriken":12,"Molten Egg 2":6,"MealTicket":44,"Kunai":43,"StrikeDummy":25,"Pocketwatch":23},{"Calipers":24,"Golden Idol":2,"Vajra":9,"HollowMod:VesselMask":0,"Orichalcum":4,"Busted Crown":7,"Mummified Hand":5,"Shuriken":5,"Molten Egg 2":4,"MealTicket":19,"Kunai":18,"StrikeDummy":12,"Pocketwatch":11},{"Calipers":84,"Golden Idol":5,"Vajra":32,"HollowMod:VesselMask":0,"Orichalcum":15,"Busted Crown":27,"Mummified Hand":19,"Shuriken":19,"Molten Egg 2":15,"MealTicket":63,"Kunai":59,"StrikeDummy":40,"Pocketwatch":37}],"Pocketwatch":[0]},"card_choices":[{"not_picked":["HollowMod:HeavyBlow","HollowMod:FastStrike","HollowMod:ChannelNail"],"picked":"SKIP","floor":1.0},{"not_picked":["HollowMod:NewJinnsSoul","HollowMod:CrystalDash"],"picked":"HollowMod:DashSlash","floor":3.0},{"not_picked":["HollowMod:SiblingsShadow","HollowMod:HeavyBlow","HollowMod:CornifersMapStart"],"picked":"SKIP","floor":5.0},{"not_picked":["HollowMod:Grubsong","HollowMod:SiblingsSouls","HollowMod:DescendingDark+1"],"picked":"SKIP","floor":6.0},{"not_picked":["HollowMod:VengefulVoid+1","HollowMod:CoiledNail+1","HollowMod:HerrahsAnger"],"picked":"SKIP","floor":10.0},{"not_picked":["HollowMod:CloakDash","HollowMod:InfectedAttack+1","HollowMod:SharpenedShadows"],"picked":"SKIP","floor":14.0},{"not_picked":["HollowMod:VengefulVoid+1"],"picked":"SKIP","floor":18.0},{"not_picked":["HollowMod:SharpenedNail+1"],"picked":"SKIP","floor":20.0},{"not_picked":["HollowMod:NewJinnsSoul"],"picked":"SKIP","floor":22.0},{"not_picked":["HollowMod:SoulSplash"],"picked":"SKIP","floor":23.0},{"not_picked":["HollowMod:AbyssShriek+1"],"picked":"SKIP","floor":25.0},{"not_picked":["HollowMod:SoulStrike+1"],"picked":"SKIP","floor":30},{"not_picked":["HollowMod:SharpenedShadows+1"],"picked":"SKIP","floor":31},{"not_picked":[],"picked":"HollowMod:DashSlash+1","floor":35},{"not_picked":["HollowMod:SharpenedNail+1"],"picked":"SKIP","floor":39},{"not_picked":["HollowMod:NewLittleFool+1"],"picked":"SKIP","floor":41},{"not_picked":["HollowMod:MonarchWings"],"picked":"SKIP","floor":44},{"not_picked":["HollowMod:VengefulVoid+1"],"picked":"SKIP","floor":46},{"not_picked":["HollowMod:GreatSlash+1"],"picked":"SKIP","floor":47},{"not_picked":["HollowMod:WraithStrike+1"],"picked":"SKIP","floor":48},{"not_picked":["HollowMod:SoulMaster"],"picked":"SKIP","floor":54}],"player_experience":634984,"relics_obtained":[{"floor":6.0,"key":"Molten Egg 2"},{"floor":9.0,"key":"Orichalcum"},{"floor":10.0,"key":"Mummified Hand"},{"floor":23.0,"key":"Pocketwatch"},{"floor":25.0,"key":"StrikeDummy"},{"floor":43,"key":"Kunai"},{"floor":44,"key":"MealTicket"},{"floor":54,"key":"Calipers"}],"event_choices":[{"cards_removed":["HollowMod:SoulShaman"],"damage_healed":0.0,"max_hp_gain":0.0,"max_hp_loss":0.0,"gold_gain":0.0,"event_name":"The Cleric","player_choice":"Card Removal","floor":2.0,"gold_loss":50.0,"damage_taken":0.0},{"damage_healed":0.0,"max_hp_gain":0.0,"max_hp_loss":0.0,"gold_gain":0.0,"event_name":"Golden Idol","player_choice":"Take Damage","floor":4.0,"gold_loss":0.0,"damage_taken":18.0,"relics_obtained":["Golden Idol"]},{"damage_healed":25.0,"max_hp_gain":0.0,"max_hp_loss":0.0,"gold_gain":0.0,"event_name":"Big Fish","player_choice":"Banana","floor":8.0,"gold_loss":0.0,"damage_taken":0.0},{"cards_removed":["Injury"],"damage_healed":0.0,"max_hp_gain":0.0,"max_hp_loss":0.0,"gold_gain":0.0,"event_name":"Golden Wing","player_choice":"Card Removal","floor":13.0,"gold_loss":0.0,"damage_taken":7.0},{"cards_removed":["HollowMod:LifebloodCocoon"],"damage_healed":5.0,"max_hp_gain":0.0,"max_hp_loss":0.0,"gold_gain":0.0,"event_name":"Bonfire Elementals","player_choice":"Offered Common","floor":19.0,"gold_loss":0.0,"damage_taken":0.0},{"cards_removed":["HollowMod:LifebloodCocoon"],"damage_healed":5.0,"max_hp_gain":0.0,"max_hp_loss":0.0,"gold_gain":0.0,"event_name":"Bonfire Elementals","player_choice":"Offered Special","floor":19.0,"gold_loss":0.0,"damage_taken":0.0},{"cards_removed":["HollowMod:HowlingWraiths"],"damage_healed":0.0,"max_hp_gain":0.0,"max_hp_loss":0.0,"gold_gain":0.0,"event_name":"Beggar","player_choice":"Gave Gold","floor":24.0,"gold_loss":75.0,"damage_taken":0.0},{"cards_removed":["HollowMod:DoubleDash"],"damage_healed":0,"gold_gain":0,"player_choice":"Card Removal","damage_taken":0,"max_hp_gain":0,"max_hp_loss":0,"event_name":"Wheel of Change","floor":37,"gold_loss":0}],"is_beta":false,"boss_relics":[{"not_picked":["Runic Pyramid","Ectoplasm"],"picked":"Busted Crown"},{"not_picked":["Snecko Eye","HollowMod:VoidIdolRelic","Fusion Hammer"]}],"items_purged_floors":[21],"is_endless":false,"potions_floor_spawned":[6,16,20,25,31,46,48],"killed_by":"The Heart","ascension_level":0}}