{"host":"lh9qfzqeqctr28d2","time":1608607753,"event":{"mods":["BaseMod","Minty Spire (QoL Compilation)","Quick Restart","Relic Stats","StSLib"],"gold_per_floor":[115,133,146,160,160,192,64,95,95,109,109,125,139,173,173,276,276,296,90,90,101,116,116,146,171,171,183,183,197,197,23,23,23,23],"floor_reached":33,"playtime":2882,"items_purged":["Regret","Strike_G","Strike_G"],"score":330,"play_id":"94fecc70-2efa-4086-86e6-5e1ddd54eb91","local_time":"20201222112913","is_ascension_mode":true,"campfire_choices":[{"floor":11,"key":"REST"},{"floor":15,"key":"REST"},{"data":"Tools of the Trade","floor":23,"key":"SMITH"},{"floor":28,"key":"REST"},{"floor":30,"key":"REST"},{"data":"Bane","floor":32,"key":"SMITH"}],"circlet_count":0,"master_deck":["Strike_G","Strike_G","Strike_G","Defend_G","Defend_G","Defend_G","Defend_G","Defend_G","Survivor","Neutralize","Bane+1","Expertise","Flying Knee","Distraction+1","Poisoned Stab","Die Die Die","Bane","Tools of the Trade+1","Deadly Poison+1","Crippling Poison+1","Deadly Poison+1","Bouncing Flask+1"],"relics":["Ring of the Snake","Oddly Smooth Stone","Toxic Egg 2","Tiny Chest","FossilizedHelix","Paper Crane","Ninja Scroll","HoveringKite","Membership Card","Omamori","Red Mask","Dead Branch","Orichalcum"],"acts_visited":["Exordium","TheCity"],"potions_floor_usage":[6,6,14,16],"damage_taken":[{"damage":0,"enemies":"Small Slimes","floor":1,"turns":3},{"damage":0,"enemies":"Jaw Worm","floor":2,"turns":6},{"damage":0,"enemies":"Cultist","floor":3,"turns":4},{"damage":10,"enemies":"Exordium Wildlife","floor":4,"turns":5},{"damage":26,"enemies":"Lagavulin","floor":6,"turns":12},{"damage":17,"enemies":"Gremlin Nob","floor":8,"turns":5},{"damage":7,"enemies":"3 Louse","floor":10,"turns":3},{"damage":0,"enemies":"Red Slaver","floor":12,"turns":3},{"damage":0,"enemies":"2 Fungi Beasts","floor":13,"turns":3},{"damage":4,"enemies":"Lagavulin","floor":14,"turns":5},{"damage":39,"enemies":"Hexaghost","floor":16,"turns":12},{"damage":0,"enemies":"Chosen","floor":18,"turns":6},{"damage":29,"enemies":"Shell Parasite","floor":21,"turns":6},{"damage":9,"enemies":"Snake Plant","floor":22,"turns":5},{"damage":0,"enemies":"Gremlin Leader","floor":24,"turns":4},{"damage":0,"enemies":"Masked Bandits","floor":25,"turns":2},{"damage":18,"enemies":"Snecko","floor":27,"turns":5},{"damage":5,"enemies":"Centurion and Healer","floor":29,"turns":6},{"damage":56,"enemies":"Automaton","floor":33,"turns":6}],"seed_played":"4817654526013585028","potions_obtained":[{"floor":2,"key":"LiquidMemories"},{"floor":3,"key":"EssenceOfSteel"},{"floor":4,"key":"Fire Potion"},{"floor":8,"key":"LiquidBronze"},{"floor":13,"key":"SpeedPotion"},{"floor":14,"key":"Block Potion"},{"floor":18,"key":"Strength Potion"},{"floor":21,"key":"Explosive Potion"},{"floor":24,"key":"GhostInAJar"}],"is_trial":false,"path_per_floor":["M","M","M","M","?","E","$","E","T","M","R","M","M","E","R","B",null,"M","$","?","M","M","R","E","?","T","M","R","M","R","$","R","B"],"character_chosen":"THE_SILENT","items_purchased":["Poisoned Stab","Membership Card","Orichalcum","Bouncing Flask+1"],"campfire_rested":4,"item_purchase_floors":[7,19,31,31],"current_hp_per_floor":[70,70,70,60,60,34,34,17,17,10,31,31,31,27,48,9,70,70,70,70,41,32,32,32,32,32,14,35,30,51,51,51,0,0],"gold":23,"neow_bonus":"RANDOM_COMMON_RELIC","is_daily":false,"chose_seed":false,"campfire_upgraded":2,"win_rate":0.0,"timestamp":1608607753,"path_taken":["M","M","M","M","?","E","$","E","T","M","R","M","M","E","R","BOSS","M","$","?","M","M","R","E","?","T","M","R","M","R","?","R","BOSS"],"items_purchased_type":["Card","Relic","Relic","Card"],"build_version":"2020-12-13","purchased_purges":3,"victory":false,"max_hp_per_floor":[70,70,70,70,70,70,70,70,70,70,70,70,70,70,70,70,70,70,70,70,70,70,70,70,70,70,70,70,70,70,70,70,70,70],"relic_stats":{"counters":[19,101],"Dead Branch":[22],"HoveringKite":[24],"Tiny Chest":0,"Orichalcum":[6],"obtain_stats":[{"Dead Branch":26,"Oddly Smooth Stone":0,"HoveringKite":17,"Omamori":24,"Paper Crane":9,"Orichalcum":31,"Ninja Scroll":14,"Tiny Chest":6,"Red Mask":25,"Membership Card":19,"Toxic Egg 2":5,"FossilizedHelix":8,"Ring of the Snake":0},{"Dead Branch":16,"Oddly Smooth Stone":0,"HoveringKite":11,"Omamori":15,"Paper Crane":6,"Orichalcum":18,"Ninja Scroll":10,"Tiny Chest":5,"Red Mask":16,"Membership Card":12,"Toxic Egg 2":4,"FossilizedHelix":6,"Ring of the Snake":0},{"Dead Branch":84,"Oddly Smooth Stone":0,"HoveringKite":61,"Omamori":82,"Paper Crane":35,"Orichalcum":95,"Ninja Scroll":49,"Tiny Chest":30,"Red Mask":84,"Membership Card":67,"Toxic Egg 2":18,"FossilizedHelix":35,"Ring of the Snake":0}],"Ring of the Snake":[38]},"card_choices":[{"not_picked":["Flying Knee","Heel Hook"],"picked":"Bane","floor":1},{"not_picked":["Backflip","Terror"],"picked":"Expertise","floor":2},{"not_picked":["Quick Slash","Slice"],"picked":"Flying Knee","floor":3},{"not_picked":["Riddle With Holes","Prepared","Distraction"],"picked":"SKIP","floor":4},{"not_picked":["Underhanded Strike","Dodge and Roll+1"],"picked":"Distraction+1","floor":6},{"not_picked":["Poisoned Stab","Flying Knee"],"picked":"Die Die Die","floor":8},{"not_picked":["Eviscerate","Prepared+1","Quick Slash"],"picked":"SKIP","floor":10},{"not_picked":["Eviscerate","Underhanded Strike","Masterful Stab"],"picked":"SKIP","floor":12},{"not_picked":["PiercingWail+1","Prepared+1"],"picked":"Bane","floor":13},{"not_picked":["Glass Knife","Flying Knee","All Out Attack"],"picked":"SKIP","floor":14},{"not_picked":["Unload","Grand Finale"],"picked":"Tools of the Trade","floor":16},{"not_picked":["Deflect+1","Dagger Spray","Dodge and Roll+1"],"picked":"SKIP","floor":18},{"not_picked":["Acrobatics+1","Flying Knee"],"picked":"Deadly Poison+1","floor":21},{"not_picked":["Poisoned Stab","Bane"],"picked":"Crippling Poison+1","floor":22},{"not_picked":["Infinite Blades+1","Backstab","Flying Knee"],"picked":"SKIP","floor":24},{"not_picked":["Prepared+1","Setup+1"],"picked":"Deadly Poison+1","floor":25},{"not_picked":["Backflip+1","Malaise+1","Acrobatics+1"],"picked":"SKIP","floor":27},{"not_picked":["Slice","Blade Dance+1","Heel Hook"],"picked":"SKIP","floor":29}],"player_experience":257988,"relics_obtained":[{"floor":6,"key":"Tiny Chest"},{"floor":8,"key":"FossilizedHelix"},{"floor":9,"key":"Paper Crane"},{"floor":14,"key":"Ninja Scroll"},{"floor":24,"key":"Omamori"},{"floor":25,"key":"Red Mask"},{"floor":26,"key":"Dead Branch"}],"event_choices":[{"damage_healed":0,"gold_gain":0,"player_choice":"Box","damage_taken":0,"relics_obtained":["Toxic Egg 2"],"max_hp_gain":0,"max_hp_loss":0,"event_name":"Big Fish","floor":5,"gold_loss":0,"cards_obtained":["Regret"]},{"damage_healed":0,"gold_gain":0,"player_choice":"Ignored","damage_taken":0,"max_hp_gain":0,"max_hp_loss":0,"event_name":"Vampires","floor":20,"gold_loss":0},{"damage_healed":0,"gold_gain":0,"player_choice":"Fought Bandits","damage_taken":0,"max_hp_gain":0,"max_hp_loss":0,"event_name":"Masked Bandits","floor":25,"gold_loss":0}],"is_beta":false,"boss_relics":[{"not_picked":["Tiny House","Runic Dome"],"picked":"HoveringKite"}],"items_purged_floors":[7,19,31],"is_endless":false,"potions_floor_spawned":[2,3,4,8,13,14,18,21,24],"killed_by":"Automaton","ascension_level":1}}