{"host":"h8l1uc7c2i19r904","time":1608665292,"event":{"mods":["AchievementEnabler","BaseMod","Colored Map","Colored Powertips","Downfall","Minty Spire (QoL Compilation)","Quick Restart","Replay The Spire","StSLib","SuperFastMode"],"gold_per_floor":[119,5,5,25,45,79,89,109,136,136,36,62,62,81,81,186,186,196,215,215,242,242,269,287,303,303,335,358,14,25,40,40,40,40],"floor_reached":33,"playtime":2006,"items_purged":["Defend_P","Vigilance"],"score":324,"play_id":"20cad7ca-e52b-4ff2-8c99-601464996a8d","local_time":"20201222112812","is_ascension_mode":false,"campfire_choices":[{"data":"Eruption","floor":10,"key":"SMITH"},{"floor":13,"key":"REST"},{"data":"Crescendo","floor":15,"key":"SMITH"},{"floor":32,"key":"REST"}],"circlet_count":0,"master_deck":["Strike_P","Strike_P","Strike_P","Strike_P","Defend_P","Eruption+1","Crescendo+1","Replay:BluntJabs+1","CrushJoints","Bandage Up","Consecrate","Worship","Conclude","DevaForm","Replay:DivineShield","EmptyMind","Adaptation","Swivel","Evaluate","FollowUp"],"relics":["PureWater","NeowsBlessing","Counterbalance","Happy Flower","ReplayTheSpireMod:TigerMarble","Busted Crown","Red Mask","Ancient Tea Set","Tiny Chest","Regal Pillow","Simple Rune","Girya"],"acts_visited":["Exordium","TheCity"],"potions_floor_usage":[27,27,27,31],"damage_taken":[{"damage":0,"enemies":"Small Slimes","floor":1,"turns":1},{"damage":0,"enemies":"Cultist","floor":4,"turns":1},{"damage":0,"enemies":"2 Louse","floor":5,"turns":1},{"damage":18,"enemies":"3 Sentries","floor":6,"turns":3},{"damage":10,"enemies":"Looter","floor":7,"turns":2},{"damage":5,"enemies":"Gremlin Gang","floor":8,"turns":2},{"damage":36,"enemies":"Lagavulin","floor":12,"turns":3},{"damage":0,"enemies":"2 Fungi Beasts","floor":14,"turns":2},{"damage":54,"enemies":"Fading Forest","floor":16,"turns":11},{"damage":11,"enemies":"3 Byrds","floor":18,"turns":4},{"damage":0,"enemies":"2 Thieves","floor":19,"turns":2},{"damage":0,"enemies":"Masked Bandits","floor":21,"turns":2},{"damage":9,"enemies":"Replay:Snechameleon","floor":23,"turns":4},{"damage":2,"enemies":"Centurion and Healer","floor":24,"turns":3},{"damage":25,"enemies":"Snake Plant","floor":25,"turns":2},{"damage":0,"enemies":"Gremlin Leader","floor":27,"turns":2},{"damage":14,"enemies":"Cultist and Chosen","floor":30,"turns":3},{"damage":12,"enemies":"3 Cultists","floor":31,"turns":3},{"damage":47,"enemies":"Collector","floor":33,"turns":3}],"seed_played":"5776540706005996667","potions_obtained":[{"floor":5,"key":"sneckomod:MuddlingPotion"},{"floor":6,"key":"FearPotion"},{"floor":12,"key":"Elixir"},{"floor":14,"key":"Toxic Potion"},{"floor":19,"key":"DistilledChaos"},{"floor":27,"key":"SpeedPotion"},{"floor":31,"key":"Dexterity Potion"}],"is_trial":false,"path_per_floor":["M","$","?","M","M","E","M","M","T","R","$","E","R","M","R","B",null,"M","M","?","?","?","E","M","M","T","E","T","$","M","M","R","B"],"character_chosen":"WATCHER","items_purchased":["Replay:BluntJabs+1","Girya","FollowUp"],"campfire_rested":2,"item_purchase_floors":[2,29,29],"current_hp_per_floor":[72,72,72,72,72,58,52,47,47,47,47,15,36,36,36,6,72,61,61,48,48,48,43,45,20,20,20,20,20,10,2,40,0,0],"gold":40,"neow_bonus":"THREE_ENEMY_KILL","is_daily":false,"chose_seed":false,"campfire_upgraded":2,"win_rate":0.0,"timestamp":1608665292,"path_taken":["M","$","?","?","M","E","M","M","T","R","$","E","R","M","R","BOSS","M","M","?","?","?","E","M","M","T","E","?","$","M","?","R","BOSS"],"items_purchased_type":["Card","Relic","Card"],"build_version":"2020-12-13","purchased_purges":2,"victory":false,"max_hp_per_floor":[72,72,72,72,72,72,72,72,72,72,72,72,72,72,72,72,72,72,72,77,77,77,77,77,77,77,77,77,77,77,77,77,77,77],"card_choices":[{"not_picked":["Replay:BluntJabs","TalkToTheHand"],"picked":"Crescendo","floor":1},{"not_picked":["TalkToTheHand","Evaluate","Replay:Vibes"],"picked":"SKIP","floor":4},{"not_picked":["Replay:AtTheReady","Replay:Hum"],"picked":"Consecrate","floor":5},{"not_picked":["Evaluate","ThirdEye","CrushJoints"],"picked":"SKIP","floor":6},{"not_picked":["ThirdEye","Evaluate","WaveOfTheHand"],"picked":"SKIP","floor":7},{"not_picked":["FlurryOfBlows","Replay:Vibes"],"picked":"Worship","floor":8},{"not_picked":["EmptyBody","Replay:AllIn","Consecrate"],"picked":"SKIP","floor":12},{"not_picked":["WheelKick","EmptyFist"],"picked":"Conclude","floor":14},{"not_picked":["Replay:AllIn","LessonLearned"],"picked":"DevaForm","floor":16},{"not_picked":[],"picked":"Replay:DivineShield","floor":18},{"not_picked":["ThirdEye"],"picked":"SKIP","floor":19},{"not_picked":["Worship"],"picked":"SKIP","floor":23},{"not_picked":[],"picked":"Swivel","floor":24},{"not_picked":["Replay:AtTheReady"],"picked":"SKIP","floor":25},{"not_picked":[],"picked":"Evaluate","floor":27},{"not_picked":["ClearTheMind"],"picked":"SKIP","floor":30},{"not_picked":["ClearTheMind"],"picked":"SKIP","floor":30},{"not_picked":["PathToVictory"],"picked":"SKIP","floor":31}],"player_experience":99124,"relics_obtained":[{"floor":6,"key":"Counterbalance"},{"floor":9,"key":"Happy Flower"},{"floor":12,"key":"ReplayTheSpireMod:TigerMarble"},{"floor":21,"key":"Red Mask"},{"floor":23,"key":"Ancient Tea Set"},{"floor":26,"key":"Tiny Chest"},{"floor":27,"key":"Regal Pillow"},{"floor":28,"key":"Simple Rune"}],"event_choices":[{"damage_healed":0,"gold_gain":0,"player_choice":"2 cards matched","damage_taken":0,"max_hp_gain":0,"max_hp_loss":0,"event_name":"Match and Keep!","floor":3,"gold_loss":0,"cards_obtained":["CrushJoints","Bandage Up"]},{"damage_healed":0,"gold_gain":0,"player_choice":"Shed Blood","damage_taken":18,"max_hp_gain":5,"max_hp_loss":0,"event_name":"Forgotten Altar","floor":20,"gold_loss":0},{"damage_healed":0,"gold_gain":0,"player_choice":"Fought Bandits","damage_taken":0,"max_hp_gain":0,"max_hp_loss":0,"event_name":"Masked Bandits","floor":21,"gold_loss":0},{"damage_healed":0,"gold_gain":0,"cards_transformed":["Defend_P","Defend_P"],"player_choice":"Became Test Subject","damage_taken":0,"max_hp_gain":0,"max_hp_loss":0,"event_name":"Drug Dealer","floor":22,"gold_loss":0,"cards_obtained":["EmptyMind","Adaptation"]}],"is_beta":false,"boss_relics":[{"not_picked":["Black Star","Empty Cage"],"picked":"Busted Crown"}],"items_purged_floors":[2,11],"is_endless":false,"potions_floor_spawned":[5,6,12,14,19,23,25,27,31],"killed_by":"Collector","ascension_level":0}}