{"host":"sav7uxregyirlf69","time":1608639461,"event":{"mods":["AchievementEnabler","BaseMod","Colored Map","DeckTracker","Keyboard Shortcuts","Minty Spire (QoL Compilation)","READ ME - Guardian Mod","StSLib","SuperFastMode"],"gold_per_floor":[113,113,124,137,137,170,246,287,299,311,335,347,133,147,147,245,245,262,343,343,56,76,109,109,138,138,138,138,155,185,185,185,281,281,291,68,79,99,117,117,143,156,207,219,245,245,279,279,279,279,279,279,8,34,34],"floor_reached":56,"playtime":2120,"items_purged":["Strike_G","Strike_G","Strike_G"],"score":1533,"play_id":"f100328c-0690-42ff-8aa0-685a509a02b8","local_time":"20201222211741","daily_mods":["Heirloom"],"is_ascension_mode":true,"campfire_choices":[{"floor":10.0,"key":"REST"},{"data":"Bouncing Flask","floor":12.0,"key":"SMITH"},{"data":"Catalyst","floor":15.0,"key":"SMITH"},{"data":"Prepared","floor":24,"key":"SMITH"},{"data":"Reflex","floor":27,"key":"SMITH"},{"data":"Tactician","floor":32,"key":"SMITH"},{"data":"Night Terror","floor":40,"key":"SMITH"},{"floor":49,"key":"RECALL"},{"data":"Acrobatics","floor":52,"key":"SMITH"}],"circlet_count":0,"master_deck":["Defend_G","Defend_G+1","Defend_G+1","Defend_G","Defend_G","Survivor","Neutralize","Flying Knee","Bouncing Flask+1","Backstab","Poisoned Stab","After Image","Prepared+1","Tactician+1","Reflex+1","Catalyst+1","Concentrate+1","Backflip","Noxious Fumes+1","Night Terror+1","Acrobatics+1","Escape Plan","Crippling Poison+1","PiercingWail","After Image+1","Calculated Gamble","Noxious Fumes+1"],"relics":["Ring of the Snake","Du-Vu Doll","MawBank","Eternal Feather","Pocketwatch","Akabeko","Black Star","Pantograph","Tough Bandages","Happy Flower","Shuriken","PreservedInsect","Frozen Egg 2","Bag of Marbles","Nloth\u0027s Gift","Runic Pyramid","Membership Card","Letter Opener","The Specimen","Regal Pillow","Bronze Scales","Ice Cream","Potion Belt","Centennial Puzzle","Bottled Lightning","Boot","HornCleat"],"acts_visited":["Exordium","TheCity","TheBeyond","TheEnding"],"potions_floor_usage":[22,23,33,41,55,55,55,55,55,55,55,55,55,55],"damage_taken":[{"damage":3.0,"enemies":"Jaw Worm","floor":1.0,"turns":4.0},{"damage":0.0,"enemies":"2 Louse","floor":3.0,"turns":3.0},{"damage":1.0,"enemies":"Cultist","floor":4.0,"turns":3.0},{"damage":22.0,"enemies":"Lagavulin","floor":6.0,"turns":7.0},{"damage":14.0,"enemies":"Lagavulin Event","floor":7.0,"turns":7.0},{"damage":10.0,"enemies":"Gremlin Nob","floor":8.0,"turns":3.0},{"damage":14.0,"enemies":"3 Louse","floor":11.0,"turns":3.0},{"damage":0.0,"enemies":"Large Slime","floor":14.0,"turns":5.0},{"damage":0.0,"enemies":"The Guardian","floor":16.0,"turns":7.0},{"damage":13.0,"enemies":"Spheric Guardian","floor":18.0,"turns":4.0},{"damage":0,"enemies":"3 Byrds","floor":22,"turns":4},{"damage":0,"enemies":"Gremlin Leader","floor":23,"turns":5},{"damage":27,"enemies":"Book of Stabbing","floor":25,"turns":7},{"damage":2,"enemies":"Snecko","floor":29,"turns":4},{"damage":10,"enemies":"Gremlin Leader","floor":30,"turns":4},{"damage":4,"enemies":"Collector","floor":33,"turns":6},{"damage":7,"enemies":"3 Shapes","floor":35,"turns":4},{"damage":1,"enemies":"Orb Walker","floor":37,"turns":3},{"damage":0,"enemies":"Maw","floor":38,"turns":3},{"damage":0,"enemies":"4 Shapes","floor":39,"turns":6},{"damage":0,"enemies":"Reptomancer","floor":41,"turns":2},{"damage":0,"enemies":"Sphere and 2 Shapes","floor":42,"turns":4},{"damage":5,"enemies":"Writhing Mass","floor":44,"turns":4},{"damage":4,"enemies":"Nemesis","floor":45,"turns":7},{"damage":6,"enemies":"Reptomancer","floor":47,"turns":3},{"damage":9,"enemies":"Time Eater","floor":50,"turns":4},{"damage":4,"enemies":"Shield and Spear","floor":54,"turns":4},{"damage":1,"enemies":"The Heart","floor":55,"turns":6}],"seed_played":"4677215077509474292","potions_obtained":[{"floor":6.0,"key":"SkillPotion"},{"floor":7.0,"key":"SkillPotion"},{"floor":8.0,"key":"LiquidBronze"},{"floor":18.0,"key":"PowerPotion"},{"floor":22,"key":"DistilledChaos"},{"floor":25,"key":"SpeedPotion"},{"floor":33,"key":"SteroidPotion"},{"floor":35,"key":"LiquidMemories"},{"floor":44,"key":"EntropicBrew"},{"floor":54,"key":"SteroidPotion"}],"is_trial":true,"path_per_floor":["M","?","M","M","?","E","?","E","T","R","M","R","$","M","R","B",null,"M","T","?","$","M","E","R","E","T","R","?","M","E","?","R","B",null,"M","$","M","M","M","R","E","M","T","M","E","?","E","?","R","B",null,"R","$","E","B",null],"character_chosen":"THE_SILENT","items_purchased":["Tactician","Reflex","Tough Bandages","Membership Card","Escape Plan","Calculated Gamble","Bottled Lightning","Noxious Fumes+1","Poison Potion"],"campfire_rested":1,"item_purchase_floors":[13,13,21,36,36,53,53,53,53],"current_hp_per_floor":[67,72,72,71,56,34,20,10,10,41,27,36,36,36,48,48,75,62,62,62,62,62,62,74,61,61,73,73,71,61,61,73,85,89,82,82,81,81,81,89,89,89,89,84,80,80,74,74,89,80,89,89,89,85,88],"gold":34,"neow_bonus":"","is_daily":false,"chose_seed":false,"campfire_upgraded":7,"win_rate":0.0,"timestamp":1608639461,"path_taken":["M","?","M","M","?","E","?","E","T","R","M","R","?","M","R","BOSS","M","?","?","$","M","E","R","E","T","R","?","?","E","?","R","BOSS","M","$","M","M","?","R","E","?","T","M","E","?","E","?","R","BOSS","R","$","E","BOSS"],"items_purchased_type":["Card","Card","Relic","Relic","Card","Card","Relic","Card","Potion"],"build_version":"2020-12-13","purchased_purges":3,"victory":true,"max_hp_per_floor":[70,75,75,75,75,75,75,75,75,75,75,75,75,75,75,75,75,75,75,75,75,75,75,75,89,89,89,89,89,89,89,89,89,89,89,89,89,89,89,89,89,89,89,89,89,89,89,89,89,89,89,89,89,89,89],"card_choices":[{"not_picked":["Slice","PiercingWail"],"picked":"Flying Knee","floor":1.0},{"not_picked":["Deadly Poison","Setup"],"picked":"Bouncing Flask","floor":3.0},{"not_picked":["Terror","Underhanded Strike"],"picked":"Backstab","floor":4.0},{"not_picked":["Unload","Sucker Punch","Backstab"],"picked":"SKIP","floor":6.0},{"not_picked":["Masterful Stab","Dodge and Roll"],"picked":"Poisoned Stab","floor":7.0},{"not_picked":["Distraction","Blur"],"picked":"After Image","floor":8.0},{"not_picked":["Underhanded Strike","Eviscerate"],"picked":"Prepared","floor":11.0},{"not_picked":["Flying Knee","Quick Slash"],"picked":"Catalyst","floor":14.0},{"not_picked":["Accuracy","Bouncing Flask","Distraction"],"picked":"SKIP","floor":18.0},{"not_picked":["Slice+1","Deflect","Underhanded Strike"],"picked":"SKIP","floor":22},{"not_picked":["Flying Knee+1","Dodge and Roll"],"picked":"Concentrate+1","floor":23},{"not_picked":["Dagger Throw","Terror"],"picked":"Backflip","floor":25},{"not_picked":["Eviscerate+1","Poisoned Stab","Outmaneuver"],"picked":"SKIP","floor":29},{"not_picked":["Dagger Spray","Poisoned Stab"],"picked":"Noxious Fumes+1","floor":30},{"not_picked":["Die Die Die","Adrenaline"],"picked":"Night Terror","floor":33},{"not_picked":["Slice+1","Sucker Punch+1"],"picked":"Acrobatics","floor":35},{"not_picked":["Terror+1","Infinite Blades+1","Backflip"],"picked":"SKIP","floor":37},{"not_picked":["Deadly Poison+1","Leg Sweep+1","Endless Agony"],"picked":"SKIP","floor":38},{"not_picked":["Finisher+1","Predator","Infinite Blades+1"],"picked":"SKIP","floor":39},{"not_picked":["Leg Sweep+1","Predator","Die Die Die"],"picked":"SKIP","floor":41},{"not_picked":["Underhanded Strike","Sucker Punch+1"],"picked":"Crippling Poison+1","floor":42},{"not_picked":["PiercingWail","Bane","Outmaneuver"],"picked":"SKIP","floor":44},{"not_picked":["Bane","Flying Knee"],"picked":"PiercingWail","floor":45},{"not_picked":["Escape Plan+1","Endless Agony"],"picked":"After Image+1","floor":47},{"not_picked":["Leg Sweep+1","Choke","Expertise"],"picked":"SKIP","floor":54}],"player_experience":989850,"relics_obtained":[{"floor":6.0,"key":"MawBank"},{"floor":8.0,"key":"Pocketwatch"},{"floor":9.0,"key":"Akabeko"},{"floor":19.0,"key":"Pantograph"},{"floor":23,"key":"Happy Flower"},{"floor":23,"key":"Shuriken"},{"floor":25,"key":"Mango"},{"floor":25,"key":"PreservedInsect"},{"floor":30,"key":"Frozen Egg 2"},{"floor":30,"key":"Bag of Marbles"},{"floor":41,"key":"Letter Opener"},{"floor":41,"key":"The Specimen"},{"floor":43,"key":"Regal Pillow"},{"floor":45,"key":"Bronze Scales"},{"floor":45,"key":"Ice Cream"},{"floor":47,"key":"Potion Belt"},{"floor":47,"key":"Centennial Puzzle"},{"floor":54,"key":"Boot"},{"floor":54,"key":"HornCleat"}],"event_choices":[{"damage_healed":0.0,"max_hp_gain":5.0,"max_hp_loss":0.0,"gold_gain":0.0,"event_name":"Big Fish","player_choice":"Donut","floor":2.0,"gold_loss":0.0,"damage_taken":0.0},{"damage_healed":0.0,"max_hp_gain":0.0,"max_hp_loss":0.0,"gold_gain":0.0,"event_name":"Shining Light","player_choice":"Entered Light","floor":5.0,"gold_loss":0.0,"damage_taken":15.0,"cards_upgraded":["Defend_G","Defend_G"]},{"damage_healed":0.0,"max_hp_gain":0.0,"max_hp_loss":0.0,"gold_gain":30.0,"event_name":"Dead Adventurer","player_choice":"Searched \u00273\u0027 times","floor":7.0,"gold_loss":0.0,"damage_taken":0.0,"relics_obtained":["Eternal Feather"]},{"damage_healed":0.0,"max_hp_gain":0.0,"max_hp_loss":0.0,"gold_gain":0.0,"event_name":"The Mausoleum","player_choice":"Ignored","floor":20.0,"gold_loss":0.0,"damage_taken":0.0},{"cards_removed":["Strike_G"],"damage_healed":0,"gold_gain":0,"player_choice":"Purged","damage_taken":0,"max_hp_gain":0,"max_hp_loss":0,"event_name":"Purifier","floor":28,"gold_loss":0},{"damage_healed":0,"gold_gain":0,"player_choice":"Traded Relic","damage_taken":0,"relics_obtained":["Nloth\u0027s Gift"],"max_hp_gain":0,"max_hp_loss":0,"event_name":"N\u0027loth","floor":31,"relics_lost":["Mango"],"gold_loss":0},{"cards_removed":["Strike_G"],"damage_healed":0,"gold_gain":0,"player_choice":"Removed Attack","damage_taken":0,"max_hp_gain":0,"max_hp_loss":0,"event_name":"Falling","floor":46,"gold_loss":0},{"damage_healed":0,"gold_gain":0,"player_choice":"Ignored","damage_taken":0,"max_hp_gain":0,"max_hp_loss":0,"event_name":"Golden Shrine","floor":48,"gold_loss":0}],"is_beta":false,"boss_relics":[{"not_picked":["Runic Dome","WristBlade"],"picked":"Black Star"},{"not_picked":["Astrolabe","Philosopher\u0027s Stone"],"picked":"Runic Pyramid"}],"items_purged_floors":[13,36,53],"is_endless":false,"potions_floor_spawned":[6,7,8,18,22,25,33,35,39,44,54],"ascension_level":1}}