{"host":"dwyzfvnzfcqffr30","time":1608629635,"event":{"mods":["2.2 Compatiblity","Act Like it!","BaseMod","Beaked The Cultist","Better Altar","Better Match","Better Note","Better Sensory Stone","Better Skull","Better Third Choice","Clockwork Mod","Colored Map","Colored Powertips","Conspire","Downfall","Elementarium","GifTheSpireLib","Halation","Hermit","Hubris","Infinite Spire","Ironclad Rager","Jedi Mod","Menagerie","Mimic Mod","Minty Spire (QoL Compilation)","Permanent Neow","Random Character Button","Replay The Spire","Spicy Shops","StSLib","Stuff the Spire","The Construct","The Disciple","The Druid","The Marked","TheFirefly","Trackpad","vexMod"],"gold_per_floor":[509,509,529,459,459,459,487,500,500,65,79,91,108,108,108,238,238,261,261,301,325,338,373,388,421,444,475,315,315,331,375,375,505,505,525,525,548,548,121,164,164,203,203,216,305,305,346,44,44,58,58,58,10,61,79,79],"floor_reached":55,"playtime":6439,"items_purged":["StuffTheSpire:CuriosityCurse","Flex+1"],"score":1307,"play_id":"5d8c4b47-d2f2-45ac-90a0-552015d47deb","local_time":"20201222013355","is_ascension_mode":true,"campfire_choices":[{"floor":6.0,"key":"RECALL"},{"floor":15.0,"key":"REST"},{"floor":32,"key":"REST"},{"floor":41,"key":"REST"},{"data":"Perfected Strike+1","floor":46,"key":"SMITH"},{"data":"jedi:collectorstrike+1","floor":49,"key":"SMITH"},{"data":"jedi:collectorstrike+2","floor":52,"key":"SMITH"}],"circlet_count":0,"master_deck":["AscendersBane","Strike_R+1","Strike_R+1","Strike_R+1","Strike_R+1","Strike_R+1","Defend_R+1","Defend_R+1","Defend_R+1","Defend_R+1","Bash+1","MasterReality+1","Cleave+1","Flex+1","Menagerie:DarkRitual+1","Menagerie:LightningBolt+1","ReplayTheSpireMod:Muscle Training+1","Disarm+1","Metallicize+1","Perfected Strike+2","jedi:harder+1","Twin Strike+1","infinitespire:Fortify+1","Iron Wave+1","Pommel Strike+1","Shockwave+1","Metallicize+1","Reaper+1","hubris:SharpeningStone+1","Replay:SS_hec_2+1","Panacea+1","expansioncontent:DecasProtection+1","Replay:Undeath\u0027s Touch+1","Metallicize+1","jedi:collectorstrike+3","Pommel Strike+1"],"relics":["Black Blood","hubris:FruitBowl","hubris:EvacipatedBox","Juzu Bracelet","Molten Egg 2","Toxic Egg 2","Frozen Egg 2","Quantum Egg","Bottled Tornado","Blue Candle","hubris:ToyBattleship","trackpad:AdjectivePendant","Lantern","halation:Jellyphish","Golden Idol","Mark of Pain","Toxic Egg 2","infinitespire:BottledMercury","trackpad:IceCube","Regal Pillow","StuffTheSpire:ForceGauntlet","hubris:EmptyBottle","Orichalcum","Replay:Wax Seal","Bag of Preparation","trackpad:SneckoScepter","Incense Burner","conspire:InfiniteJournal","Pen Nib","Replay:Bandana","halation:LostSnail","hubris:FunFungus","jedi:battlestandard"],"acts_visited":["Menagerie:Menagerie","TheCity","TheBeyond","TheEnding"],"potions_floor_usage":[16,18,22,23,25,30,31,33,33,33,42,42,44,44,47,47,50,54],"damage_taken":[{"damage":0.0,"enemies":"Menagerie:MonstrousExperiment","floor":1.0,"turns":4.0},{"damage":1.0,"enemies":"Menagerie:WhisperingWraith","floor":3.0,"turns":4.0},{"damage":17.0,"enemies":"Menagerie:MaskedSummoner","floor":7.0,"turns":7.0},{"damage":1.0,"enemies":"Menagerie:StygianBoar","floor":8.0,"turns":2.0},{"damage":1.0,"enemies":"Menagerie:MENAGERIE_WILDLIFE","floor":11.0,"turns":2.0},{"damage":0.0,"enemies":"Menagerie:3_RABBITS","floor":12.0,"turns":4.0},{"damage":0.0,"enemies":"Menagerie:DREAD_MOTH_AND_GRAFTED_WORMS","floor":13.0,"turns":3.0},{"damage":32,"enemies":"Menagerie:Suneater","floor":16,"turns":5},{"damage":4,"enemies":"3 Byrds","floor":18,"turns":5},{"damage":4,"enemies":"Shell Parasite","floor":20,"turns":4},{"damage":0,"enemies":"Shell Parasite","floor":21,"turns":4},{"damage":0,"enemies":"Cultist and Chosen","floor":22,"turns":3},{"damage":14,"enemies":"Replay:Snechameleon","floor":23,"turns":2},{"damage":15,"enemies":"3 Cultists","floor":24,"turns":4},{"damage":10,"enemies":"Book of Stabbing","floor":25,"turns":6},{"damage":1,"enemies":"Slavers","floor":27,"turns":4},{"damage":0,"enemies":"Chosen and Byrds","floor":30,"turns":3},{"damage":2,"enemies":"conspire:Head Lice","floor":31,"turns":6},{"damage":10,"enemies":"hubris:MusketHawk","floor":33,"turns":4},{"damage":11,"enemies":"Orb Walker","floor":35,"turns":4},{"damage":18,"enemies":"3 Darklings","floor":37,"turns":3},{"damage":4,"enemies":"beaked:SuperParasite","floor":40,"turns":9},{"damage":1,"enemies":"Reptomancer","floor":42,"turns":7},{"damage":8,"enemies":"4 Shapes","floor":44,"turns":6},{"damage":1,"enemies":"R_Hoarder","floor":47,"turns":5},{"damage":9,"enemies":"Awakened One","floor":50,"turns":8},{"damage":44,"enemies":"Shield and Spear","floor":54,"turns":6},{"damage":63,"enemies":"The Heart","floor":55,"turns":8}],"seed_played":"7627124627676798517","potions_obtained":[{"floor":1.0,"key":"Venom Potion"},{"floor":3.0,"key":"SteroidPotion"},{"floor":5.0,"key":"hexamod:EctoCoolerPotion"},{"floor":11.0,"key":"SpeedPotion"},{"floor":16,"key":"LifebloodPotion"},{"floor":21,"key":"LifebloodPotion"},{"floor":24,"key":"Elixir"},{"floor":25,"key":"SkillPotion"},{"floor":27,"key":"SpeedPotion"},{"floor":31,"key":"Cursed Concoction"},{"floor":44,"key":"Weak Potion"}],"is_trial":false,"path_per_floor":["M","?","M","?","?","R","E","M","T","$","M","M","M","?","R","B",null,"M","AVR","MIM","M","M","E","M","E","T","E","$","?","M","E","R","B",null,"M","?","M","?","$","E","R","E","T","M","?","R","E","$","R","B",null,"R","$","E","B"],"character_chosen":"IRONCLAD","items_purchased":["Metallicize+1","Flex+1","Lantern","halation:Jellyphish","hubris:EmptyBottle","Replay:Undeath\u0027s Touch+1","Replay:Wax Seal","Metallicize+1","Bag of Preparation","Block Potion","jedi:collectorstrike+1","Replay:Bandana","halation:LostSnail","Pommel Strike+1"],"campfire_rested":3,"item_purchase_floors":[10,10,10,10,28,39,39,39,39,39,48,48,48,53],"current_hp_per_floor":[78,78,80,80,80,80,69,74,74,74,79,80,80,60,80,54,74,76,76,78,80,80,72,63,59,59,64,64,68,74,78,84,80,83,84,80,74,74,74,80,80,80,80,80,80,80,83,83,83,83,83,83,83,51,0,0],"gold":79,"neow_bonus":"HUNDRED_GOLD","is_daily":false,"chose_seed":false,"campfire_upgraded":3,"win_rate":0.0,"timestamp":1608629635,"path_taken":["M","?","M","?","?","R","E","M","T","$","M","M","M","?","R","BOSS","M","AVR","?","M","M","E","M","E","T","E","$","?","M","E","R","BOSS","M","?","M","?","$","E","R","E","T","M","?","R","E","$","R","BOSS","R","$","E","BOSS"],"items_purchased_type":["Card","Card","Relic","Relic","Relic","Card","Relic","Card","Relic","Potion","Card","Relic","Relic","Card"],"build_version":"2020-12-13","purchased_purges":2,"victory":false,"max_hp_per_floor":[80,80,80,80,80,80,80,80,80,80,80,80,80,80,80,80,80,80,80,80,80,80,80,80,80,80,80,80,84,84,84,84,84,84,84,80,80,80,80,80,80,80,80,80,80,80,83,83,83,83,83,83,83,83,83,83],"card_choices":[{"not_picked":["StuffTheSpire:RockThrow+1","Heavy Blade+1"],"picked":"Cleave+1","floor":1.0},{"not_picked":["Whirlwind+1","Infernal Blade+1"],"picked":"Flex+1","floor":3.0},{"not_picked":["Menagerie:RelicOfProgenitus+1","Menagerie:Staggershock+1"],"picked":"Menagerie:DarkRitual+1","floor":4.0},{"not_picked":["Menagerie:DarkRitual+1","Menagerie:CrumblingSanctuary+1"],"picked":"Menagerie:LightningBolt+1","floor":4.0},{"not_picked":["Second Wind+1","jedi:bloodyhammer+1"],"picked":"ReplayTheSpireMod:Muscle Training+1","floor":7.0},{"not_picked":["Armaments+1","Havoc+1"],"picked":"Disarm+1","floor":8.0},{"not_picked":["Life Link+1","Wild Strike+1","Warcry+1"],"picked":"SKIP","floor":11.0},{"not_picked":["Bloodletting+1","StuffTheSpire:Incineration+1","Flame Barrier+1"],"picked":"SKIP","floor":12.0},{"not_picked":["ReplayTheSpireMod:Stacked+1","Entrench+1"],"picked":"Perfected Strike+1","floor":13.0},{"not_picked":["Reaper+1","conspire:HitWhereItHurts+1"],"picked":"jedi:harder+1","floor":16},{"not_picked":["StuffTheSpire:Incineration+1","Twin Strike+1","Anger+1"],"picked":"SKIP","floor":18},{"not_picked":["StuffTheSpire:Incineration+1","Anger+1"],"picked":"Twin Strike+1","floor":18},{"not_picked":["ReplayReversal+1","Sentinel+1"],"picked":"Iron Wave+1","floor":21},{"not_picked":["Headbutt+1","Body Slam+1"],"picked":"Pommel Strike+1","floor":22},{"not_picked":["Shrug It Off+1","Dropkick+1","hubris:CleavingFinish+1"],"picked":"SKIP","floor":23},{"not_picked":["jedi:MakeshiftSword+1","StuffTheSpire:BloodClot+1","Seeing Red+1"],"picked":"SKIP","floor":24},{"not_picked":["jedi:suffering+1","Sentinel+1"],"picked":"Shockwave+1","floor":25},{"not_picked":["jedi:fear+1","Life Link+1"],"picked":"Metallicize+1","floor":27},{"not_picked":["Power Through+1","Ghostly Armor+1","Rampage+1"],"picked":"SKIP","floor":30},{"not_picked":["Clash+1","conspire:Charge+1","ReplayTheSpireMod:Strike From Hell+1"],"picked":"SKIP","floor":31},{"not_picked":["Offering+1","jedi:unlimitedpower"],"picked":"Reaper+1","floor":33},{"not_picked":["Havoc+1","Shrug It Off+1","Pommel Strike+1"],"picked":"SKIP","floor":35},{"not_picked":["Headbutt+1","StuffTheSpire:Resist+1"],"picked":"hubris:SharpeningStone+1","floor":37},{"not_picked":["Mind Blast+1","Replay:Parry+1"],"picked":"Replay:SS_hec_2+1","floor":38},{"not_picked":["Flash of Steel+1","vexMod:EmailVexCard+1"],"picked":"Panacea+1","floor":38},{"not_picked":["expansioncontent:DarkVoid+1","Deep Breath+1"],"picked":"expansioncontent:DecasProtection+1","floor":38},{"not_picked":["Uppercut+1","Heavy Blade+1","Armaments+1"],"picked":"SKIP","floor":40},{"not_picked":["Pommel Strike+1","Iron Wave+1","Armaments+1"],"picked":"SKIP","floor":42},{"not_picked":["conspire:Charge+1","Run Through+1","StuffTheSpire:RockThrow+1"],"picked":"SKIP","floor":44},{"not_picked":["Thunderclap+1","Sword Boomerang+1","Spot Weakness+1"],"picked":"SKIP","floor":47},{"not_picked":["Double Tap+1","Wild Strike+1"],"picked":"jedi:collectorstrike+1","floor":54}],"player_experience":2303318,"relics_obtained":[{"floor":7.0,"key":"hubris:ToyBattleship"},{"floor":9.0,"key":"trackpad:AdjectivePendant"},{"floor":20,"key":"infinitespire:BottledMercury"},{"floor":23,"key":"trackpad:IceCube"},{"floor":25,"key":"Regal Pillow"},{"floor":27,"key":"StuffTheSpire:ForceGauntlet"},{"floor":31,"key":"Orichalcum"},{"floor":40,"key":"trackpad:SneckoScepter"},{"floor":42,"key":"Incense Burner"},{"floor":43,"key":"conspire:InfiniteJournal"},{"floor":47,"key":"Pen Nib"},{"floor":54,"key":"hubris:FunFungus"}],"event_choices":[{"damage_healed":0.0,"max_hp_gain":0.0,"max_hp_loss":9.0,"gold_gain":0.0,"event_name":"betterThird:BetterWriting","player_choice":"Simplicity","floor":0.0,"gold_loss":0.0,"damage_taken":0.0},{"damage_healed":0.0,"max_hp_gain":0.0,"max_hp_loss":0.0,"gold_gain":0.0,"event_name":"Menagerie:MagicPeddler","player_choice":"Spells","floor":4.0,"gold_loss":70.0,"damage_taken":0.0},{"damage_healed":0.0,"max_hp_gain":0.0,"max_hp_loss":0.0,"gold_gain":0.0,"event_name":"Golden Idol","player_choice":"Take Damage","floor":14.0,"gold_loss":0.0,"damage_taken":20.0,"relics_obtained":["Golden Idol"]},{"cards_removed":["Parasite"],"damage_healed":0,"gold_gain":0,"player_choice":"Purged","damage_taken":0,"max_hp_gain":0,"max_hp_loss":0,"event_name":"Purifier","floor":36,"gold_loss":0},{"damage_healed":0,"gold_gain":0,"player_choice":"3","damage_taken":0,"max_hp_gain":0,"max_hp_loss":0,"event_name":"betterMatch:BetterMatch","floor":38,"gold_loss":0,"cards_obtained":["betterMatch:ColorlessUncommonCard"]}],"is_beta":false,"boss_relics":[{"not_picked":["vexMod:MegatonBomb","hubris:BlackHole","trackpad:Coffee"],"picked":"Mark of Pain"},{"not_picked":["Painkiller Herb","Replay:Grab Bag","halation:Risk"],"picked":"Black Blood"}],"items_purged_floors":[10,28],"is_endless":false,"potions_floor_spawned":[1,3,11,12,16,21,24,25,27,31,35,42,44],"killed_by":"The Heart","ascension_level":10}}