{"host":"or7h59boalwd0rey","time":1608645984,"event":{"mods":["ATMod(°¢èªMod)","Act Like it!","BaseMod","Colored Powertips","Downfall","Gensokyo","Minty Spire (QoL Compilation)","Relic Stats","Replay The Spire","RumiaBox-Â¶Ã×æ«µÄÉñÃØºÐ×Ó","StSLib","vexMod","¡¾ÒÅÎï¿¨ÅÆ¡¿REMEMod"],"gold_per_floor":[112,112,127,140,140,140,160,179,202,12,27,27,2,17,17,119,785,798,798,283,348,408,408,23,90,139,203,203,47,67,127,127,277,277,367,367,367,367,367,367,39,132,132,193,193,193,193,193,73,118,118,143],"floor_reached":53,"playtime":2026,"items_purged":[],"score":724,"play_id":"ff08ca02-e44e-4f06-864b-443a4dacfcda","local_time":"20201222220624","is_ascension_mode":false,"campfire_choices":[{"data":"REME_BattleFury","floor":6.0,"key":"SMITH"},{"floor":12.0,"key":"REST"},{"data":"Apotheosis","floor":15.0,"key":"SMITH"},{"floor":23.0,"key":"REST"},{"floor":28.0,"key":"REST"},{"floor":32.0,"key":"REST"},{"data":"Gensokyo:TurboGranny","floor":40.0,"key":"SMITH"},{"data":"After Image","floor":51,"key":"SMITH"}],"circlet_count":0,"master_deck":["Strike_G","Strike_G","Strike_G","Strike_G","Strike_G","Defend_G","Defend_G","Defend_G","Defend_G","Defend_G","Survivor","Neutralize","AT_KneejerkReflex","REME_BattleFury+1","Infinite Blades","Blade Dance","AT_WindFlip","ReplayTheSpireMod:Speed Training","ReplayTheSpireMod:Shiv Toss","Apotheosis+1","Prepared","Dagger Spray","Footwork","Accuracy","Well Laid Plans+1","Cloak And Dagger+1","REME_BattleFury+1","Gensokyo:TurboGranny+1","AT_TwilightShroud","Backflip","ReplayTheSpireMod:Splinters","Flying Knee","Cloak And Dagger+1","Adrenaline","Deflect","Looming Evil","Gensokyo:RustyChest","After Image+1","Escape Plan+1","Gensokyo:CustomPotion","Backflip+1"],"relics":["Ring of the Snake","REME_ComplimentaryCards","AT_ATBox","NeowsBlessing","Strawberry","SSSystem","vexMod:RockOfEvil","Strange Spoon","AT_MibuBalloonWealth","Boot","DollysMirror","AT_SunfireAegis","Vajra","Torii","vexMod:EndlessSickness","Ring of Fury","ReplayTheSpireMod:Ring of Exchange","HoveringKite","Eternal Feather"],"acts_visited":["Exordium","Gensokyo:Gensokyo","Gensokyo:Gensokyoer"],"potions_floor_usage":[52,52],"damage_taken":[{"damage":0.0,"enemies":"Gensokyo:Gryphon","floor":1.0,"turns":1.0},{"damage":0.0,"enemies":"Gensokyo:Python","floor":3.0,"turns":1.0},{"damage":0.0,"enemies":"Gensokyo:3_Fairies","floor":4.0,"turns":1.0},{"damage":15.0,"enemies":"Gensokyo:3_Kodama","floor":7.0,"turns":3.0},{"damage":2.0,"enemies":"Gensokyo:Kitsune","floor":8.0,"turns":3.0},{"damage":8.0,"enemies":"Gensokyo:Gryphon_and_Rabbit","floor":11.0,"turns":5.0},{"damage":0.0,"enemies":"Gensokyo:LivingMonolith","floor":14.0,"turns":3.0},{"damage":31.0,"enemies":"Gensokyo:Reimu","floor":16.0,"turns":7.0},{"damage":5.0,"enemies":"Gensokyo:CosmicMonolith","floor":18.0,"turns":4.0},{"damage":2.0,"enemies":"Gensokyo:2_Gloops","floor":21.0,"turns":4.0},{"damage":20.0,"enemies":"Gensokyo:Slime_Group","floor":22.0,"turns":4.0},{"damage":20.0,"enemies":"Gensokyo:Mirror_and_Dog","floor":25.0,"turns":5.0},{"damage":0.0,"enemies":"Gensokyo:Chomper_and_Gloop","floor":27.0,"turns":2.0},{"damage":1.0,"enemies":"Gensokyo:Monolith_and_Dog","floor":31.0,"turns":5.0},{"damage":7.0,"enemies":"Gensokyo:Eiki","floor":33.0,"turns":6.0},{"damage":0.0,"enemies":"Gensokyo:3_Boulders","floor":35.0,"turns":3.0},{"damage":0.0,"enemies":"Gensokyo:3_Bats","floor":42.0,"turns":1.0},{"damage":0.0,"enemies":"Gensokyo:Dusk_and_Dawn","floor":44.0,"turns":3.0},{"damage":1,"enemies":"Gensokyo:Sharpion","floor":50,"turns":4},{"damage":24,"enemies":"Gensokyo:Scarlet_Devils","floor":52,"turns":10}],"seed_played":"-980077590413140537","potions_obtained":[{"floor":3.0,"key":"Fire Potion"},{"floor":7.0,"key":"Swift Potion"},{"floor":14.0,"key":"Dexterity Potion"},{"floor":22.0,"key":"champ:CounterPotion"},{"floor":27.0,"key":"LifebloodPotion"},{"floor":33.0,"key":"ColorlessPotion"},{"floor":37.0,"key":"Fire Potion"},{"floor":37.0,"key":"SpeedPotion"}],"is_trial":false,"path_per_floor":["M","?","M","M","?","R","M","M","T","$","M","R","?","M","R","B",null,"M","?","$","M","M","R","COS","M","T","M","R","$","?","M","R","B",null,"M","?","?","?","?","R","COS","M","T","M","?","?","PTL","PTL","?","M","R","B",null],"character_chosen":"THE_SILENT","items_purchased":["Apotheosis","Strange Spoon","AT_MibuBalloonWealth","Boot","Accuracy","Vajra"],"campfire_rested":4,"item_purchase_floors":[10,20,20,20,20,29],"current_hp_per_floor":[70,67,67,67,60,60,45,43,43,43,35,58,58,58,58,27,39,34,34,34,32,12,23,23,3,3,7,18,18,18,17,28,21,39,39,39,39,39,39,39,39,39,39,39,39,34,34,34,34,33,39,15],"gold":143,"neow_bonus":"THREE_ENEMY_KILL","is_daily":false,"chose_seed":false,"campfire_upgraded":4,"win_rate":0.0,"timestamp":1608645984,"path_taken":["M","?","?","M","?","R","M","M","T","?","?","R","?","M","R","BOSS","M","?","$","M","M","R","COS","M","T","?","R","?","?","M","R","BOSS","M","?","?","?","?","R","COS","M","T","?","?","?","PTL","PTL","?","M","R","BOSS"],"items_purchased_type":["Card","Relic","Relic","Relic","Card","Relic"],"build_version":"2020-12-13","purchased_purges":0,"victory":true,"max_hp_per_floor":[70,77,77,77,77,77,77,77,77,77,77,77,77,77,77,77,39,39,39,39,39,39,39,39,39,39,39,39,39,39,39,39,39,39,39,39,39,39,39,39,39,39,39,39,39,39,39,39,39,39,39,39],"relic_stats":{"Strange Spoon":[66],"Torii":6,"counters":[20,75],"HoveringKite":[10],"Eternal Feather":6,"Boot":[34],"obtain_stats":[{"ReplayTheSpireMod:Ring of Exchange":39,"AT_ATBox":0,"NeowsBlessing":0,"Torii":30,"AT_MibuBalloonWealth":20,"SSSystem":9,"Vajra":29,"HoveringKite":41,"Eternal Feather":43,"vexMod:RockOfEvil":17,"Boot":20,"Strange Spoon":20,"DollysMirror":24,"Strawberry":2,"vexMod:EndlessSickness":34,"Ring of Fury":39,"AT_SunfireAegis":26,"Ring of the Snake":0,"REME_ComplimentaryCards":0},{"ReplayTheSpireMod:Ring of Exchange":16,"AT_ATBox":0,"NeowsBlessing":0,"Torii":13,"AT_MibuBalloonWealth":9,"SSSystem":5,"Vajra":13,"HoveringKite":16,"Eternal Feather":17,"vexMod:RockOfEvil":8,"Boot":9,"Strange Spoon":9,"DollysMirror":11,"Strawberry":1,"vexMod:EndlessSickness":15,"Ring of Fury":16,"AT_SunfireAegis":12,"Ring of the Snake":0,"REME_ComplimentaryCards":0},{"ReplayTheSpireMod:Ring of Exchange":57,"AT_ATBox":0,"NeowsBlessing":0,"Torii":43,"AT_MibuBalloonWealth":28,"SSSystem":9,"Vajra":43,"HoveringKite":57,"Eternal Feather":58,"vexMod:RockOfEvil":24,"Boot":28,"Strange Spoon":28,"DollysMirror":36,"Strawberry":1,"vexMod:EndlessSickness":54,"Ring of Fury":57,"AT_SunfireAegis":41,"Ring of the Snake":0,"REME_ComplimentaryCards":0}],"Ring of the Snake":[40]},"card_choices":[{"not_picked":["Tactician","Bane"],"picked":"Infinite Blades","floor":1.0},{"not_picked":["Caltrops","Crippling Poison"],"picked":"Blade Dance","floor":3.0},{"not_picked":["Expertise","PiercingWail"],"picked":"AT_WindFlip","floor":4.0},{"not_picked":["Leg Sweep","Slice"],"picked":"ReplayTheSpireMod:Speed Training","floor":7.0},{"not_picked":["Noxious Fumes","Flying Knee"],"picked":"ReplayTheSpireMod:Shiv Toss","floor":8.0},{"not_picked":["REME_ShadowStrike","Sucker Punch","Slice"],"picked":"SKIP","floor":11.0},{"not_picked":["Quick Slash","Draining Mist"],"picked":"Prepared","floor":14.0},{"not_picked":["Underhanded Strike","All Out Attack+1"],"picked":"Dagger Spray","floor":18.0},{"not_picked":["Underhanded Strike+1","Venomology"],"picked":"Well Laid Plans+1","floor":21.0},{"not_picked":["Prepared","Flechettes"],"picked":"Cloak And Dagger+1","floor":22.0},{"not_picked":["Slice","Crippling Poison"],"picked":"AT_TwilightShroud","floor":25.0},{"not_picked":["Outmaneuver","Dodge and Roll"],"picked":"Backflip","floor":27.0},{"not_picked":["Well Laid Plans","Deadly Poison"],"picked":"Flying Knee","floor":30.0},{"not_picked":["Prepared+1","Deflect"],"picked":"Cloak And Dagger+1","floor":31.0},{"not_picked":["REME_ShadowForm","Envenom"],"picked":"Adrenaline","floor":33.0},{"not_picked":["Prepared","Bane+1"],"picked":"Deflect","floor":35.0},{"not_picked":["Choke","Sneak Up+1"],"picked":"After Image","floor":42.0},{"not_picked":["ReplayTheSpireMod:Scrap Shanks","Acrobatics+1"],"picked":"Escape Plan+1","floor":44.0},{"not_picked":["Dagger Throw+1","Dagger Spray+1"],"picked":"Backflip+1","floor":50}],"player_experience":63263,"relics_obtained":[{"floor":9.0,"key":"SSSystem"},{"floor":26.0,"key":"AT_SunfireAegis"},{"floor":30.0,"key":"Torii"},{"floor":39.0,"key":"Ring of Fury"},{"floor":39.0,"key":"ReplayTheSpireMod:Ring of Exchange"},{"floor":43.0,"key":"Eternal Feather"}],"event_choices":[],"is_beta":false,"boss_relics":[{"not_picked":["vexMod:NewClearReactor","Astrolabe"],"picked":"vexMod:RockOfEvil"},{"not_picked":["Snecko Eye","Kintsugi"],"picked":"vexMod:EndlessSickness"}],"items_purged_floors":[],"is_endless":false,"potions_floor_spawned":[3,7,14,18,22,27,33,42],"ascension_level":0}}