{"host":"l2dnabsh5e0fsksb","time":1608602555,"event":{"mods":["2.2 Compatiblity","BaseMod","Downfall","Minty Spire (QoL Compilation)","Quick Restart","StSLib"],"gold_per_floor":[99,99,99,149,74,74,74,104,104,138,153,163,173,158,173,251,251,176,176,251,264,30,30,30,61,78,109,60,79,79,79,98,169,169,94,107,125,140,157,206,206,206,238,238,238,253,253,280,290,290,290,316,16,16,16],"floor_reached":56,"playtime":3077,"items_purged":["Slimebound:Strike_Slimebound","Shame"],"score":2391,"play_id":"2cad273e-5c82-4572-95ca-b92f6e08e5db","local_time":"20201222123235","is_ascension_mode":true,"campfire_choices":[{"floor":1.0,"key":"RECALL"},{"data":"Slimebound:Split","floor":5.0,"key":"SMITH"},{"data":"Slimebound:SelfFormingGoo","floor":18,"key":"SMITH"},{"data":"Slimebound:OneTwoCombo","floor":23,"key":"SMITH"},{"data":"Slimebound:MinionMaster","floor":35,"key":"SMITH"},{"data":"Slimebound:Darklings","floor":42,"key":"SMITH"},{"data":"Slimebound:OneTwoCombo","floor":45,"key":"SMITH"},{"data":"Slimebound:OneTwoCombo","floor":54,"key":"SMITH"}],"circlet_count":0,"master_deck":["AscendersBane","Slimebound:Strike_Slimebound","Slimebound:Defend_Slimebound+1","Slimebound:Defend_Slimebound","Slimebound:Defend_Slimebound","Slimebound:Defend_Slimebound+1","Slimebound:Split+1","Slimebound:CorrosiveSpit","Slimebound:SplitAcid","Slimebound:LeechEnergy","Slimebound:GoopSpray","Slimebound:SplitLeeching","Slimebound:SplitMire","Slimebound:OneTwoCombo+1","Slimebound:SelfFormingGoo+1","Slimebound:MegaLick","Slimebound:RejuvenatingLick","Slimebound:Recollect","Slimebound:MassRepurpose","Slimebound:SplitBruiser","Slimebound:LeechEnergy","Slimebound:MinionMaster+1","Slimebound:GoopSpray","Slimebound:Repurpose","expansioncontent:Collect","Slimebound:SamplingLick","Slimebound:OneTwoCombo+1","Slimebound:SpikyOuterGoop+1","Slimebound:Darklings+1","Slimebound:LeechEnergy+1","Slimebound:SplitLeeching","Slimebound:Prepare","Slimebound:LevelUp+1","Slimebound:AcidTongue","Slimebound:PressTheAttack+1","Slimebound:Prepare","Slimebound:Overexert","Slimebound:OneTwoCombo+1","Slimebound:SamplingLick"],"relics":["Slimebound:AbsorbEndCombat","downfall:HeartsMalice","downfall:ShatteredFragment","downfall:HeartBlessingRed","Dead Branch","Strawberry","Sozu","downfall:HeartBlessingGreen","Orichalcum","Guardian:PocketSentry","Akabeko","Pantograph","Black Star","downfall:HeartBlessingBlue","Pocketwatch","Shuriken","HornCleat","Blue Candle","Bag of Preparation","Sundial","Mango","Gremlin Horn"],"acts_visited":["Exordium","TheCity","TheBeyond","TheEnding"],"potions_floor_usage":[16,25],"damage_taken":[{"damage":0.0,"enemies":"Cultist","floor":2.0,"turns":1.0},{"damage":0.0,"enemies":"Jaw Worm","floor":6.0,"turns":1.0},{"damage":0.0,"enemies":"Gremlin Nob","floor":8.0,"turns":1.0},{"damage":18.0,"enemies":"3 Sentries","floor":10.0,"turns":4.0},{"damage":12.0,"enemies":"Small Slimes","floor":11.0,"turns":2.0},{"damage":8.0,"enemies":"Exordium Thugs","floor":12.0,"turns":1.0},{"damage":29.0,"enemies":"Large Slime","floor":13.0,"turns":3.0},{"damage":13.0,"enemies":"downfall:FleeingMerchant","floor":14.0,"turns":4.0},{"damage":18,"enemies":"Lots of Slimes","floor":15,"turns":3},{"damage":59,"enemies":"downfall:Silent","floor":16,"turns":6},{"damage":23,"enemies":"Shell Parasite","floor":21,"turns":2},{"damage":29,"enemies":"downfall:FleeingMerchant","floor":22,"turns":4},{"damage":24,"enemies":"Slavers","floor":25,"turns":2},{"damage":16,"enemies":"Sentry and Sphere","floor":26,"turns":2},{"damage":25,"enemies":"Book of Stabbing","floor":27,"turns":4},{"damage":0,"enemies":"downfall:FleeingMerchant","floor":28,"turns":1},{"damage":33,"enemies":"Shelled Parasite and Fungi","floor":29,"turns":3},{"damage":46,"enemies":"Snecko","floor":32,"turns":4},{"damage":9,"enemies":"downfall:Defect","floor":33,"turns":5},{"damage":8,"enemies":"Orb Walker","floor":36,"turns":2},{"damage":12,"enemies":"3 Darklings","floor":37,"turns":3},{"damage":26,"enemies":"4 Shapes","floor":38,"turns":3},{"damage":16,"enemies":"Sphere and 2 Shapes","floor":39,"turns":3},{"damage":27,"enemies":"2 Orb Walkers","floor":40,"turns":2},{"damage":24,"enemies":"Nemesis","floor":43,"turns":3},{"damage":34,"enemies":"Writhing Mass","floor":46,"turns":4},{"damage":15,"enemies":"Giant Head","floor":48,"turns":5},{"damage":8,"enemies":"Spire Growth","floor":49,"turns":3},{"damage":40,"enemies":"downfall:Ironclad","floor":50,"turns":6},{"damage":24,"enemies":"downfall:CharBossMerchant","floor":52,"turns":4},{"damage":76,"enemies":"downfall:NeowBoss","floor":55,"turns":10}],"seed_played":"3745337016332656196","potions_obtained":[{"floor":8.0,"key":"PowerPotion"},{"floor":11.0,"key":"SpeedPotion"},{"floor":15,"key":"Regen Potion"}],"is_trial":false,"path_per_floor":["R","M","?","?","R","M","T","E","?","E","M","M","M","$","M","B",null,"R","?","?","M","$","R","T","E","M","E","$","M","$","?","M","B",null,"R","M","M","M","M","?","T","R","E","?","R","M","?","E","M","B",null,"E","$","R","B",null],"character_chosen":"SLIMEBOUND","items_purchased":["Slimebound:MassRepurpose","Slimebound:SplitBruiser","Akabeko","Slimebound:Repurpose","expansioncontent:Collect","Slimebound:OneTwoCombo","Slimebound:SamplingLick"],"campfire_rested":0,"item_purchase_floors":[22,22,28,28,28,53,53],"current_hp_per_floor":[49,49,31,31,31,31,31,31,31,38,42,46,37,50,50,41,56,56,56,56,58,58,58,58,59,61,61,61,58,58,58,40,61,61,71,67,71,67,71,66,66,66,67,67,67,61,61,71,71,67,70,85,85,85,85],"gold":16,"neow_bonus":"THREE_ENEMY_KILL","is_daily":false,"chose_seed":false,"campfire_upgraded":7,"win_rate":0.0,"timestamp":1608602555,"path_taken":["R","?","?","?","R","M","T","E","?","E","?","M","M","$","M","BOSS","R","?","?","?","$","R","T","E","M","E","$","M","?","?","M","BOSS","R","M","M","M","M","?","T","R","E","?","R","?","?","E","M","BOSS","E","$","R","BOSS"],"items_purchased_type":["Card","Card","Relic","Card","Card","Card","Card"],"build_version":"2020-12-13","purchased_purges":2,"victory":true,"max_hp_per_floor":[54,54,54,54,54,54,54,54,54,61,61,61,61,61,61,61,61,61,61,61,61,61,61,61,61,61,61,61,61,61,61,61,61,61,71,71,71,71,71,71,71,71,71,71,71,71,71,71,71,71,71,85,85,85,85],"card_choices":[{"not_picked":["Slimebound:HauntingLick","Slimebound:SplitLeeching"],"picked":"Slimebound:SplitAcid","floor":2.0},{"not_picked":["Slimebound:GrowthPunch","Slimebound:Schlurp"],"picked":"Slimebound:LeechEnergy","floor":6.0},{"not_picked":["Slimebound:RollThrough","Slimebound:ViciousTackle"],"picked":"Slimebound:GoopSpray","floor":8.0},{"not_picked":["Slimebound:GoopSpray","Slimebound:LeechingTouch","Slimebound:SlimeSpikes"],"picked":"SKIP","floor":10.0},{"not_picked":["Slimebound:Schlurp","Slimebound:RollThrough","Slimebound:LeechingTouch"],"picked":"SKIP","floor":11.0},{"not_picked":["Slimebound:Replication","Slimebound:RollThrough","Slimebound:SlimeBarrage"],"picked":"SKIP","floor":12.0},{"not_picked":["Slimebound:SplitAcid","Slimebound:Replication"],"picked":"Slimebound:SplitLeeching","floor":13.0},{"not_picked":["Slimebound:DisruptingSlam","Slimebound:ProtectTheBoss"],"picked":"Slimebound:SplitMire","floor":14},{"not_picked":["Slimebound:SplitLeeching","Slimebound:ViciousTackle"],"picked":"Slimebound:OneTwoCombo","floor":15},{"not_picked":["Slimebound:DouseInSlime","Slimebound:DuplicatedForm"],"picked":"Slimebound:SelfFormingGoo","floor":16},{"not_picked":["Slimebound:TongueLash+1","Slimebound:FinishingTackle"],"picked":"Slimebound:RejuvenatingLick","floor":21},{"not_picked":["Slimebound:SlimeBrawl","Slimebound:BestDefense"],"picked":"Slimebound:Recollect","floor":22},{"not_picked":["Slimebound:FinishingTackle","Slimebound:SlimeSpikes"],"picked":"Slimebound:LeechEnergy","floor":25},{"not_picked":["Slimebound:SplitAcid","Slimebound:SamplingLick"],"picked":"Slimebound:MinionMaster","floor":26},{"not_picked":["Slimebound:GrowthPunch","Slimebound:SplitLeeching"],"picked":"Slimebound:GoopSpray","floor":27},{"not_picked":["Slimebound:DouseInSlime","Slimebound:GrowthPunch","Slimebound:ForwardTackle"],"picked":"SKIP","floor":28},{"not_picked":["Slimebound:Chomp","Slimebound:LeechingTouch","Slimebound:SlimeSpikes"],"picked":"SKIP","floor":29},{"not_picked":["Slimebound:AcidTongue","Slimebound:TagTeam"],"picked":"Slimebound:SamplingLick","floor":32},{"not_picked":["Slimebound:Teamwork","Slimebound:DuplicatedForm"],"picked":"Slimebound:OneTwoCombo","floor":33},{"not_picked":["Slimebound:RejuvenatingLick","Slimebound:SplitBruiser+1"],"picked":"Slimebound:SpikyOuterGoop+1","floor":36},{"not_picked":["Slimebound:LeechingTouch","Slimebound:FlameTackle","Slimebound:ViciousTackle"],"picked":"SKIP","floor":37},{"not_picked":["Slimebound:FinishingTackle","Slimebound:RollThrough"],"picked":"Slimebound:Darklings","floor":38},{"not_picked":["Slimebound:Schlurp","Slimebound:RejuvenatingLick"],"picked":"Slimebound:LeechEnergy+1","floor":39},{"not_picked":["Slimebound:GrowthPunch","Slimebound:ComboTackle+1"],"picked":"Slimebound:SplitLeeching","floor":40},{"not_picked":["Slimebound:ComboTackle+1","Slimebound:Schlurp+1"],"picked":"Slimebound:Prepare","floor":43},{"not_picked":["Slimebound:Chomp+1","Slimebound:FinishingTackle+1"],"picked":"Slimebound:LevelUp+1","floor":46},{"not_picked":["Slimebound:TongueLash","Slimebound:RollThrough+1"],"picked":"Slimebound:PressTheAttack+1","floor":48},{"not_picked":["Slimebound:SplitBruiser","Slimebound:GrowthPunch"],"picked":"Slimebound:Prepare","floor":49},{"not_picked":["Slimebound:LeechEnergy","Slimebound:FormOfPuddle"],"picked":"Slimebound:Overexert","floor":52}],"player_experience":1697247,"relics_obtained":[{"floor":7.0,"key":"War Paint"},{"floor":8.0,"key":"Dead Branch"},{"floor":10.0,"key":"Strawberry"},{"floor":25,"key":"Orichalcum"},{"floor":27,"key":"Guardian:PocketSentry"},{"floor":40,"key":"Pocketwatch"},{"floor":41,"key":"Shuriken"},{"floor":43,"key":"HornCleat"},{"floor":43,"key":"Blue Candle"},{"floor":48,"key":"Bag of Preparation"},{"floor":48,"key":"Sundial"},{"floor":52,"key":"Mango"},{"floor":52,"key":"Gremlin Horn"}],"event_choices":[{"cards_removed":["Slimebound:Tackle"],"damage_healed":0.0,"max_hp_gain":0.0,"max_hp_loss":0.0,"gold_gain":0.0,"event_name":"Bonfire Elementals","player_choice":"Offered Basic","floor":9.0,"gold_loss":0.0,"damage_taken":0.0},{"damage_healed":0,"gold_gain":0,"player_choice":"Read","damage_taken":0,"max_hp_gain":0,"max_hp_loss":0,"event_name":"The Library","floor":19,"gold_loss":0,"cards_obtained":["Slimebound:MegaLick"]},{"damage_healed":0,"gold_gain":0,"player_choice":"Stole Relic","damage_taken":0,"relics_obtained":["Pantograph"],"max_hp_gain":0,"max_hp_loss":0,"event_name":"Addict","floor":31,"gold_loss":0,"cards_obtained":["Shame"]},{"damage_healed":0,"gold_gain":0,"player_choice":"Fight","damage_taken":0,"max_hp_gain":0,"max_hp_loss":0,"event_name":"Mysterious Sphere","floor":40,"gold_loss":0},{"damage_healed":0,"gold_gain":0,"cards_transformed":["Slimebound:Strike_Slimebound"],"player_choice":"Transformed","damage_taken":0,"max_hp_gain":0,"max_hp_loss":0,"event_name":"Transmorgrifier","floor":47,"gold_loss":0,"cards_obtained":["Slimebound:AcidTongue"]}],"is_beta":false,"boss_relics":[{"not_picked":["Slimebound:AbsorbEndCombatUpgraded","Fusion Hammer"],"picked":"Sozu"},{"not_picked":["Runic Pyramid","SacredBark"],"picked":"Black Star"}],"items_purged_floors":[28,53],"is_endless":false,"potions_floor_spawned":[8,11,15,26,27,29,32,38,40,48,52],"ascension_level":17}}