{"host":"raai0vtvcfkt8csp","time":1608667102,"event":{"mods":["2.2 Compatiblity","AchievementEnabler","BaseMod","Block Reminder","Booster Modes","DeckTracker","Defective Defect","GifTheSpireLib","Minty Spire (QoL Compilation)","Quick Restart","Random Character Button","Rare Cards Sparkle","StSLib","Unceasing Turn Reminder"],"gold_per_floor":[113,113,128,47,47,81,96,96,96,106,135,145,145,163,163,265,265,282,282,197,197,207,240,240,240,240],"floor_reached":25,"playtime":4692,"items_purged":[],"score":269,"play_id":"ffa6b091-2407-4e9c-9de0-e8395efc3ecd","local_time":"20201222205822","is_ascension_mode":true,"campfire_choices":[{"data":"Footwork","floor":8,"key":"SMITH"},{"floor":13,"key":"REST"},{"floor":15,"key":"REST"},{"floor":24,"key":"REST"}],"circlet_count":0,"master_deck":["Strike_G+1","Strike_G","Strike_G","Strike_G","Defend_G","Defend_G+1","Defend_G","Defend_G","Defend_G","Survivor","Neutralize","Poisoned Stab","Crippling Poison","Footwork+1","Blade Dance+1","Terror+1","Reflex+1","After Image","Caltrops","Sucker Punch","Storm of Steel+1","Cloak And Dagger+1","Dodge and Roll+1","Wraith Form v2"],"relics":["Ring of the Snake","NeowsBlessing","Toxic Egg 2","The Courier","Oddly Smooth Stone","Black Star","Pen Nib","Bag of Preparation","Kunai"],"acts_visited":["Exordium","TheCity"],"potions_floor_usage":[14,18,23,23],"damage_taken":[{"damage":0,"enemies":"Small Slimes","floor":1,"turns":1},{"damage":0,"enemies":"Cultist","floor":3,"turns":1},{"damage":0,"enemies":"Lagavulin","floor":6,"turns":1},{"damage":3,"enemies":"Jaw Worm","floor":7,"turns":4},{"damage":2,"enemies":"Looter","floor":10,"turns":3},{"damage":39,"enemies":"3 Sentries","floor":11,"turns":13},{"damage":2,"enemies":"3 Louse","floor":12,"turns":4},{"damage":7,"enemies":"Exordium Wildlife","floor":14,"turns":4},{"damage":14,"enemies":"The Guardian","floor":16,"turns":13},{"damage":3,"enemies":"3 Byrds","floor":18,"turns":4},{"damage":15,"enemies":"Spheric Guardian","floor":22,"turns":6},{"damage":15,"enemies":"Slavers","floor":23,"turns":7},{"damage":54,"enemies":"Gremlin Leader","floor":25,"turns":9}],"seed_played":"-2487380026871740966","potions_obtained":[{"floor":3,"key":"SteroidPotion"},{"floor":11,"key":"Ancient Potion"},{"floor":12,"key":"Regen Potion"},{"floor":14,"key":"DuplicationPotion"},{"floor":18,"key":"AttackPotion"}],"is_trial":false,"path_per_floor":["M","?","M","$","?","E","M","R","T","M","E","M","R","M","R","B",null,"M","?","?","?","M","E","R","E"],"character_chosen":"THE_SILENT","items_purchased":["Footwork"],"campfire_rested":3,"item_purchase_floors":[4],"current_hp_per_floor":[70,56,56,56,56,56,53,53,53,51,12,10,31,36,57,43,70,67,54,54,54,39,24,46,0,0],"gold":240,"neow_bonus":"THREE_ENEMY_KILL","is_daily":false,"chose_seed":false,"campfire_upgraded":1,"win_rate":0.0,"timestamp":1608667102,"path_taken":["M","?","M","$","?","E","M","R","T","M","E","?","R","M","R","BOSS","M","?","?","?","M","E","R","E"],"items_purchased_type":["Card"],"build_version":"2020-12-13","purchased_purges":0,"victory":false,"max_hp_per_floor":[70,70,70,70,70,70,70,70,70,70,70,70,70,70,70,70,70,70,75,75,75,75,75,75,75,75],"card_choices":[{"not_picked":["Backflip","Outmaneuver"],"picked":"Poisoned Stab","floor":1},{"not_picked":["Sucker Punch","Prepared"],"picked":"Crippling Poison","floor":3},{"not_picked":["Dodge and Roll+1","Quick Slash"],"picked":"Blade Dance+1","floor":6},{"not_picked":["Slice","Masterful Stab"],"picked":"Terror+1","floor":7},{"not_picked":["Slice","Deflect+1"],"picked":"Reflex+1","floor":10},{"not_picked":["Setup+1","Corpse Explosion+1"],"picked":"After Image","floor":11},{"not_picked":["Blade Dance+1","Slice"],"picked":"Caltrops","floor":12},{"not_picked":["Dagger Throw","Underhanded Strike"],"picked":"Sucker Punch","floor":14},{"not_picked":["After Image","Grand Finale"],"picked":"Storm of Steel+1","floor":16},{"not_picked":["Setup+1","Crippling Poison+1"],"picked":"Cloak And Dagger+1","floor":18},{"not_picked":["Choke","Poisoned Stab+1"],"picked":"Dodge and Roll+1","floor":22},{"not_picked":["Poisoned Stab","Eviscerate"],"picked":"Wraith Form v2","floor":23}],"player_experience":412714,"relics_obtained":[{"floor":6,"key":"Toxic Egg 2"},{"floor":9,"key":"The Courier"},{"floor":11,"key":"Oddly Smooth Stone"},{"floor":23,"key":"Bag of Preparation"},{"floor":23,"key":"Kunai"}],"event_choices":[{"damage_healed":0,"gold_gain":0,"player_choice":"Entered Light","damage_taken":14,"max_hp_gain":0,"max_hp_loss":0,"event_name":"Shining Light","floor":2,"gold_loss":0,"cards_upgraded":["Strike_G","Defend_G"]},{"cards_removed":["Strike_G"],"damage_healed":0,"gold_gain":0,"player_choice":"Card Removal","damage_taken":0,"max_hp_gain":0,"max_hp_loss":0,"event_name":"Wheel of Change","floor":5,"gold_loss":0},{"damage_healed":0,"gold_gain":0,"player_choice":"Shed Blood","damage_taken":18,"max_hp_gain":5,"max_hp_loss":0,"event_name":"Forgotten Altar","floor":19,"gold_loss":0},{"damage_healed":0,"gold_gain":0,"player_choice":"Obtained Relic","damage_taken":0,"relics_obtained":["Pen Nib"],"max_hp_gain":0,"max_hp_loss":0,"event_name":"Addict","floor":20,"gold_loss":85},{"damage_healed":0,"gold_gain":0,"player_choice":"Ignored","damage_taken":0,"max_hp_gain":0,"max_hp_loss":0,"event_name":"Beggar","floor":21,"gold_loss":0}],"is_beta":false,"boss_relics":[{"not_picked":["Velvet Choker","Coffee Dripper"],"picked":"Black Star"}],"items_purged_floors":[],"is_endless":false,"potions_floor_spawned":[3,11,12,14,16,18],"killed_by":"Gremlin Leader","ascension_level":1}}