{"host":"wg33yb1rgt3nbe17","time":1608626579,"event":{"mods":["AchievementEnabler","BaseMod","Colored Map","Minty Spire (QoL Compilation)","Permanent Neow","Relic Stats","StSLib"],"gold_per_floor":[109,109,209,222,233,233,261,99,99,134,134,48,60,91,91,167,217,235,246,296,296,296,296,296,296,378,406,406,420,420,437,437,513,513,532,206,223,237,37,37,71,71,98,111,111,126,126,154,154,154],"floor_reached":51,"playtime":1531,"items_purged":[],"score":1375,"play_id":"9a032963-5e00-45d1-acbc-773d6e5b52c4","local_time":"20201222034259","is_ascension_mode":true,"campfire_choices":[{"data":"Perfected Strike","floor":6,"key":"SMITH"},{"floor":11,"key":"REST"},{"data":"Limit Break","floor":15,"key":"SMITH"},{"data":"Pummel","floor":23,"key":"SMITH"},{"floor":25,"key":"REST"},{"floor":28,"key":"REST"},{"floor":30,"key":"REST"},{"data":"Heavy Blade","floor":32,"key":"SMITH"},{"floor":40,"key":"REST"},{"floor":47,"key":"REST"},{"floor":49,"key":"REST"}],"circlet_count":0,"master_deck":["AscendersBane","Strike_R","Strike_R","Strike_R","Strike_R+1","Strike_R+1","Defend_R","Defend_R","Defend_R+1","Defend_R","Bash","Perfected Strike+1","Burning Pact","Perfected Strike+1","Limit Break+1","Reaper+1","Pummel+1","Impervious","Impervious","Ghostly Armor+1","Cleave","Havoc","Flame Barrier+1","Heavy Blade+1","Impervious","Clothesline+1","Whirlwind+1","Havoc","Havoc","Dual Wield","Uppercut+1","Sword Boomerang","Sword Boomerang","Infernal Blade+1"],"relics":["Burning Blood","NeowsBlessing","Ornamental Fan","Brimstone","Pen Nib","Omamori","Torii","Tiny House","Blue Candle","White Beast Statue","Philosopher\u0027s Stone","Anchor","Orrery","Red Skull","Whetstone","Pocketwatch"],"acts_visited":["Exordium","TheCity","TheBeyond"],"potions_floor_usage":[7,14,14,16,19,29,33,33,35,38,39,41,46,48,50,50],"damage_taken":[{"damage":0,"enemies":"Cultist","floor":1,"turns":1},{"damage":0,"enemies":"2 Louse","floor":4,"turns":1},{"damage":0,"enemies":"Small Slimes","floor":5,"turns":2},{"damage":40,"enemies":"3 Sentries","floor":7,"turns":6},{"damage":15,"enemies":"Gremlin Nob","floor":10,"turns":3},{"damage":14,"enemies":"Blue Slaver","floor":13,"turns":2},{"damage":10,"enemies":"Lagavulin","floor":14,"turns":3},{"damage":48,"enemies":"The Guardian","floor":16,"turns":6},{"damage":22,"enemies":"Shell Parasite","floor":18,"turns":4},{"damage":28,"enemies":"Spheric Guardian","floor":19,"turns":4},{"damage":62,"enemies":"Book of Stabbing","floor":27,"turns":5},{"damage":9,"enemies":"Snake Plant","floor":29,"turns":3},{"damage":23,"enemies":"Shelled Parasite and Fungi","floor":31,"turns":4},{"damage":1,"enemies":"Champ","floor":33,"turns":6},{"damage":39,"enemies":"3 Darklings","floor":35,"turns":5},{"damage":0,"enemies":"Orb Walker","floor":37,"turns":4},{"damage":15,"enemies":"Jaw Worm Horde","floor":38,"turns":2},{"damage":69,"enemies":"Giant Head","floor":41,"turns":8},{"damage":32,"enemies":"Sphere and 2 Shapes","floor":44,"turns":4},{"damage":0,"enemies":"Writhing Mass","floor":46,"turns":3},{"damage":40,"enemies":"Nemesis","floor":48,"turns":5},{"damage":12,"enemies":"Time Eater","floor":50,"turns":7}],"seed_played":"-6278601005137628775","potions_obtained":[{"floor":5,"key":"Swift Potion"},{"floor":7,"key":"EntropicBrew"},{"floor":16,"key":"BloodPotion"},{"floor":17,"key":"Ancient Potion"},{"floor":19,"key":"CultistPotion"},{"floor":29,"key":"SpeedPotion"},{"floor":31,"key":"DistilledChaos"},{"floor":33,"key":"ColorlessPotion"},{"floor":35,"key":"Strength Potion"},{"floor":37,"key":"EssenceOfSteel"},{"floor":38,"key":"Strength Potion"},{"floor":41,"key":"Strength Potion"},{"floor":44,"key":"DuplicationPotion"},{"floor":46,"key":"SneckoOil"},{"floor":48,"key":"Swift Potion"}],"is_trial":false,"path_per_floor":["M","?","?","M","M","R","E","$","T","E","R","$","M","E","R","B",null,"M","M","?","?","?","R","?","R","T","E","R","M","R","M","R","B",null,"M","$","M","M","$","R","E","?","T","M","?","M","R","E","R","B",null],"character_chosen":"IRONCLAD","items_purchased":["Brimstone","Pummel","Anchor","Orrery","Fruit Juice","DuplicationPotion"],"campfire_rested":7,"item_purchase_floors":[8,12,36,36,39,39],"current_hp_per_floor":[74,51,51,57,63,63,29,29,29,20,42,42,34,40,40,14,65,49,43,43,59,59,59,59,80,80,24,48,45,69,62,62,67,77,44,44,50,52,57,82,35,35,35,29,29,35,60,26,51,45],"gold":154,"neow_bonus":"THREE_ENEMY_KILL","is_daily":false,"chose_seed":false,"campfire_upgraded":4,"win_rate":0.0,"timestamp":1608626579,"path_taken":["M","?","?","?","?","R","E","?","T","E","R","?","M","E","R","BOSS","M","M","?","?","?","R","?","R","T","E","R","M","R","M","R","BOSS","M","?","M","?","$","R","E","?","T","M","?","M","R","E","R","BOSS"],"items_purchased_type":["Relic","Card","Relic","Relic","Potion","Potion"],"build_version":"2020-12-13","purchased_purges":0,"victory":true,"max_hp_per_floor":[75,75,75,75,75,75,75,75,75,75,75,75,75,75,75,75,80,80,80,80,80,80,80,80,80,80,80,80,80,80,80,80,80,80,80,80,80,80,85,85,85,85,85,85,85,85,85,85,85,85],"relic_stats":{"Torii":16,"counters":[22,88],"Ornamental Fan":[36],"Blue Candle":[0],"Pen Nib":[11],"Whetstone":["Perfected Strike","Strike_R"],"obtain_stats":[{"Tiny House":17,"NeowsBlessing":0,"Torii":14,"Blue Candle":26,"Pen Nib":9,"Omamori":10,"Whetstone":43,"Burning Blood":0,"White Beast Statue":27,"Anchor":36,"Ornamental Fan":7,"Brimstone":8,"Orrery":36,"Philosopher\u0027s Stone":34,"Red Skull":41,"Pocketwatch":48},{"Tiny House":8,"NeowsBlessing":0,"Torii":7,"Blue Candle":10,"Pen Nib":4,"Omamori":5,"Whetstone":18,"Burning Blood":0,"White Beast Statue":11,"Anchor":15,"Ornamental Fan":4,"Brimstone":4,"Orrery":15,"Philosopher\u0027s Stone":14,"Red Skull":18,"Pocketwatch":21},{"Tiny House":24,"NeowsBlessing":0,"Torii":18,"Blue Candle":32,"Pen Nib":10,"Omamori":13,"Whetstone":69,"Burning Blood":0,"White Beast Statue":37,"Anchor":55,"Ornamental Fan":10,"Brimstone":10,"Orrery":55,"Philosopher\u0027s Stone":50,"Red Skull":69,"Pocketwatch":81}],"Burning Blood":132,"Pocketwatch":[15]},"card_choices":[{"not_picked":["Body Slam","Metallicize"],"picked":"Perfected Strike","floor":1},{"not_picked":["Anger","Sentinel"],"picked":"Burning Pact","floor":4},{"not_picked":["Cleave","Thunderclap"],"picked":"Perfected Strike","floor":5},{"not_picked":["Blood for Blood","Fiend Fire"],"picked":"Limit Break","floor":7},{"not_picked":["Armaments","True Grit"],"picked":"Reaper","floor":10},{"not_picked":["Evolve","Flex","Rage"],"picked":"SKIP","floor":13},{"not_picked":["Flex","Headbutt"],"picked":"Impervious","floor":14},{"not_picked":["Feed","Double Tap"],"picked":"Impervious","floor":16},{"not_picked":["Combust","Intimidate"],"picked":"Ghostly Armor","floor":17},{"not_picked":["Rage","Wild Strike"],"picked":"Cleave","floor":18},{"not_picked":["Shrug It Off","Fire Breathing","Pommel Strike"],"picked":"SKIP","floor":19},{"not_picked":["Armaments","Rage"],"picked":"Havoc","floor":27},{"not_picked":["Rage","Uppercut"],"picked":"Flame Barrier+1","floor":29},{"not_picked":["Clothesline","Wild Strike+1"],"picked":"Heavy Blade","floor":31},{"not_picked":["Immolate","Bludgeon"],"picked":"Impervious","floor":33},{"not_picked":["Body Slam","Headbutt"],"picked":"Clothesline+1","floor":35},{"not_picked":["Havoc","Clash"],"picked":"Whirlwind+1","floor":36},{"not_picked":["Inflame","Wild Strike"],"picked":"Havoc","floor":36},{"not_picked":["Clash","Warcry"],"picked":"Havoc","floor":36},{"not_picked":["Fire Breathing+1","Twin Strike"],"picked":"Dual Wield","floor":36},{"not_picked":["Flex+1","Iron Wave+1","Dark Embrace"],"picked":"SKIP","floor":37},{"not_picked":["Headbutt","Iron Wave"],"picked":"Uppercut+1","floor":38},{"not_picked":["Seeing Red","Entrench"],"picked":"Sword Boomerang","floor":41},{"not_picked":["Iron Wave","Combust"],"picked":"Sword Boomerang","floor":44},{"not_picked":["Perfected Strike","Wild Strike","Cleave"],"picked":"SKIP","floor":46},{"not_picked":["Armaments","Combust"],"picked":"Infernal Blade+1","floor":48}],"player_experience":530982,"relics_obtained":[{"floor":7,"key":"Ornamental Fan"},{"floor":9,"key":"Pen Nib"},{"floor":10,"key":"Omamori"},{"floor":14,"key":"Torii"},{"floor":26,"key":"Blue Candle"},{"floor":27,"key":"White Beast Statue"},{"floor":41,"key":"Red Skull"},{"floor":43,"key":"Whetstone"},{"floor":48,"key":"Pocketwatch"}],"event_choices":[{"damage_healed":0,"gold_gain":0,"player_choice":"Entered Light","damage_taken":23,"max_hp_gain":0,"max_hp_loss":0,"event_name":"Shining Light","floor":2,"gold_loss":0,"cards_upgraded":["Strike_R","Defend_R"]},{"damage_healed":0,"gold_gain":100,"player_choice":"Gold","damage_taken":0,"max_hp_gain":0,"max_hp_loss":0,"event_name":"Wheel of Change","floor":3,"gold_loss":0},{"damage_healed":0,"gold_gain":50,"player_choice":"Stole From Cult","damage_taken":0,"max_hp_gain":0,"max_hp_loss":0,"event_name":"Nest","floor":20,"gold_loss":0},{"damage_healed":16,"gold_gain":0,"player_choice":"Heal","damage_taken":0,"max_hp_gain":0,"max_hp_loss":0,"event_name":"The Library","floor":21,"gold_loss":0},{"damage_healed":0,"gold_gain":0,"player_choice":"Ignored","damage_taken":0,"max_hp_gain":0,"max_hp_loss":0,"event_name":"Vampires","floor":22,"gold_loss":0},{"damage_healed":0,"gold_gain":0,"player_choice":"Forge","damage_taken":0,"max_hp_gain":0,"max_hp_loss":0,"event_name":"Accursed Blacksmith","floor":24,"gold_loss":0,"cards_upgraded":["Ghostly Armor"]},{"damage_healed":0,"gold_gain":0,"player_choice":"Memory 1","damage_taken":0,"max_hp_gain":0,"max_hp_loss":0,"event_name":"SensoryStone","floor":42,"gold_loss":0},{"damage_healed":0,"gold_gain":0,"player_choice":"Ignored","damage_taken":0,"max_hp_gain":0,"max_hp_loss":0,"event_name":"Mysterious Sphere","floor":45,"gold_loss":0}],"is_beta":false,"boss_relics":[{"not_picked":["Empty Cage","Snecko Eye"],"picked":"Tiny House"},{"not_picked":["SlaversCollar","Calling Bell"],"picked":"Philosopher\u0027s Stone"}],"items_purged_floors":[],"is_endless":false,"potions_floor_spawned":[5,7,16,19,27,29,31,33,35,37,38,41,44,46,48],"ascension_level":17}}