{"host":"373g0ui1bgeshz9m","time":1608596866,"event":{"mods":["Act Like it!","Aspiration","BaseMod","Beaked The Cultist","Better Third Choice","Colored Map","Conspire","Downfall","Halation","Hermit","Hubris","Infinite Spire","Jorbs\u0027s Wanderer Trilogy","Minty Spire (QoL Compilation)","Pale of the Ancients","Permanent Neow","Quick Restart","Replay The Spire","Shade Mod","Shop Mod","Spikes Relics","StSLib","The Animator","The Bladedancer","The Bug Knight","The Construct","The Cursed","The Factory","The Florist","The Judge","The Jungle","The Necromancer","The Sage","The Wild Card","Trackpad","vexMod"],"gold_per_floor":[119,119,130,130,150,150,184,199,199,274,274,54,110,129,129,232,232,243,243,258,268,268,268,268,283,334,334,352,367,381,381,381,485,485,500,500,500,518,518,518,528,528,528,528,574,574,604,604,615,213,213,213,223,240,240,317,317,337,337,150,150,150,150],"floor_reached":62,"playtime":6767,"items_purged":["Strike_W","Strike_W"],"score":708,"play_id":"a1866b49-1b6c-4967-ac28-a541746ccedc","local_time":"20201221192746","is_ascension_mode":false,"campfire_choices":[{"data":"Necrotic_Claws","floor":6.0,"key":"SMITH"},{"floor":15.0,"key":"REST"},{"floor":24.0,"key":"REST"},{"floor":27.0,"key":"REST"},{"data":"Sadistic Nature","floor":32,"key":"SMITH"},{"data":"hubris:Fate","floor":40,"key":"SMITH"},{"data":"infinitespire:Punishment","floor":44,"key":"SMITH"},{"data":"Siphon_Strength","floor":46,"key":"SMITH"},{"data":"Bone_Prison","floor":48,"key":"SMITH"},{"data":"ReplayTheSpireMod:Black Plague","floor":51,"key":"SMITH"},{"data":"Slay_Living","floor":57,"key":"SMITH"},{"data":"Acid_Javelin","floor":59,"key":"SMITH"}],"circlet_count":0,"master_deck":["Strike_W","Strike_W","Defend_W","Defend_W","Defend_W","Negative_Energy_Arrows","Bone_Wall","Spectral_Armor","Necrotic_Claws+1","Negative_Energy_Shield","Acid_Javelin+1","Siphon_Strength+1","Bone_Prison+1","Spectral_Armor","Plague_Bolt","Summon_Undead+1","Grasp_Heart","Slay_Living+1","Hologram","ReplayTheSpireMod:Black Plague+1","Sadistic Nature+1","Bandage Up","Bone_Spikes","Uncharnel","infinitespire:Punishment+1","Core Surge","hubris:Fate+1","Negative_Energy_Sphere+1","Siphon_Strength+1","vexMod:StairwayStrike"],"relics":["Vampire_Amulet","hubris:PeanutButter","Pantograph","Centennial Puzzle","aspiration:DefectSkillbook","ReplayTheSpireMod:ShopPack","hubris:EvacipatedBox","hubris:KleinBottle","Anchor","infinitespire:CursedDice","Replay:Baseball","vexMod:MemoryStick","trackpad:PetRock","trackpad:CultistFigurine","halation:Komachan","paleoftheancients:Timepiece","Sozu","Bronze Scales","paleoftheancients:SoulOfTheSilent","hubris:Towel","infinitespire:Eraser"],"acts_visited":["Exordium","TheCity","TheBeyond","paleoftheancients:PaleOfTheAncients"],"potions_floor_usage":[62,62],"damage_taken":[{"damage":1.0,"enemies":"Jaw Worm","floor":1.0,"turns":6.0},{"damage":0.0,"enemies":"Cultist","floor":3.0,"turns":3.0},{"damage":2.0,"enemies":"Small Slimes","floor":5.0,"turns":3.0},{"damage":10.0,"enemies":"Lagavulin","floor":7.0,"turns":6.0},{"damage":0.0,"enemies":"Looter","floor":8.0,"turns":3.0},{"damage":0.0,"enemies":"Blue Slaver","floor":14.0,"turns":3.0},{"damage":23.0,"enemies":"Hexaghost","floor":16.0,"turns":9.0},{"damage":0.0,"enemies":"2 Thieves","floor":18.0,"turns":4.0},{"damage":0.0,"enemies":"Chosen","floor":20.0,"turns":4.0},{"damage":15.0,"enemies":"Sentry and Sphere","floor":21.0,"turns":10.0},{"damage":0.0,"enemies":"Snecko","floor":25.0,"turns":3.0},{"damage":0.0,"enemies":"Snake Plant","floor":28.0,"turns":3.0},{"damage":3.0,"enemies":"Sentry and Sphere","floor":29.0,"turns":5.0},{"damage":0,"enemies":"Chosen and Byrds","floor":30,"turns":6},{"damage":13,"enemies":"Champ","floor":33,"turns":9},{"damage":23,"enemies":"3 Darklings","floor":35,"turns":5},{"damage":0,"enemies":"3 Shapes","floor":38,"turns":4},{"damage":0,"enemies":"Jaw Worm Horde","floor":41,"turns":4},{"damage":29,"enemies":"Nemesis","floor":47,"turns":5},{"damage":0,"enemies":"Writhing Mass","floor":49,"turns":2},{"damage":10,"enemies":"conspire:OrnateMirror","floor":52,"turns":5},{"damage":16,"enemies":"conspire:OrnateMirror","floor":53,"turns":4},{"damage":0,"enemies":"conspire:OrnateMirror","floor":54,"turns":6},{"damage":44,"enemies":"conspire:OrnateMirror","floor":58,"turns":9},{"damage":171,"enemies":"paleoftheancients:N","floor":62,"turns":14}],"seed_played":"1715051322292535302","potions_obtained":[{"floor":1.0,"key":"Block Potion"},{"floor":2.0,"key":"GamblersBrew"},{"floor":2.0,"key":"ColorlessPotion"},{"floor":18.0,"key":"Weak Potion"}],"is_trial":false,"path_per_floor":["M","?","M","$","M","R","E","M","T","?","?","$","?","M","R","B",null,"M","?","M","M","?","$","R","M","T","R","M","M","M","AVR","R","B",null,"M","AVR","?","M","?","R","M","PTL","PTL","R","T","R","E","R","M","$","R","B","M","M","?","T","R","M","R","$","?","B"],"character_chosen":"NECROMANCER","items_purchased":["Spectral_Armor","Plague_Bolt","ReplayTheSpireMod:ShopPack","hubris:EvacipatedBox","hubris:KleinBottle","trackpad:CultistFigurine","halation:Komachan","vexMod:StairwayStrike"],"campfire_rested":3,"item_purchase_floors":[12,12,23,23,23,50,50,60],"current_hp_per_floor":[75,75,75,75,75,75,67,69,69,58,58,58,40,42,64,66,75,75,75,75,62,62,16,38,44,44,66,72,75,75,75,75,68,75,58,58,58,64,64,64,75,75,75,75,75,75,55,55,55,55,55,75,69,75,75,75,75,71,71,71,71,0,0],"gold":150,"neow_bonus":"THREE_CARDS","is_daily":false,"chose_seed":false,"campfire_upgraded":9,"win_rate":0.0,"timestamp":1608596866,"path_taken":["M","?","M","$","M","R","E","?","T","?","?","$","?","?","R","BOSS","M","?","M","?","?","?","R","?","T","R","?","M","M","AVR","R","BOSS","M","AVR","?","M","?","R","M","PTL","PTL","R","T","R","E","R","M","$","R","BOSS","M","M","?","T","R","M","R","$","?","BOSS"],"items_purchased_type":["Card","Card","Relic","Relic","Relic","Relic","Relic","Card"],"build_version":"2020-12-13","purchased_purges":2,"victory":false,"max_hp_per_floor":[75,75,75,75,75,75,75,75,75,75,75,75,75,75,75,75,75,75,75,75,75,75,75,75,75,75,75,75,75,75,75,75,75,75,75,75,75,75,75,75,75,75,75,75,75,75,75,75,75,75,75,75,75,75,75,75,75,75,75,75,75,75,75],"card_choices":[{"not_picked":["Toxic_Smoke_Screen","Bone_Bullets"],"picked":"Spectral_Armor","floor":0.0},{"not_picked":["Epidemic","Bone_Bullets"],"picked":"Necrotic_Claws","floor":1.0},{"not_picked":["Consume_Illness","Bone_Shift"],"picked":"Negative_Energy_Shield","floor":3.0},{"not_picked":["Bone_Armor","Blood_for_Blood"],"picked":"Acid_Javelin","floor":5.0},{"not_picked":["Toxic_Smoke_Screen","Consume_Illness"],"picked":"Siphon_Strength","floor":7.0},{"not_picked":["Plague_Bolt","Finger_Of_Death"],"picked":"Bone_Prison","floor":8.0},{"not_picked":["Skeleton_Dragon","Death_March_Dance"],"picked":"Summon_Undead","floor":13.0},{"not_picked":["Exploit","Death_March_Dance","Bone_Shift"],"picked":"SKIP","floor":14.0},{"not_picked":["Detonate_Bones","Reap_The_Weak"],"picked":"Grasp_Heart","floor":16.0},{"not_picked":["Coolheaded","Steam","Bone_Armor","Consume_Illness"],"picked":"SKIP","floor":18.0},{"not_picked":["Cold Snap","Barrage+1","ReplayTheSpireMod:GoodbyeWorld"],"picked":"Slay_Living","floor":20.0},{"not_picked":["Blood_Shield+1","Cold Snap","Scrape"],"picked":"Hologram","floor":21.0},{"not_picked":["hubris:InfiniteBlow","ReplayTheSpireMod:Echoes of Time"],"picked":"ReplayTheSpireMod:Black Plague","floor":23.0},{"not_picked":["Panache","Secret Weapon","ReplayUltimateDefense"],"picked":"Sadistic Nature","floor":23.0},{"not_picked":["expansioncontent:Hexaburn","expansioncontent:DefensiveStance","sagemod:Perplexing_Glare"],"picked":"Bandage Up","floor":23.0},{"not_picked":["Death_March_Dance","ReplaySort+1","Genetic Algorithm","Beam Cell"],"picked":"SKIP","floor":25.0},{"not_picked":["Reinforced Body+1","Blood_Whip","Turbo"],"picked":"Bone_Spikes","floor":28.0},{"not_picked":["Negative_Energy_Shield+1","Compile Driver","Turbo","Negative_Energy_Javelin"],"picked":"SKIP","floor":29.0},{"not_picked":["Blood_Whip","Pandemic","Death_Coil"],"picked":"Uncharnel","floor":30},{"not_picked":["Amplify","Blood_Magic","Hellfire"],"picked":"Core Surge","floor":33},{"not_picked":["BootSequence","Blood_Curse+1","Rebound+1","Heatsinks+1"],"picked":"SKIP","floor":35},{"not_picked":["ReplayTheSpireMod:Calculation Training+1","Scare+1","Darkness"],"picked":"Negative_Energy_Sphere+1","floor":38},{"not_picked":["Blood_Curse","Shade_Step","Summon_Lich","Amplify"],"picked":"SKIP","floor":41},{"not_picked":["Bone_Shift+1","Meteor Strike","Corrupt+1","Streamline+1"],"picked":"SKIP","floor":47},{"not_picked":["Stack","Chill+1","White Noise+1"],"picked":"Siphon_Strength+1","floor":49},{"not_picked":["Barrage","Lockon+1","Hello World","Turbo"],"picked":"SKIP","floor":53},{"not_picked":["Consume_Illness","Negative_Energy_Shield+1","Bone_Bullets","Bones_to_Steel"],"picked":"SKIP","floor":54},{"not_picked":["Panic Button+1","Blood_Whip+1","FIFO Queue+1","Seek"],"picked":"SKIP","floor":58}],"player_experience":152036,"relics_obtained":[{"floor":7.0,"key":"hubris:PeanutButter"},{"floor":9.0,"key":"Pantograph"},{"floor":13.0,"key":"Centennial Puzzle"},{"floor":26.0,"key":"Anchor"},{"floor":45,"key":"vexMod:MemoryStick"},{"floor":47,"key":"trackpad:PetRock"},{"floor":53,"key":"paleoftheancients:SoulOfTheSilent"},{"floor":56,"key":"infinitespire:Eraser"}],"event_choices":[{"damage_healed":0.0,"max_hp_gain":0.0,"max_hp_loss":0.0,"gold_gain":0.0,"event_name":"Lab","player_choice":"Got Potions","floor":2.0,"gold_loss":0.0,"damage_taken":0.0},{"damage_healed":0.0,"max_hp_gain":0.0,"max_hp_loss":0.0,"gold_gain":75.0,"event_name":"betterThird:BetterGoop","player_choice":"Gold","floor":10.0,"gold_loss":0.0,"damage_taken":11.0},{"damage_healed":0.0,"max_hp_gain":0.0,"max_hp_loss":0.0,"gold_gain":0.0,"event_name":"conspire:LoneGhost","player_choice":"Disagree","floor":11.0,"gold_loss":0.0,"damage_taken":0.0},{"damage_healed":0.0,"max_hp_gain":0.0,"max_hp_loss":0.0,"gold_gain":0.0,"event_name":"Accursed Blacksmith","player_choice":"Forge","floor":19.0,"gold_loss":0.0,"damage_taken":0.0,"cards_upgraded":["Summon_Undead"]},{"cards_removed":["Defend_W"],"damage_healed":0,"gold_gain":0,"player_choice":"Removed Skill","damage_taken":0,"max_hp_gain":0,"max_hp_loss":0,"event_name":"Falling","floor":37,"gold_loss":0}],"is_beta":false,"boss_relics":[{"not_picked":["vexMod:DeviousBotling","hubris:CrackedHourglass"],"picked":"aspiration:DefectSkillbook"},{"not_picked":["aspiration:SecretTechniqueScroll","Replay:Drink Me","hubris:GrandSneckoEye","hubris:BlackHole"]}],"items_purged_floors":[12,50],"is_endless":false,"potions_floor_spawned":[1,7,14,16,18,21,29,30,35,47,49,53,54],"killed_by":"paleoftheancients:N","ascension_level":0}}