{"host":"xhamcave7q47vrco","time":1608630659,"event":{"mods":["ATMod(°¢èªMod)","AchievementEnabler","BaseMod","BetterRewards","Colored Powertips","Minty Spire (QoL Compilation)","Permanent Neow","Quick Restart","Remove Card Discount Mod","StSLib","¡¾ÒÅÎï¿¨ÅÆ¡¿REMEMod"],"gold_per_floor":[113,288,288,298,308,308,339,339,339,351,366,366,17,50,50,145,145,206,243,283,345,260,260,420,420,446,446,446,555,624,668,668,792,792,792,792],"floor_reached":35,"playtime":1709,"items_purged":["Strike_R","Defend_R","Strike_R","Bash","Strike_R","Defend_R","Strike_R","Doubt"],"score":663,"play_id":"aa51e61a-0c3f-483f-9b72-51689ed4a3b1","local_time":"20201222175059","is_ascension_mode":true,"campfire_choices":[{"data":"AT_ChampionKick","floor":6,"key":"SMITH"},{"data":"Shockwave","floor":8,"key":"SMITH"},{"data":"Trip","floor":12,"key":"SMITH"},{"data":"Brutality","floor":15,"key":"SMITH"},{"data":"AT_ShrugMaster","floor":23,"key":"SMITH"},{"floor":27,"key":"RECALL"},{"floor":32,"key":"REST"}],"circlet_count":0,"master_deck":["Strike_R","Defend_R","Defend_R","Trip+1","AT_ChampionKick+1","Malaise","Shockwave+1","Offering","Shrug It Off","AT_ShrugMaster+1","Brutality+1","Double Tap","Master of Strategy","Heavy Blade","Secret Technique","Heavy Blade+1","AT_IchimonjiDouble","REME_FirmDetermination","Flex+1","Berserk"],"relics":["Burning Blood","REME_ComplimentaryCards","AT_ATBox","Shuriken","AT_ChloranthyRing","OrangePellets","Vajra","REME_LowDesire","Orichalcum","AT_MibuBalloonWealth","AT_ForceNature","Happy Flower","Regal Pillow","Dream Catcher","Runic Pyramid"],"acts_visited":["Exordium","TheCity","TheBeyond"],"potions_floor_usage":[7,16,16,18,29,29,31],"damage_taken":[{"damage":3.0,"enemies":"Cultist","floor":1.0,"turns":3.0},{"damage":14,"enemies":"2 Louse","floor":4,"turns":4},{"damage":16,"enemies":"Small Slimes","floor":5,"turns":3},{"damage":33,"enemies":"3 Sentries","floor":7,"turns":5},{"damage":15,"enemies":"3 Louse","floor":10,"turns":4},{"damage":6,"enemies":"Looter","floor":11,"turns":2},{"damage":22,"enemies":"Gremlin Nob","floor":14,"turns":5},{"damage":10,"enemies":"Slime Boss","floor":16,"turns":5},{"damage":12,"enemies":"2 Thieves","floor":18,"turns":2},{"damage":14,"enemies":"Shell Parasite","floor":19,"turns":5},{"damage":9,"enemies":"Snecko","floor":20,"turns":4},{"damage":12,"enemies":"Centurion and Healer","floor":21,"turns":4},{"damage":5,"enemies":"Gremlin Leader","floor":24,"turns":5},{"damage":45,"enemies":"Slavers","floor":29,"turns":4},{"damage":1,"enemies":"Sentry and Sphere","floor":30,"turns":3},{"damage":18,"enemies":"Snake Plant","floor":31,"turns":2},{"damage":3,"enemies":"Champ","floor":33,"turns":3},{"damage":26,"enemies":"3 Darklings","floor":35,"turns":2}],"seed_played":"-5524297143537562858","potions_obtained":[{"floor":1.0,"key":"FairyPotion"},{"floor":3,"key":"EssenceOfSteel"},{"floor":3,"key":"HeartOfIron"},{"floor":3,"key":"CultistPotion"},{"floor":4,"key":"BloodPotion"},{"floor":11,"key":"Explosive Potion"},{"floor":16,"key":"Explosive Potion"},{"floor":20,"key":"CultistPotion"},{"floor":30,"key":"ColorlessPotion"},{"floor":31,"key":"Fire Potion"},{"floor":33,"key":"SkillPotion"}],"is_trial":false,"path_per_floor":["M","?","?","M","M","R","E","R","T","M","M","R","$","E","R","B",null,"M","M","M","M","?","R","E","?","T","R","?","E","M","M","R","B",null,"M"],"character_chosen":"IRONCLAD","items_purchased":["AT_ChloranthyRing","AT_ShrugMaster","OrangePellets"],"campfire_rested":1,"item_purchase_floors":[13,13,13],"current_hp_per_floor":[80,80,80,72,62,62,51,51,51,42,42,42,42,26,26,22,80,74,66,63,57,57,57,58,58,58,58,58,19,24,12,51,54,80,54,54],"gold":792,"neow_bonus":"RANDOM_COLORLESS","is_daily":false,"chose_seed":false,"campfire_upgraded":5,"win_rate":0.0,"timestamp":1608630659,"path_taken":["M","?","?","M","M","R","E","R","T","?","M","R","$","E","R","BOSS","M","?","M","M","?","R","E","?","T","R","?","E","M","M","R","BOSS","M"],"items_purchased_type":["Relic","Card","Relic"],"build_version":"2020-12-13","purchased_purges":8,"victory":false,"max_hp_per_floor":[80,80,80,80,80,80,80,80,80,80,80,80,80,80,80,80,80,80,80,80,80,80,80,80,80,80,80,80,80,80,80,80,80,80,80,80],"card_choices":[{"not_picked":["Jack Of All Trades","AT_LightSaberMaster"],"picked":"Trip","floor":0.0},{"not_picked":["Heavy Blade","Wild Strike"],"picked":"Shockwave","floor":1.0},{"not_picked":["Thunderclap","Feel No Pain","Twin Strike"],"picked":"SKIP","floor":4},{"not_picked":["Hemokinesis","Armaments"],"picked":"Offering","floor":5},{"not_picked":["Battle Trance","Sword Boomerang","Warcry"],"picked":"SKIP","floor":7},{"not_picked":["Shockwave","Havoc"],"picked":"Shrug It Off","floor":10},{"not_picked":["Headbutt","Uppercut","Fire Breathing"],"picked":"SKIP","floor":11},{"not_picked":["Uppercut","Disarm"],"picked":"Brutality","floor":14},{"not_picked":["Impervious","Feed"],"picked":"Double Tap","floor":16},{"not_picked":["Shrug It Off","AT_GerminateFire","Hemokinesis+1"],"picked":"Master of Strategy","floor":18},{"not_picked":["Flex","AT_DrawKnifeCut","Impatience+1"],"picked":"Heavy Blade","floor":19},{"not_picked":["Rampage+1","Disarm","Perfected Strike"],"picked":"Secret Technique","floor":20},{"not_picked":["AT_BodySlamDance","Headbutt","Shockwave","REME_TheoryOfElimination+1"],"picked":"SKIP","floor":21},{"not_picked":["Wild Strike","Sword Boomerang+1","Trip"],"picked":"Heavy Blade+1","floor":24},{"not_picked":["Armaments","Cleave","Body Slam"],"picked":"REME_FirmDetermination","floor":29},{"not_picked":["Pommel Strike","Shrug It Off","Exhume","Forethought+1"],"picked":"SKIP","floor":30},{"not_picked":["Headbutt","Anger","REME_FearOfPain","Swift Strike"],"picked":"SKIP","floor":31},{"not_picked":["Clash+1","Havoc","Dramatic Entrance+1"],"picked":"Flex+1","floor":32},{"not_picked":["Exhume","Offering","Metamorphosis"],"picked":"Berserk","floor":33}],"player_experience":45704,"relics_obtained":[{"floor":7,"key":"Shuriken"},{"floor":14,"key":"Vajra"},{"floor":17,"key":"Orichalcum"},{"floor":17,"key":"AT_MibuBalloonWealth"},{"floor":24,"key":"Happy Flower"},{"floor":26,"key":"Regal Pillow"},{"floor":29,"key":"Dream Catcher"}],"event_choices":[{"damage_healed":0,"gold_gain":175,"player_choice":"AGREE","damage_taken":0,"max_hp_gain":0,"max_hp_loss":0,"event_name":"Liars Game","floor":2,"gold_loss":0,"cards_obtained":["Doubt"]},{"damage_healed":0,"gold_gain":0,"player_choice":"Got Potions","damage_taken":0,"max_hp_gain":0,"max_hp_loss":0,"event_name":"Lab","floor":3,"gold_loss":0},{"damage_healed":0,"gold_gain":0,"player_choice":"Obtained Relic","damage_taken":0,"relics_obtained":["AT_ForceNature"],"max_hp_gain":0,"max_hp_loss":0,"event_name":"Addict","floor":22,"gold_loss":85},{"damage_healed":0,"gold_gain":0,"player_choice":"Ignored","damage_taken":0,"max_hp_gain":0,"max_hp_loss":0,"event_name":"Ghosts","floor":25,"gold_loss":0},{"damage_healed":0,"gold_gain":0,"player_choice":"Read","damage_taken":0,"max_hp_gain":0,"max_hp_loss":0,"event_name":"The Library","floor":28,"gold_loss":0,"cards_obtained":["AT_IchimonjiDouble"]}],"is_beta":false,"boss_relics":[{"not_picked":["REME_DemonsWealth","Black Star"],"picked":"REME_LowDesire"},{"not_picked":["Runic Cube","Cursed Key"],"picked":"Runic Pyramid"}],"items_purged_floors":[13,13,13,13,13,13,13,13],"is_endless":false,"potions_floor_spawned":[1,4,5,11,16,20,30,31,33],"killed_by":"3 Darklings","ascension_level":4}}