{"host":"hgkb2zpbo2dcws21","time":1608639934,"event":{"mods":["AchievementEnabler","BaseMod","Colored Map","Colored Powertips","Custom Start","DeckTracker","KOR Keyword Fix","Minty Spire (QoL Compilation)","Relic Stats","StSLib","SuperFastMode"],"gold_per_floor":[110,110,110,122,141,176,188,188,188,113,113,147,147,161,161,161,161],"floor_reached":16,"playtime":243,"items_purged":["Strike_P"],"score":187,"play_id":"0d064453-9baa-477a-a460-caf2de775c76","local_time":"20201222212534","is_ascension_mode":true,"campfire_choices":[{"data":"CrushJoints","floor":8,"key":"SMITH"},{"floor":15,"key":"REST"}],"circlet_count":0,"master_deck":["AscendersBane","Strike_P","Strike_P","Strike_P","Defend_P","Defend_P","Defend_P","Defend_P","Eruption+1","Vigilance","CrushJoints+1","Tantrum","Sanctity"],"relics":["PureWater","NeowsBlessing","Blue Candle","StrikeDummy","Golden Idol","Lantern","Tiny Chest"],"acts_visited":["Exordium"],"potions_floor_usage":[],"damage_taken":[{"damage":0,"enemies":"2 Louse","floor":1,"turns":1},{"damage":0,"enemies":"Cultist","floor":4,"turns":1},{"damage":0,"enemies":"Small Slimes","floor":5,"turns":2},{"damage":16,"enemies":"Gremlin Nob","floor":6,"turns":3},{"damage":3,"enemies":"Blue Slaver","floor":7,"turns":4},{"damage":8,"enemies":"Lagavulin","floor":12,"turns":6},{"damage":12,"enemies":"Exordium Thugs","floor":14,"turns":3},{"damage":42,"enemies":"The Guardian","floor":16,"turns":9}],"seed_played":"-2389331216468860649","potions_obtained":[{"floor":6,"key":"Regen Potion"},{"floor":7,"key":"Energy Potion"}],"is_trial":false,"path_per_floor":["M","?","?","M","M","E","M","R","T","$","?","E","?","M","R","B"],"character_chosen":"WATCHER","items_purchased":[],"campfire_rested":1,"item_purchase_floors":[],"current_hp_per_floor":[61,66,66,66,66,50,47,47,47,47,47,39,32,20,40,0,0],"gold":161,"neow_bonus":"THREE_ENEMY_KILL","is_daily":false,"chose_seed":false,"campfire_upgraded":1,"win_rate":0.0,"timestamp":1608639934,"path_taken":["M","?","?","M","?","E","M","R","T","$","?","E","?","?","R","BOSS"],"items_purchased_type":[],"build_version":"2020-12-13","purchased_purges":1,"victory":false,"max_hp_per_floor":[68,73,73,73,73,73,73,73,73,73,68,68,68,68,68,68,68],"relic_stats":{"counters":[8,29],"Golden Idol":10,"Blue Candle":[0],"Tiny Chest":0,"obtain_stats":[{"Lantern":12,"NeowsBlessing":0,"Golden Idol":11,"Blue Candle":6,"Tiny Chest":13,"PureWater":0,"StrikeDummy":9},{"Lantern":6,"NeowsBlessing":0,"Golden Idol":5,"Blue Candle":4,"Tiny Chest":6,"PureWater":0,"StrikeDummy":5},{"Lantern":17,"NeowsBlessing":0,"Golden Idol":11,"Blue Candle":7,"Tiny Chest":17,"PureWater":0,"StrikeDummy":11}]},"card_choices":[{"not_picked":["CutThroughFate","JustLucky"],"picked":"CrushJoints","floor":1},{"not_picked":["Crescendo","CrushJoints"],"picked":"Tantrum","floor":4},{"not_picked":["CutThroughFate","BowlingBash","Perseverance"],"picked":"SKIP","floor":5},{"not_picked":["Consecrate","ForeignInfluence"],"picked":"Sanctity","floor":6},{"not_picked":["ThirdEye","Evaluate","Blasphemy"],"picked":"SKIP","floor":7},{"not_picked":["BowlingBash","Judgement","ClearTheMind"],"picked":"SKIP","floor":12},{"not_picked":["Collect","Swivel","Consecrate"],"picked":"SKIP","floor":14}],"player_experience":1098409,"relics_obtained":[{"floor":6,"key":"Blue Candle"},{"floor":9,"key":"StrikeDummy"},{"floor":12,"key":"Lantern"}],"event_choices":[{"damage_healed":0,"gold_gain":0,"player_choice":"Donut","damage_taken":0,"max_hp_gain":5,"max_hp_loss":0,"event_name":"Big Fish","floor":2,"gold_loss":0},{"damage_healed":0,"gold_gain":0,"player_choice":"Upgraded","damage_taken":0,"max_hp_gain":0,"max_hp_loss":0,"event_name":"Upgrade Shrine","floor":3,"gold_loss":0,"cards_upgraded":["Eruption"]},{"damage_healed":0,"gold_gain":0,"player_choice":"Lose Max HP","damage_taken":0,"relics_obtained":["Golden Idol"],"max_hp_gain":0,"max_hp_loss":5,"event_name":"Golden Idol","floor":11,"gold_loss":0},{"damage_healed":0,"gold_gain":0,"player_choice":"Success","damage_taken":7,"relics_obtained":["Tiny Chest"],"max_hp_gain":0,"max_hp_loss":0,"event_name":"Scrap Ooze","floor":13,"gold_loss":0}],"is_beta":false,"boss_relics":[],"items_purged_floors":[10],"is_endless":false,"potions_floor_spawned":[6,7,12],"killed_by":"The Guardian","ascension_level":14}}