{"host":"6pgtslebjnyv5xmi","time":1608613002,"event":{"mods":["AchievementEnabler","BaseMod","Colored Map","Minty Spire (QoL Compilation)","Rare Cards Sparkle","SuperFastMode","everything is the same but u backflip on backflip"],"gold_per_floor":[114,114,39,39,54,54,69,99,99,114,14,29,29,44,44,144,144,159,74,74,74,89,89,104,134,184,199,199,229,244,259,259,259,259],"floor_reached":33,"playtime":3341,"items_purged":["Strike_B","Strike_B"],"score":339,"play_id":"4baef450-d3a1-41d0-afb0-a426cc5ae4d7","local_time":"20201222135642","daily_mods":["Allstar","Diverse","DeadlyEvents"],"is_ascension_mode":false,"campfire_choices":[{"data":"Chrysalis","floor":6,"key":"SMITH"},{"data":"Fiend Fire","floor":15,"key":"SMITH"},{"data":"Mind Blast","floor":23,"key":"SMITH"},{"data":"Armaments","floor":28,"key":"SMITH"},{"data":"Double Energy","floor":32,"key":"SMITH"}],"circlet_count":0,"master_deck":["Defend_B","Defend_B","Defend_B","Defend_B","Zap","Dualcast","Chrysalis+1","Enlightenment","Good Instincts","The Bomb","Thinking Ahead+1","BootSequence","Jack Of All Trades","Double Energy+1","Collect","Fiend Fire+1","Acrobatics","True Grit","SashWhip","DeusExMachina","Anger+1","Mind Blast+1","Bite","Bite","Bite","Bite","Bite","Armaments+1","Cold Snap","FearNoEvil+1","Seeing Red","Devotion","Tactician","Protect+1"],"relics":["Cracked Core","Unceasing Top","Letter Opener","Inserter","Ginger","Strawberry","Ancient Tea Set"],"acts_visited":["Exordium","TheCity"],"potions_floor_usage":[16,16,22,24,33,33],"damage_taken":[{"damage":1,"enemies":"Jaw Worm","floor":1,"turns":4},{"damage":2,"enemies":"2 Louse","floor":5,"turns":4},{"damage":0,"enemies":"Cultist","floor":7,"turns":4},{"damage":17,"enemies":"Lagavulin","floor":8,"turns":8},{"damage":0,"enemies":"2 Fungi Beasts","floor":10,"turns":3},{"damage":2,"enemies":"3 Louse","floor":12,"turns":3},{"damage":3,"enemies":"Looter","floor":14,"turns":3},{"damage":9,"enemies":"Slime Boss","floor":16,"turns":6},{"damage":32,"enemies":"2 Thieves","floor":18,"turns":4},{"damage":1,"enemies":"Shell Parasite","floor":22,"turns":4},{"damage":5,"enemies":"Snake Plant","floor":24,"turns":3},{"damage":13,"enemies":"Book of Stabbing","floor":25,"turns":5},{"damage":16,"enemies":"Chosen and Byrds","floor":27,"turns":5},{"damage":18,"enemies":"Slavers","floor":29,"turns":5},{"damage":8,"enemies":"Centurion and Healer","floor":30,"turns":6},{"damage":28,"enemies":"Snake Plant","floor":31,"turns":3},{"damage":59,"enemies":"Automaton","floor":33,"turns":6}],"seed_played":"-7682526130134428503","potions_obtained":[{"floor":5,"key":"SteroidPotion"},{"floor":7,"key":"Block Potion"},{"floor":10,"key":"EssenceOfSteel"},{"floor":14,"key":"Weak Potion"},{"floor":16,"key":"Block Potion"},{"floor":22,"key":"FocusPotion"},{"floor":29,"key":"LiquidBronze"}],"is_trial":false,"path_per_floor":["M","?","$","?","M","R","M","E","T","M","$","M","?","M","R","B",null,"M","$","?","?","M","R","M","E","T","M","R","E","M","M","R","B"],"character_chosen":"DEFECT","items_purchased":["Mind Blast"],"campfire_rested":0,"item_purchase_floors":[19],"current_hp_per_floor":[74,79,79,79,77,77,77,60,60,60,60,58,42,39,39,30,80,48,48,48,48,55,55,55,47,54,46,46,38,38,14,14,0,0],"gold":259,"neow_bonus":"","is_daily":true,"chose_seed":false,"campfire_upgraded":5,"win_rate":0.0,"timestamp":1608613002,"path_taken":["M","?","$","?","M","R","M","?","T","M","$","M","?","?","R","BOSS","M","$","?","?","M","R","M","?","T","M","R","?","M","M","R","BOSS"],"items_purchased_type":["Card"],"build_version":"2020-12-13","purchased_purges":2,"victory":false,"max_hp_per_floor":[75,80,80,80,80,80,80,80,80,80,80,80,80,80,80,80,80,80,80,56,56,56,56,56,56,63,63,63,63,63,63,63,63,63],"card_choices":[{"not_picked":["Shrug It Off","Skewer"],"picked":"BootSequence","floor":1},{"not_picked":["Sucker Punch","Shrug It Off"],"picked":"Double Energy","floor":5},{"not_picked":["Consecrate","Cloak And Dagger"],"picked":"Collect","floor":7},{"not_picked":["Conserve Battery","EmptyFist"],"picked":"Fiend Fire","floor":8},{"not_picked":["EmptyFist","Adaptation"],"picked":"Acrobatics","floor":10},{"not_picked":["Sword Boomerang","Cloak And Dagger"],"picked":"True Grit","floor":12},{"not_picked":["Deflect","Cloak And Dagger"],"picked":"SashWhip","floor":14},{"not_picked":["Double Tap","Malaise"],"picked":"DeusExMachina","floor":16},{"not_picked":["Capacitor","Barrage"],"picked":"Anger+1","floor":18},{"not_picked":["Bane","FlyingSleeves+1"],"picked":"Cold Snap","floor":22},{"not_picked":["Deadly Poison","BowlingBash","Fasting2"],"picked":"SKIP","floor":24},{"not_picked":["Quick Slash","Dagger Spray+1"],"picked":"FearNoEvil+1","floor":25},{"not_picked":["Flying Knee","Halt+1"],"picked":"Seeing Red","floor":27},{"not_picked":["Indignation+1","Concentrate+1"],"picked":"Devotion","floor":29},{"not_picked":["Shrug It Off","Static Discharge"],"picked":"Tactician","floor":30},{"not_picked":["Combust+1","Anger"],"picked":"Protect+1","floor":31}],"player_experience":353697,"relics_obtained":[{"floor":8,"key":"Unceasing Top"},{"floor":9,"key":"Letter Opener"},{"floor":25,"key":"Ginger"},{"floor":26,"key":"Strawberry"},{"floor":29,"key":"Ancient Tea Set"}],"event_choices":[{"damage_healed":0,"gold_gain":0,"player_choice":"Donut","damage_taken":0,"max_hp_gain":5,"max_hp_loss":0,"event_name":"Big Fish","floor":2,"gold_loss":0},{"damage_healed":0,"gold_gain":0,"player_choice":"1 cards matched","damage_taken":0,"max_hp_gain":0,"max_hp_loss":0,"event_name":"Match and Keep!","floor":4,"gold_loss":0,"cards_obtained":["Jack Of All Trades"]},{"damage_healed":0,"gold_gain":0,"player_choice":"Entered Light","damage_taken":16,"max_hp_gain":0,"max_hp_loss":0,"event_name":"Shining Light","floor":13,"gold_loss":0,"cards_upgraded":["Thinking Ahead","Strike_B"]},{"damage_healed":0,"gold_gain":0,"player_choice":"Became a vampire","damage_taken":0,"max_hp_gain":0,"max_hp_loss":24,"event_name":"Vampires","floor":20,"gold_loss":0,"cards_obtained":["Bite","Bite","Bite","Bite","Bite"]},{"damage_healed":0,"gold_gain":0,"player_choice":"Read","damage_taken":0,"max_hp_gain":0,"max_hp_loss":0,"event_name":"The Library","floor":21,"gold_loss":0,"cards_obtained":["Armaments"]}],"is_beta":false,"boss_relics":[{"not_picked":["Black Star","Cursed Key"],"picked":"Inserter"}],"items_purged_floors":[3,11],"is_endless":false,"potions_floor_spawned":[5,7,10,14,16,22,29],"killed_by":"Automaton","ascension_level":0}}