{"host":"91yrvee9vuf6n2vk","time":1608661654,"event":{"mods":["BaseMod","Downfall","Minty Spire (QoL Compilation)","Prisma Mod","StSLib"],"gold_per_floor":[99,99,99,99,99,99,125,141,152,169,269,130,130,130,149,246,246,246,257,257,257,273,107,107,14,14,46,46,63,63,75,89,191,191,116,135,153,66,77,77,103,171,171,221,237,254,254,202,216,216],"floor_reached":51,"playtime":2454,"items_purged":["Guardian:Strike_Guardian","Parasite"],"score":680,"play_id":"908a69fa-e6e7-4bc2-b726-3d59c4eb78d0","local_time":"20201222182734","is_ascension_mode":false,"campfire_choices":[{"data":"Guardian:CurlUp","floor":1,"key":"SMITH"},{"floor":13,"key":"REST"},{"data":"Guardian:MultiBeam","floor":18,"key":"SMITH"},{"floor":26,"key":"REST"},{"floor":28,"key":"REST"},{"data":"Guardian:TwinSlam","floor":30,"key":"SMITH"},{"data":"Guardian:Emergency","floor":35,"key":"SMITH"},{"floor":40,"key":"REST"}],"circlet_count":0,"master_deck":["Guardian:Strike_Guardian","Guardian:Strike_Guardian","Guardian:Defend_Guardian","Guardian:Defend_Guardian+1","Guardian:Defend_Guardian","Guardian:CurlUp+1","Guardian:TwinSlam+1","Guardian:TemporalStrike","Guardian:ShieldSpikes","Guardian:Reroute","Guardian:MultiBeam+1","Guardian:CrystalBeam","Guardian:EvasiveProtocol+1","Guardian:Emergency+1","Guardian:Suspension+1","Guardian:GuardianWhirl","Guardian:StasisStrike","Guardian:BronzeOrb+1","Guardian:Planning+1","Guardian:PiercingHide+1","Guardian:TemporalShield+1","Guardian:FastForward+1","Guardian:PrimingBeam+1","Guardian:TemporalStrike+1","Guardian:FastForward+1","Guardian:TimeSifter","hexamod:Haunted","Pain","Guardian:Recover+1","Guardian:Planning+1","Guardian:Planning+1","expansioncontent:StudyTheSpire","Guardian:MultiBeam+1"],"relics":["Guardian:ModeShifter","downfall:HeartsMalice","Guardian:PickAxe","Happy Flower","Black Star","Membership Card","Toxic Egg 2","Ancient Tea Set","Boot","Pocketwatch","Cursed Key","downfall:HeartBlessingGreen","DollysMirror","Oddly Smooth Stone","InkBottle","TungstenRod","War Paint","Pantograph","HandDrill"],"acts_visited":["Exordium","TheCity","TheBeyond"],"potions_floor_usage":[16,16,19,25,32,33,45,49,50,50],"damage_taken":[{"damage":0,"enemies":"Small Slimes","floor":2,"turns":1},{"damage":0,"enemies":"Jaw Worm","floor":5,"turns":1},{"damage":0,"enemies":"2 Louse","floor":6,"turns":1},{"damage":13,"enemies":"Large Slime","floor":8,"turns":5},{"damage":15,"enemies":"Exordium Wildlife","floor":9,"turns":3},{"damage":2,"enemies":"3 Louse","floor":10,"turns":1},{"damage":5,"enemies":"downfall:FleeingMerchant","floor":12,"turns":4},{"damage":11,"enemies":"Large Slime","floor":15,"turns":5},{"damage":37,"enemies":"downfall:Defect","floor":16,"turns":9},{"damage":27,"enemies":"Chosen","floor":19,"turns":5},{"damage":21,"enemies":"Snake Plant","floor":22,"turns":4},{"damage":3,"enemies":"downfall:FleeingMerchant","floor":23,"turns":4},{"damage":7,"enemies":"downfall:FleeingMerchant","floor":25,"turns":4},{"damage":30,"enemies":"Slavers","floor":27,"turns":5},{"damage":1,"enemies":"Shelled Parasite and Fungi","floor":29,"turns":5},{"damage":11,"enemies":"Centurion and Healer","floor":31,"turns":4},{"damage":1,"enemies":"Cultist and Chosen","floor":32,"turns":5},{"damage":26,"enemies":"downfall:Watcher","floor":33,"turns":10},{"damage":2,"enemies":"Orb Walker","floor":36,"turns":3},{"damage":25,"enemies":"3 Shapes","floor":37,"turns":4},{"damage":0,"enemies":"downfall:FleeingMerchant","floor":38,"turns":4},{"damage":16,"enemies":"3 Darklings","floor":39,"turns":4},{"damage":7,"enemies":"Mind Bloom Boss Battle","floor":44,"turns":7},{"damage":5,"enemies":"Writhing Mass","floor":45,"turns":6},{"damage":11,"enemies":"Jaw Worm Horde","floor":46,"turns":4},{"damage":0,"enemies":"downfall:FleeingMerchant","floor":48,"turns":1},{"damage":11,"enemies":"Transient","floor":49,"turns":5},{"damage":24,"enemies":"downfall:Silent","floor":50,"turns":9}],"seed_played":"-6010418136654822038","potions_obtained":[{"floor":9,"key":"Dexterity Potion"},{"floor":10,"key":"DuplicationPotion"},{"floor":16,"key":"FearPotion"},{"floor":22,"key":"PowerPotion"},{"floor":31,"key":"champ:CounterPotion"},{"floor":32,"key":"LiquidBronze"},{"floor":39,"key":"hexamod:EctoCoolerPotion"},{"floor":44,"key":"sneckomod:MuddlingPotion"},{"floor":45,"key":"hexamod:EctoCoolerPotion"},{"floor":49,"key":"ColorlessPotion"}],"is_trial":false,"path_per_floor":["R","M","?","?","M","M","T","M","M","M","?","$","R","?","M","B",null,"R","M","?","T","M","$","T","$","R","E","R","M","R","M","M","B",null,"R","M","M","$","M","R","T","?","?","?","M","M","?","$","M","B",null],"character_chosen":"GUARDIAN","items_purchased":["Guardian:Suspension","Membership Card","Ancient Tea Set","DollysMirror","War Paint","Pantograph","expansioncontent:StudyTheSpire","HandDrill"],"campfire_rested":4,"item_purchase_floors":[12,23,25,38,48,48,48,48],"current_hp_per_floor":[80,80,62,62,62,62,62,49,34,32,32,27,51,51,40,3,80,80,53,53,53,32,29,29,22,46,16,40,39,39,28,27,1,80,80,78,53,53,37,61,61,61,61,54,49,38,38,38,27,28],"gold":216,"neow_bonus":"THREE_ENEMY_KILL","is_daily":false,"chose_seed":false,"campfire_upgraded":4,"win_rate":0.0,"timestamp":1608661654,"path_taken":["R","M","?","?","M","M","T","M","M","M","?","$","R","?","M","BOSS","R","M","?","?","M","$","T","?","R","E","R","M","R","M","M","BOSS","R","M","M","$","M","R","T","?","?","?","M","M","?","$","M","BOSS"],"items_purchased_type":["Card","Relic","Relic","Relic","Relic","Relic","Card","Relic"],"build_version":"2020-12-13","purchased_purges":2,"victory":true,"max_hp_per_floor":[80,80,80,80,80,80,80,80,80,80,80,80,80,80,80,80,80,80,80,80,80,80,80,80,80,80,80,80,80,80,80,80,80,80,80,80,80,80,80,80,80,80,80,80,80,80,80,77,77,77],"card_choices":[{"not_picked":["Guardian:TimeCapacitor","Guardian:Suspension"],"picked":"Guardian:TemporalStrike","floor":2},{"not_picked":["Guardian:Suspension","Guardian:Gem_Cyan"],"picked":"Guardian:ShieldSpikes","floor":5},{"not_picked":["Guardian:ShieldCharger","Guardian:ShieldSpikes"],"picked":"Guardian:Reroute","floor":6},{"not_picked":["Guardian:TemporalStrike","Guardian:Recover"],"picked":"Guardian:MultiBeam","floor":8},{"not_picked":["Guardian:Gem_Cyan","Guardian:PiercingHide"],"picked":"Guardian:CrystalBeam","floor":9},{"not_picked":["Guardian:TimeBomb","Guardian:PrismaticBarrier"],"picked":"Guardian:EvasiveProtocol","floor":10},{"not_picked":["Guardian:HyperBeam_Guardian","Guardian:PiercingHide"],"picked":"Guardian:Emergency","floor":12},{"not_picked":["Guardian:SentryBeam","Guardian:Gem_Cyan"],"picked":"Guardian:GuardianWhirl","floor":15},{"not_picked":["Guardian:StasisField","Guardian:AncientConstruct"],"picked":"Guardian:StasisStrike","floor":16},{"not_picked":["Guardian:Gem_Blue","Guardian:SentryBeam","Guardian:FloatingOrbs"],"picked":"SKIP","floor":19},{"not_picked":["Guardian:PolyBeam","Guardian:PiercingHide"],"picked":"Guardian:BronzeOrb+1","floor":22},{"not_picked":["Guardian:PiercingHide","Guardian:ChargeUp"],"picked":"Guardian:Gem_Red","floor":23},{"not_picked":["Guardian:Gem_Red","Guardian:Repulse+1"],"picked":"Guardian:Planning+1","floor":25},{"not_picked":["Guardian:Gem_White","Guardian:Gem_Cyan","Guardian:BaubleBeam"],"picked":"SKIP","floor":27},{"not_picked":["Guardian:Gem_Green","Guardian:DonusPower+1"],"picked":"Guardian:PiercingHide+1","floor":29},{"not_picked":["Guardian:EvasiveProtocol","Guardian:VentSteam+1"],"picked":"Guardian:TemporalShield+1","floor":31},{"not_picked":["Guardian:Reroute","Guardian:Repulse+1","Guardian:Gem_Green"],"picked":"SKIP","floor":32},{"not_picked":["Guardian:Gem_Orange","Guardian:BaubleBeam"],"picked":"Guardian:FastForward+1","floor":33},{"not_picked":["Guardian:Gem_Fragmented","Guardian:Gem_Red"],"picked":"Guardian:PrimingBeam+1","floor":36},{"not_picked":["Guardian:ChargeCore","Guardian:FloatingOrbs","Guardian:GuardianWhirl+1"],"picked":"SKIP","floor":37},{"not_picked":["Guardian:Emergency+1","Guardian:TimeCapacitor"],"picked":"Guardian:TemporalStrike+1","floor":38},{"not_picked":["Guardian:Gem_Green","Guardian:TemporalShield+1"],"picked":"Guardian:TimeSifter","floor":39},{"not_picked":["Guardian:VentSteam+1","Guardian:ChargeCore"],"picked":"Guardian:Recover+1","floor":44},{"not_picked":["Guardian:TemporalStrike+1","Guardian:ShieldCharger+1"],"picked":"Guardian:Planning+1","floor":45},{"not_picked":["Guardian:TimeCapacitor+1","Guardian:SentryBeam+1","Guardian:Gem_Lightblue"],"picked":"SKIP","floor":46},{"not_picked":["Guardian:ChargeCore","Guardian:StasisStrike"],"picked":"Guardian:Planning+1","floor":48},{"not_picked":["Guardian:Gem_Cyan","Guardian:ChargeUp+1"],"picked":"Guardian:MultiBeam+1","floor":49}],"player_experience":84177,"relics_obtained":[{"floor":7,"key":"Happy Flower"},{"floor":24,"key":"Toxic Egg 2"},{"floor":27,"key":"Boot"},{"floor":27,"key":"Pocketwatch"},{"floor":41,"key":"Oddly Smooth Stone"},{"floor":42,"key":"InkBottle"},{"floor":44,"key":"TungstenRod"}],"event_choices":[{"damage_healed":0,"gold_gain":0,"player_choice":"Grow","damage_taken":0,"max_hp_gain":0,"max_hp_loss":0,"event_name":"Living Wall","floor":14,"gold_loss":0,"cards_upgraded":["Guardian:EvasiveProtocol"]},{"damage_healed":0,"gold_gain":0,"player_choice":"Ignored","damage_taken":0,"max_hp_gain":0,"max_hp_loss":0,"event_name":"Ghosts","floor":20,"gold_loss":0},{"cards_removed":["Guardian:Strike_Guardian"],"damage_healed":0,"gold_gain":0,"player_choice":"Removed Attack","damage_taken":0,"max_hp_gain":0,"max_hp_loss":0,"event_name":"Falling","floor":43,"gold_loss":0}],"is_beta":false,"boss_relics":[{"not_picked":["Coffee Dripper","SacredBark"],"picked":"Black Star"},{"not_picked":["Calling Bell","Tiny House"],"picked":"Cursed Key"}],"items_purged_floors":[12,48],"is_endless":false,"potions_floor_spawned":[9,10,16,22,31,32,39,44,45,49],"ascension_level":0}}