{"host":"5ty8fyb0ngp9gspj","time":1608625729,"event":{"mods":["2.2 Compatiblity","AchievementEnabler","Act Like it!","BaseMod","Colored Map","Downfall","Minty Spire (QoL Compilation)","Rare Cards Sparkle","StSLib"],"gold_per_floor":[149,164,180,20,20,20,20,5,5,35,35,50,60,90,109,207,207,132,144,244,96,116,136,186,286,302,152,171,190,132,142,158,256,256,256,273,273,289,289,289,316,336,386,398,418,444,444,593,605,605,605,605,605,605],"floor_reached":52,"playtime":8527,"items_purged":[],"score":773,"play_id":"cb6462fe-272f-49b0-9903-ca108eaad1c2","local_time":"20201222192849","is_ascension_mode":false,"campfire_choices":[{"data":"champ:StanceDance","floor":1,"key":"SMITH"},{"data":"champ:EnGarde","floor":9,"key":"SMITH"},{"data":"champ:VampiricStrike","floor":11,"key":"SMITH"},{"floor":18,"key":"RECALL"},{"floor":27,"key":"REST"},{"floor":35,"key":"REST"},{"floor":47,"key":"REST"}],"circlet_count":0,"master_deck":["champ:Strike","champ:Strike+1","champ:Strike","champ:Defend","champ:Defend","champ:Defend","champ:Defend","champ:Execute","champ:Taunt","champ:StanceDance+1","champ:VampiricStrike+1","champ:RecklessLeap","champ:FanOfKnives","champ:EnGarde+1","champ:AdrenalArmor","champ:Circumvent","champ:DefensiveShout","champ:IronFortress","champ:HoldFirm","champ:BerserkerStyle+1","champ:SteelEdge","champ:EndlessRage","champ:BladeFlurry","champ:Taunt","expansioncontent:GuardianWhirl","champ:Backstep","champ:Haymaker+1","Metamorphosis","champ:CrownThrow","champ:RageSigil+1","champ:CalledShot","champ:Backstep+1","champ:SwordSigil","champ:Shatter","champ:Duel+1","expansioncontent:ChargeUp","champ:RecklessLeap+1","champ:TornadoPunch+1","champ:MurderStrike","champ:Lariat+1","expansioncontent:DefensiveStance","champ:DefensiveShout+1","champ:BringItOn+1","champ:EnragedBash+1","champ:FaceSlap","Apotheosis","champ:GladiatorStyle","champ:Circumvent+1"],"relics":["Tiny House","Membership Card","downfall:ShatteredFragment","Darkstone Periapt","Bottled Lightning","Omamori","Fusion Hammer","downfall:HeartBlessingGreen","downfall:GremlinSack","champ:BlackKnightHelmet","Pear","downfall:HeartBlessingRed","downfall:HeartBlessingBlue","Runic Pyramid","Strawberry","champ:SignatureFinisher","Lizard Tail","sneckomod:BlankCard"],"acts_visited":["Exordium","TheCity","TheBeyond","TheEnding"],"potions_floor_usage":[15,16,20,23,38,38],"damage_taken":[{"damage":7,"enemies":"Small Slimes","floor":2,"turns":5},{"damage":5,"enemies":"2 Louse","floor":3,"turns":3},{"damage":25,"enemies":"downfall:FleeingMerchant","floor":4,"turns":4},{"damage":20,"enemies":"downfall:FleeingMerchant","floor":8,"turns":4},{"damage":39,"enemies":"Lagavulin","floor":10,"turns":4},{"damage":5,"enemies":"Jaw Worm","floor":12,"turns":2},{"damage":13,"enemies":"Red Slaver","floor":13,"turns":3},{"damage":29,"enemies":"Gremlin Nob","floor":14,"turns":4},{"damage":46,"enemies":"Exordium Wildlife","floor":15,"turns":4},{"damage":70,"enemies":"downfall:Watcher","floor":16,"turns":8},{"damage":30,"enemies":"Chosen","floor":19,"turns":4},{"damage":48,"enemies":"Chosen","floor":20,"turns":4},{"damage":26,"enemies":"downfall:FleeingMerchant","floor":21,"turns":4},{"damage":18,"enemies":"Shell Parasite","floor":22,"turns":4},{"damage":18,"enemies":"Centurion and Healer","floor":23,"turns":5},{"damage":102,"enemies":"Centurion and Healer","floor":25,"turns":8},{"damage":42,"enemies":"Cultist and Chosen","floor":26,"turns":5},{"damage":40,"enemies":"Shelled Parasite and Fungi","floor":28,"turns":4},{"damage":29,"enemies":"Centurion and Healer","floor":29,"turns":3},{"damage":12,"enemies":"downfall:FleeingMerchant","floor":30,"turns":4},{"damage":29,"enemies":"3 Cultists","floor":31,"turns":3},{"damage":52,"enemies":"Shelled Parasite and Fungi","floor":32,"turns":2},{"damage":56,"enemies":"downfall:Silent","floor":33,"turns":6},{"damage":36,"enemies":"Orb Walker","floor":36,"turns":2},{"damage":54,"enemies":"3 Darklings","floor":38,"turns":2},{"damage":43,"enemies":"Spire Growth","floor":42,"turns":4},{"damage":47,"enemies":"Mind Bloom Boss Battle","floor":43,"turns":10},{"damage":48,"enemies":"Writhing Mass","floor":44,"turns":3},{"damage":58,"enemies":"Maw","floor":45,"turns":7},{"damage":56,"enemies":"Nemesis","floor":46,"turns":5},{"damage":16,"enemies":"downfall:FleeingMerchant","floor":48,"turns":2},{"damage":31,"enemies":"Spire Growth","floor":49,"turns":4},{"damage":95,"enemies":"downfall:Ironclad","floor":50,"turns":11},{"damage":246,"enemies":"downfall:CharBossMerchant","floor":52,"turns":11}],"seed_played":"-7314654976514724011","potions_obtained":[{"floor":0,"key":"FearPotion"},{"floor":3,"key":"BlessingOfTheForge"},{"floor":10,"key":"Regen Potion"},{"floor":16,"key":"Block Potion"},{"floor":20,"key":"Dexterity Potion"},{"floor":22,"key":"Block Potion"},{"floor":28,"key":"DuplicationPotion"},{"floor":33,"key":"AttackPotion"},{"floor":38,"key":"champ:CounterPotion"},{"floor":42,"key":"champ:CounterPotion"}],"is_trial":false,"path_per_floor":["R","M","M","$","?","?","T","$","R","E","R","M","M","E","M","B",null,"R","M","?","$","M","M","T","?","M","R","M","M","$","M","M","B",null,"R","M","?","M","?","?","T","M","?","M","M","E","R","$","M","B",null,"E"],"character_chosen":"THE_CHAMP","items_purchased":["Membership Card","Metamorphosis","champ:CrownThrow","expansioncontent:ChargeUp","sneckomod:BlankCard","Apotheosis","champ:GladiatorStyle"],"campfire_rested":3,"item_purchase_floors":[4,21,21,30,48,48,48],"current_hp_per_floor":[95,93,95,95,68,68,68,78,78,70,70,70,67,55,63,40,95,95,95,87,80,76,86,86,49,63,107,86,96,115,105,93,79,115,115,115,115,115,115,115,122,122,122,114,122,109,122,122,122,82,122,0,0,0],"gold":605,"neow_bonus":"BOSS_RELIC","is_daily":false,"chose_seed":false,"campfire_upgraded":3,"win_rate":0.0,"timestamp":1608625729,"path_taken":["R","M","M","$","?","?","T","$","R","E","R","M","M","E","M","BOSS","R","M","?","$","M","?","T","?","M","R","M","M","$","M","M","BOSS","R","M","?","M","?","?","T","M","?","M","M","E","R","$","M","BOSS","E"],"items_purchased_type":["Relic","Card","Card","Card","Relic","Card","Card"],"build_version":"2020-12-13","purchased_purges":0,"victory":false,"max_hp_per_floor":[95,95,95,95,95,95,95,95,95,95,95,95,95,95,95,95,95,95,95,95,95,95,95,95,105,105,115,115,115,115,115,115,115,115,115,115,115,115,115,115,122,122,122,122,122,122,122,122,122,122,122,122,122,122],"card_choices":[{"not_picked":["champ:AdrenalArmor","champ:ShieldSigil"],"picked":"champ:StanceDance","floor":0},{"not_picked":["champ:Encircle","champ:RageSigil"],"picked":"champ:VampiricStrike","floor":2},{"not_picked":["champ:PerfectedStrike","champ:TornadoPunch"],"picked":"champ:RecklessLeap","floor":3},{"not_picked":["champ:CrookedStrike","champ:PreciseThrust"],"picked":"champ:FanOfKnives","floor":4},{"not_picked":["champ:PerfectedStrike","champ:FanOfKnives"],"picked":"champ:EnGarde","floor":8},{"not_picked":["champ:BladeFlurry","champ:FlashCut"],"picked":"champ:AdrenalArmor","floor":10},{"not_picked":["champ:BringItOn","champ:Haymaker"],"picked":"champ:Circumvent","floor":12},{"not_picked":["champ:CrookedStrike","champ:ShieldSigil","champ:Backstep"],"picked":"SKIP","floor":13},{"not_picked":["champ:BerserkersShout","champ:ShieldSigil"],"picked":"champ:DefensiveShout","floor":14},{"not_picked":["champ:FocusedBerserking","champ:StanceDance"],"picked":"champ:IronFortress","floor":15},{"not_picked":["champ:HeavySlash","champ:EnchantSword"],"picked":"champ:HoldFirm","floor":16},{"not_picked":["champ:StanceDance+1","champ:CrookedStrike"],"picked":"champ:BerserkerStyle+1","floor":19},{"not_picked":["champ:ShieldSigil+1","champ:SwordSigil"],"picked":"champ:Backstep","floor":20},{"not_picked":["champ:FlashCut+1","champ:BerserkersShout"],"picked":"champ:Haymaker+1","floor":21},{"not_picked":["champ:SwordSigil","champ:CheapShot"],"picked":"champ:RageSigil+1","floor":22},{"not_picked":["champ:StanceDance+1","champ:RageSigil+1"],"picked":"champ:ShieldWall+1","floor":23},{"not_picked":["champ:BerserkersShout","champ:Backstep"],"picked":"champ:CalledShot","floor":25},{"not_picked":["champ:Riposte","champ:Circumvent"],"picked":"champ:Backstep+1","floor":26},{"not_picked":["champ:EnchantSword","champ:GutPunch"],"picked":"champ:SwordSigil","floor":28},{"not_picked":["champ:ShieldSigil","champ:BladeFlurry"],"picked":"champ:Shatter","floor":29},{"not_picked":["champ:PerfectedStrike","champ:FanOfKnives"],"picked":"champ:Duel+1","floor":30},{"not_picked":["champ:Circumvent","champ:TornadoPunch"],"picked":"champ:RecklessLeap+1","floor":31},{"not_picked":["champ:ShieldSigil","champ:Circumvent"],"picked":"champ:TornadoPunch+1","floor":32},{"not_picked":["champ:EnchantShield","champ:HeavySlash"],"picked":"champ:MurderStrike","floor":33},{"not_picked":["champ:IronFortress","champ:ShieldWall"],"picked":"champ:Lariat+1","floor":36},{"not_picked":["expansioncontent:DarkVoid","expansioncontent:LastStand"],"picked":"expansioncontent:DefensiveStance","floor":37},{"not_picked":["champ:RageSigil+1","champ:Circumvent+1"],"picked":"champ:DefensiveShout+1","floor":38},{"not_picked":["champ:DeathBlow","champ:VampiricStrike"],"picked":"champ:BringItOn+1","floor":42},{"not_picked":["champ:RageSigil","champ:SwordSigil"],"picked":"champ:EnragedBash+1","floor":43},{"not_picked":["champ:BringItOn","champ:FalseCounter"],"picked":"champ:FaceSlap","floor":44},{"not_picked":["champ:BladeFlurry","champ:DefensiveShout+1","champ:BringItOn"],"picked":"SKIP","floor":45},{"not_picked":["champ:DeathBlow","champ:EnragedBash","champ:PerfectedStrike+1"],"picked":"SKIP","floor":46},{"not_picked":["champ:IronFortress","champ:TornadoPunch","champ:VampiricStrike"],"picked":"SKIP","floor":48},{"not_picked":["champ:TornadoPunch+1","champ:Backstep"],"picked":"champ:Circumvent+1","floor":49}],"player_experience":309205,"relics_obtained":[{"floor":7,"key":"Darkstone Periapt"},{"floor":10,"key":"Bottled Lightning"},{"floor":14,"key":"Omamori"},{"floor":20,"key":"downfall:GremlinSack"},{"floor":25,"key":"champ:BlackKnightHelmet"},{"floor":25,"key":"Pear"},{"floor":41,"key":"Strawberry"},{"floor":43,"key":"champ:SignatureFinisher"},{"floor":46,"key":"Lizard Tail"}],"event_choices":[{"cards_removed":["champ:ShieldWall"],"damage_healed":0,"gold_gain":0,"player_choice":"Removed Power","damage_taken":0,"max_hp_gain":0,"max_hp_loss":0,"event_name":"Falling","floor":40,"gold_loss":0}],"is_beta":false,"boss_relics":[{"not_picked":["Empty Cage","Philosopher\u0027s Stone"],"picked":"Fusion Hammer"},{"not_picked":["SlaversCollar","Velvet Choker"],"picked":"Runic Pyramid"}],"items_purged_floors":[],"is_endless":false,"potions_floor_spawned":[3,10,12,16,20,22,28,29,31,32,33,38,42],"killed_by":"downfall:CharBossMerchant","ascension_level":0}}