{"host":"sxnl403xm2xmiyj1","time":1608608947,"event":{"mods":["AchievementEnabler","BaseMod","Colored Map","Keyboard Shortcuts","Minty Spire (QoL Compilation)","Quick Restart","StSLib","SuperFastMode"],"gold_per_floor":[117,117,117,131,148,148,166,166,192,209,234,251,251,264,264,264,264],"floor_reached":16,"playtime":332,"items_purged":[],"score":125,"play_id":"f7058ed7-d6f1-4c45-a558-072be292c8bc","local_time":"20201222124907","is_ascension_mode":true,"campfire_choices":[{"data":"Accuracy","floor":6.0,"key":"SMITH"},{"data":"Finisher","floor":8.0,"key":"SMITH"},{"data":"Sucker Punch","floor":15,"key":"SMITH"}],"circlet_count":0,"master_deck":["Strike_G","Strike_G","Strike_G","Defend_G","Defend_G","Defend_G","Survivor","Neutralize","Accuracy+1","Blur","Finisher+1","Sucker Punch+1","Footwork","Quick Slash","Pain","Dagger Throw"],"relics":["Ring of the Snake","Happy Flower","Orichalcum","WarpedTongs"],"acts_visited":["Exordium"],"potions_floor_usage":[12,14],"damage_taken":[{"damage":0.0,"enemies":"2 Louse","floor":1.0,"turns":3.0},{"damage":4.0,"enemies":"Small Slimes","floor":4.0,"turns":5.0},{"damage":5.0,"enemies":"Cultist","floor":5.0,"turns":6.0},{"damage":7.0,"enemies":"3 Louse","floor":7.0,"turns":3.0},{"damage":15.0,"enemies":"Exordium Wildlife","floor":10.0,"turns":6.0},{"damage":6.0,"enemies":"Gremlin Nob","floor":11.0,"turns":5.0},{"damage":5,"enemies":"Large Slime","floor":12,"turns":6},{"damage":13,"enemies":"Gremlin Gang","floor":14,"turns":6},{"damage":2,"enemies":"Slime Boss","floor":16,"turns":5}],"seed_played":"5688134287779805614","potions_obtained":[{"floor":1.0,"key":"FairyPotion"},{"floor":4.0,"key":"BlessingOfTheForge"},{"floor":10.0,"key":"Fire Potion"},{"floor":11.0,"key":"Block Potion"},{"floor":12,"key":"Energy Potion"}],"is_trial":false,"path_per_floor":["M","?","?","M","M","R","M","R","T","M","E","M","?","M","R","B"],"character_chosen":"THE_SILENT","items_purchased":[],"campfire_rested":0,"item_purchase_floors":[],"current_hp_per_floor":[63,63,56,52,47,47,40,40,40,25,19,14,14,1,1,17,17],"gold":264,"neow_bonus":"REMOVE_TWO","is_daily":false,"chose_seed":false,"campfire_upgraded":3,"win_rate":0.0,"timestamp":1608608947,"path_taken":["M","?","?","M","M","R","M","R","T","M","E","M","?","M","R","BOSS"],"items_purchased_type":[],"build_version":"2020-12-13","purchased_purges":0,"victory":false,"max_hp_per_floor":[63,63,63,63,63,63,63,63,63,63,63,63,63,63,63,63,63],"card_choices":[{"not_picked":["Quick Slash","Prepared"],"picked":"Accuracy","floor":1.0},{"not_picked":["Bane","Flechettes"],"picked":"Blur","floor":4.0},{"not_picked":["Well Laid Plans","Reflex"],"picked":"Finisher","floor":5.0},{"not_picked":["Well Laid Plans","All Out Attack"],"picked":"Sucker Punch","floor":7.0},{"not_picked":["PiercingWail","Leg Sweep"],"picked":"Footwork","floor":10.0},{"not_picked":["Catalyst","Unload","Underhanded Strike"],"picked":"SKIP","floor":11.0},{"not_picked":["Skewer","Riddle With Holes"],"picked":"Quick Slash","floor":12},{"not_picked":["Prepared","Leg Sweep"],"picked":"Dagger Throw","floor":14}],"player_experience":114469,"relics_obtained":[{"floor":9.0,"key":"Happy Flower"},{"floor":11.0,"key":"Orichalcum"}],"event_choices":[{"cards_removed":["Strike_G"],"damage_healed":0.0,"max_hp_gain":0.0,"max_hp_loss":0.0,"gold_gain":0.0,"event_name":"Living Wall","player_choice":"Forget","floor":2.0,"gold_loss":0.0,"damage_taken":0.0},{"cards_removed":["Defend_G"],"damage_healed":0.0,"max_hp_gain":0.0,"max_hp_loss":0.0,"gold_gain":0.0,"event_name":"Golden Wing","player_choice":"Card Removal","floor":3.0,"gold_loss":0.0,"damage_taken":7.0},{"damage_healed":0,"gold_gain":0,"player_choice":"Rummage","damage_taken":0,"relics_obtained":["WarpedTongs"],"max_hp_gain":0,"max_hp_loss":0,"event_name":"Accursed Blacksmith","floor":13,"gold_loss":0,"cards_obtained":["Pain"]}],"is_beta":false,"boss_relics":[],"items_purged_floors":[],"is_endless":false,"potions_floor_spawned":[1,4,10,11,12],"killed_by":"Slime Boss","ascension_level":4}}