{"host":"hjw1ay65n7jm40lc","time":1608603627,"event":{"mods":["AchievementEnabler","BaseMod","Block Reminder","Colored Map","Colored Powertips","Downfall","Googly Eyes","Highlight Path","Minty Spire (QoL Compilation)","Quick Restart","Relic Stats","StSLib"],"gold_per_floor":[349,150,164,199,124,144,144,172,172,199,199,184,56,41,51,152,152,152,180,196,196,196,196],"floor_reached":21,"playtime":4860,"items_purged":["Injury"],"score":250,"play_id":"51e64c7f-6c8f-477a-b5ee-3389322a6858","local_time":"20201221212027","is_ascension_mode":true,"campfire_choices":[{"floor":1,"key":"RECALL"},{"data":"hexamod:Float","floor":5,"key":"SMITH"},{"data":"hexamod:HeatShield","floor":9,"key":"SMITH"},{"data":"hexamod:ExtraCrispy","floor":18,"key":"SMITH"}],"circlet_count":0,"master_deck":["hexamod:Strike","hexamod:Strike","hexamod:Strike","hexamod:Defend","hexamod:Defend","hexamod:Defend","hexamod:Defend","hexamod:Sear","hexamod:Float+1","hexamod:BacktrackSmack","hexamod:DynamicBlow","hexamod:GhostOfSpirePast","hexamod:HeatShield+1","hexamod:ExtraCrispy+1","hexamod:CrushingStance","hexamod:Incineration","hexamod:ShieldOfDarkness","hexamod:HauntingEcho","hexamod:GhostOfSpirePresent+1","hexamod:SuperheatedStrike","hexamod:FourthSeal","hexamod:SixthSeal","hexamod:Again"],"relics":["hexamod:SpiritBrand","Ancient Tea Set","downfall:HeartBlessingRed","Question Card","Bronze Scales","Sozu","Dream Catcher"],"acts_visited":["Exordium","TheCity"],"potions_floor_usage":[12,16],"damage_taken":[{"damage":0,"enemies":"downfall:FleeingMerchant","floor":2,"turns":4},{"damage":0,"enemies":"Jaw Worm","floor":3,"turns":3},{"damage":13,"enemies":"Gremlin Nob","floor":4,"turns":4},{"damage":0,"enemies":"Cultist","floor":6,"turns":3},{"damage":15,"enemies":"Lagavulin","floor":8,"turns":7},{"damage":0,"enemies":"Gremlin Nob","floor":10,"turns":3},{"damage":6,"enemies":"downfall:FleeingMerchant","floor":12,"turns":4},{"damage":0,"enemies":"downfall:FleeingMerchant","floor":13,"turns":4},{"damage":25,"enemies":"downfall:FleeingMerchant","floor":14,"turns":4},{"damage":0,"enemies":"2 Louse","floor":15,"turns":2},{"damage":5,"enemies":"downfall:Watcher","floor":16,"turns":7},{"damage":38,"enemies":"Gremlin Leader","floor":19,"turns":7},{"damage":12,"enemies":"Spheric Guardian","floor":20,"turns":3},{"damage":24,"enemies":"Slavers","floor":21,"turns":2}],"seed_played":"8932626020885268442","potions_obtained":[{"floor":4,"key":"SteroidPotion"},{"floor":8,"key":"Slimebound:ThreeZeroPotion"},{"floor":10,"key":"PowerPotion"},{"floor":16,"key":"BlessingOfTheForge"}],"is_trial":false,"path_per_floor":["R","$","M","E","R","M","T","E","R","E","?","$","$","$","M","B",null,"R","E","M","E"],"character_chosen":"THE_SPIRIT","items_purchased":["hexamod:DynamicBlow","hexamod:GhostOfSpirePast","hexamod:SuperheatedStrike","hexamod:FourthSeal"],"campfire_rested":0,"item_purchase_floors":[2,2,13,13],"current_hp_per_floor":[70,70,70,57,57,57,57,42,42,42,42,36,36,11,11,6,70,70,32,20,0,0,0],"gold":196,"neow_bonus":"TWO_FIFTY_GOLD","is_daily":false,"chose_seed":false,"campfire_upgraded":3,"win_rate":0.0,"timestamp":1608603627,"path_taken":["R","$","M","E","R","M","T","E","R","E","?","?","$","$","M","BOSS","R","E","M","E"],"items_purchased_type":["Card","Card","Card","Card"],"build_version":"2020-12-13","purchased_purges":1,"victory":false,"max_hp_per_floor":[70,70,70,70,70,70,70,70,70,70,70,70,70,70,70,70,70,70,70,70,70,70,70],"relic_stats":{"Sozu":2,"Dream Catcher":0,"counters":[14,57],"Bronze Scales":[63],"Question Card":9,"obtain_stats":[{"Sozu":17,"Dream Catcher":19,"downfall:HeartBlessingRed":5,"Bronze Scales":10,"Ancient Tea Set":4,"Question Card":7,"hexamod:SpiritBrand":0},{"Sozu":11,"Dream Catcher":12,"downfall:HeartBlessingRed":3,"Bronze Scales":6,"Ancient Tea Set":3,"Question Card":4,"hexamod:SpiritBrand":0},{"Sozu":45,"Dream Catcher":52,"downfall:HeartBlessingRed":11,"Bronze Scales":24,"Ancient Tea Set":11,"Question Card":14,"hexamod:SpiritBrand":0}]},"card_choices":[{"not_picked":["hexamod:BurningTouch","hexamod:ShieldOfDarkness"],"picked":"hexamod:BacktrackSmack","floor":2},{"not_picked":["hexamod:InspiringFlames","hexamod:Again"],"picked":"hexamod:HeatShield","floor":3},{"not_picked":["hexamod:PhantomCloak","hexamod:BurningTouch"],"picked":"hexamod:ExtraCrispy","floor":4},{"not_picked":["hexamod:InspiringFlames","hexamod:SwordOfDarkness","hexamod:BacktrackSmack"],"picked":"SKIP","floor":6},{"not_picked":["hexamod:SpectersWail","hexamod:GhostShield","hexamod:SpectralSpark"],"picked":"hexamod:CrushingStance","floor":8},{"not_picked":["hexamod:InspiringFlames","hexamod:NecessarySacrifice","hexamod:BurningTouch"],"picked":"hexamod:Incineration","floor":10},{"not_picked":["hexamod:WildfireWeapon","hexamod:SwordOfDarkness","hexamod:GhostShield"],"picked":"hexamod:HauntingEcho","floor":12},{"not_picked":["hexamod:Again","hexamod:CrushingStance","hexamod:PhantomCloak"],"picked":"hexamod:GhostOfSpirePresent","floor":13},{"not_picked":["hexamod:GhostShield","hexamod:FastForward","hexamod:Incineration","hexamod:AdvancingGuard"],"picked":"SKIP","floor":14},{"not_picked":["hexamod:Rewind","hexamod:SuperheatedStrike","hexamod:AdvancingGuard","hexamod:BurningTouch"],"picked":"SKIP","floor":15},{"not_picked":["hexamod:FifthSeal","hexamod:UnleashSpirits","hexamod:ParanormalForm"],"picked":"hexamod:SixthSeal","floor":16},{"not_picked":["hexamod:HauntingEcho","hexamod:GhostLash+1","hexamod:FastForward"],"picked":"hexamod:Again","floor":19},{"not_picked":["hexamod:GhostLash+1","hexamod:ExtraCrispy","hexamod:RadiantFlame+1","hexamod:GhostShield"],"picked":"SKIP","floor":20}],"player_experience":472151,"relics_obtained":[{"floor":4,"key":"Ancient Tea Set"},{"floor":7,"key":"Question Card"},{"floor":10,"key":"Bronze Scales"},{"floor":19,"key":"Dream Catcher"}],"event_choices":[{"damage_healed":0,"gold_gain":0,"cards_transformed":["hexamod:Strike"],"player_choice":"Transformed","damage_taken":0,"max_hp_gain":0,"max_hp_loss":0,"event_name":"Transmorgrifier","floor":11,"gold_loss":0,"cards_obtained":["hexamod:ShieldOfDarkness"]}],"is_beta":false,"boss_relics":[{"not_picked":["Black Star","Ectoplasm"],"picked":"Sozu"}],"items_purged_floors":[2],"is_endless":false,"potions_floor_spawned":[4,8,10,16],"killed_by":"Slavers","ascension_level":1}}