{"host":"usewcu4ohw2wtmxk","time":1608624172,"event":{"mods":["BaseMod","Minty Spire (QoL Compilation)","Permanent Neow","Quick Restart","Relic Stats","UnlockEverythingMod"],"gold_per_floor":[112,125,49,69,69,69,82,82,82,96,96,128,203,233,233,308,308,324,342,342,355,355,355,373,373,373],"floor_reached":25,"playtime":685,"items_purged":[],"score":426,"play_id":"85b7af6e-f63c-4de0-b755-19084be3f9f1","local_time":"20201222160252","is_ascension_mode":true,"campfire_choices":[{"data":"Sunder","floor":6.0,"key":"SMITH"},{"data":"Defragment","floor":8.0,"key":"SMITH"},{"floor":11.0,"key":"REST"},{"data":"Dualcast","floor":15.0,"key":"SMITH"},{"data":"Buffer","floor":23.0,"key":"SMITH"}],"circlet_count":0,"master_deck":["AscendersBane","Strike_B","Strike_B","Strike_B","Strike_B","Defend_B","Defend_B","Defend_B","Defend_B","Zap","Dualcast+1","Sunder+1","Defragment+1","Cold Snap","Turbo","White Noise","Undo","Buffer+1","Ghostly","Ghostly","Ghostly","Decay"],"relics":["Cracked Core","FossilizedHelix","Matryoshka","Mummified Hand","Kunai","Vajra","Coffee Dripper"],"acts_visited":["Exordium","TheCity"],"potions_floor_usage":[25],"damage_taken":[{"damage":0.0,"enemies":"Cultist","floor":1.0,"turns":3.0},{"damage":0.0,"enemies":"Jaw Worm","floor":2.0,"turns":4.0},{"damage":9.0,"enemies":"2 Louse","floor":4.0,"turns":3.0},{"damage":0.0,"enemies":"2 Fungi Beasts","floor":7.0,"turns":3.0},{"damage":11.0,"enemies":"Exordium Thugs","floor":10.0,"turns":3.0},{"damage":7.0,"enemies":"3 Sentries","floor":12.0,"turns":7.0},{"damage":6.0,"enemies":"Lagavulin","floor":14.0,"turns":7.0},{"damage":5.0,"enemies":"The Guardian","floor":16.0,"turns":9.0},{"damage":13.0,"enemies":"Shell Parasite","floor":18.0,"turns":6.0},{"damage":0.0,"enemies":"Spheric Guardian","floor":19.0,"turns":4.0},{"damage":0.0,"enemies":"Snake Plant","floor":21.0,"turns":6.0},{"damage":3.0,"enemies":"Snecko","floor":24.0,"turns":6.0},{"damage":0,"enemies":"Gremlin Leader","floor":25,"turns":8}],"seed_played":"7391155757483049317","potions_obtained":[{"floor":1.0,"key":"Weak Potion"},{"floor":7.0,"key":"Fruit Juice"},{"floor":10.0,"key":"Swift Potion"},{"floor":16.0,"key":"DuplicationPotion"},{"floor":21.0,"key":"Weak Potion"}],"is_trial":false,"path_per_floor":["M","M","$","M","?","R","M","R","T","M","R","E","?","E","R","B",null,"M","M","?","M","?","R","M","E"],"character_chosen":"DEFECT","items_purchased":["Defragment"],"campfire_rested":1,"item_purchase_floors":[3],"current_hp_per_floor":[46,46,46,37,19,19,19,19,19,13,35,28,17,11,11,6,59,46,46,38,38,38,38,35,35,35],"gold":373,"neow_bonus":"ONE_RARE_RELIC","is_daily":false,"chose_seed":false,"campfire_upgraded":4,"win_rate":0.0,"timestamp":1608624172,"path_taken":["M","M","$","M","?","R","M","R","T","M","R","E","?","E","R","BOSS","M","M","?","M","?","R","M","E"],"items_purchased_type":["Card"],"build_version":"2020-12-13","purchased_purges":0,"victory":false,"max_hp_per_floor":[71,71,71,71,71,71,71,71,71,76,76,76,76,76,76,76,76,76,76,38,38,38,38,38,38,38],"relic_stats":{"counters":[13,69],"Mummified Hand":[46],"Kunai":[6],"obtain_stats":[{"Matryoshka":5,"Mummified Hand":9,"Vajra":14,"Coffee Dripper":17,"Kunai":12,"Cracked Core":0,"FossilizedHelix":0},{"Matryoshka":3,"Mummified Hand":4,"Vajra":7,"Coffee Dripper":8,"Kunai":6,"Cracked Core":0,"FossilizedHelix":0},{"Matryoshka":10,"Mummified Hand":13,"Vajra":30,"Coffee Dripper":39,"Kunai":23,"Cracked Core":0,"FossilizedHelix":0}]},"card_choices":[{"not_picked":["Reinforced Body","Redo","Double Energy"],"picked":"SKIP","floor":1.0},{"not_picked":["Stack","Steam Power"],"picked":"Sunder","floor":2.0},{"not_picked":["Gash","Leap"],"picked":"Cold Snap","floor":4.0},{"not_picked":["Go for the Eyes","Streamline"],"picked":"Turbo","floor":7.0},{"not_picked":["Redo","Barrage","Consume"],"picked":"SKIP","floor":10.0},{"not_picked":["Turbo","Stack"],"picked":"White Noise","floor":12.0},{"not_picked":["Barrage","Go for the Eyes"],"picked":"Undo","floor":14.0},{"not_picked":["Creative AI","Amplify"],"picked":"Buffer","floor":16.0},{"not_picked":["Aggregate","Cold Snap","Beam Cell"],"picked":"SKIP","floor":18.0},{"not_picked":["Hologram","Redo","Steam"],"picked":"SKIP","floor":19.0},{"not_picked":["Beam Cell","Steam","Force Field"],"picked":"SKIP","floor":21.0},{"not_picked":["Leap","FTL","Darkness"],"picked":"SKIP","floor":24.0}],"player_experience":219064,"relics_obtained":[{"floor":9.0,"key":"Mummified Hand"},{"floor":12.0,"key":"Kunai"},{"floor":14.0,"key":"Vajra"}],"event_choices":[{"damage_healed":0.0,"max_hp_gain":0.0,"max_hp_loss":0.0,"gold_gain":0.0,"event_name":"Scrap Ooze","player_choice":"Success","floor":5.0,"gold_loss":0.0,"damage_taken":18.0,"relics_obtained":["Matryoshka"]},{"damage_healed":0.0,"max_hp_gain":0.0,"max_hp_loss":0.0,"gold_gain":75.0,"event_name":"World of Goop","player_choice":"Gather Gold","floor":13.0,"gold_loss":0.0,"damage_taken":11.0},{"damage_healed":0.0,"max_hp_gain":0.0,"max_hp_loss":38.0,"gold_gain":0.0,"event_name":"Ghosts","player_choice":"Became a Ghost","floor":20.0,"gold_loss":0.0,"damage_taken":0.0,"cards_obtained":["Ghostly","Ghostly","Ghostly"]},{"damage_healed":0.0,"max_hp_gain":0.0,"max_hp_loss":0.0,"gold_gain":0.0,"event_name":"Wheel of Change","player_choice":"Cursed","floor":22.0,"gold_loss":0.0,"damage_taken":0.0,"cards_obtained":["Decay"]}],"is_beta":false,"boss_relics":[{"not_picked":["Black Star","Sozu"],"picked":"Coffee Dripper"}],"items_purged_floors":[],"is_endless":false,"potions_floor_spawned":[1,7,10,16,21],"killed_by":"Gremlin Leader","ascension_level":20}}