{"host":"Ian","time":1608651453,"event":{"mods":["BaseMod","Bestiary","Block Reminder","Colored Map","Highlight Path","Key Reminder","Minty Spire (QoL Compilation)","Relic Stats"],"gold_per_floor":[109,109,126,138,63,63,95,106,106,6,36,36,50,60,60,138,138,149,161,180,7,7,36,55,390,415,415,465,515,547,561,561,639,639,656,656,320,338,354,381,399,424,424,424,424],"floor_reached":44,"playtime":2587,"items_purged":["Strike_R","Strike_R","Strike_R"],"score":1155,"play_id":"a2d8231f-35f7-4b6e-8531-ff6696978827","local_time":"20201222153733","is_ascension_mode":true,"campfire_choices":[{"data":"Bash","floor":6.0,"key":"SMITH"},{"data":"Armaments","floor":12.0,"key":"SMITH"},{"data":"Offering","floor":15.0,"key":"SMITH"},{"floor":27.0,"key":"REST"},{"floor":32.0,"key":"REST"}],"circlet_count":0,"master_deck":["AscendersBane","Defend_R","Defend_R","Defend_R","Defend_R","Bash+1","Sword Boomerang","Armaments+1","Headbutt","Inflame","Offering+1","Inflame","Feed","Shrug It Off","Cleave","Cleave","Reaper","Flame Barrier","Clothesline","Disarm+1","Limit Break","Pommel Strike","Panacea","Flame Barrier","Pommel Strike+1","Shockwave+1","True Grit"],"relics":["Burning Blood","Torii","Bag of Preparation","Singing Bowl","StoneCalendar","Sozu","Oddly Smooth Stone","Matryoshka","Old Coin","Nunchaku","Art of War","Dream Catcher","Runic Pyramid","Bottled Tornado","Anchor","keyreminder:keyreminder","Boot"],"acts_visited":["Exordium","TheCity","TheBeyond"],"potions_floor_usage":[],"damage_taken":[{"damage":1.0,"enemies":"2 Louse","floor":1.0,"turns":3.0},{"damage":2.0,"enemies":"Cultist","floor":3.0,"turns":4.0},{"damage":1.0,"enemies":"Jaw Worm","floor":4.0,"turns":4.0},{"damage":27.0,"enemies":"Lagavulin","floor":7.0,"turns":8.0},{"damage":4.0,"enemies":"Blue Slaver","floor":8.0,"turns":5.0},{"damage":15.0,"enemies":"3 Sentries","floor":11.0,"turns":9.0},{"damage":8.0,"enemies":"Red Slaver","floor":13.0,"turns":3.0},{"damage":1.0,"enemies":"Large Slime","floor":14.0,"turns":5.0},{"damage":7.0,"enemies":"The Guardian","floor":16.0,"turns":7.0},{"damage":7.0,"enemies":"Chosen","floor":18.0,"turns":3.0},{"damage":8.0,"enemies":"3 Byrds","floor":19.0,"turns":6.0},{"damage":8.0,"enemies":"Centurion and Healer","floor":20.0,"turns":4.0},{"damage":41.0,"enemies":"Slavers","floor":23.0,"turns":5.0},{"damage":7.0,"enemies":"3 Cultists","floor":24.0,"turns":3.0},{"damage":44.0,"enemies":"Book of Stabbing","floor":25.0,"turns":5.0},{"damage":23.0,"enemies":"Gremlin Leader","floor":30.0,"turns":7.0},{"damage":24.0,"enemies":"Chosen and Byrds","floor":31.0,"turns":4.0},{"damage":89.0,"enemies":"Collector","floor":33.0,"turns":13.0},{"damage":8.0,"enemies":"Orb Walker","floor":35.0,"turns":4.0},{"damage":11.0,"enemies":"3 Shapes","floor":38.0,"turns":4.0},{"damage":20.0,"enemies":"Jaw Worm Horde","floor":39.0,"turns":3.0},{"damage":8.0,"enemies":"Nemesis","floor":40.0,"turns":5.0},{"damage":7.0,"enemies":"3 Darklings","floor":41.0,"turns":4.0},{"damage":100.0,"enemies":"Giant Head","floor":42.0,"turns":10.0},{"damage":47,"enemies":"Reptomancer","floor":44,"turns":3}],"seed_played":"-901840291177602388","potions_obtained":[{"floor":3.0,"key":"Fire Potion"},{"floor":8.0,"key":"Fire Potion"},{"floor":11.0,"key":"GamblersBrew"},{"floor":13.0,"key":"Fruit Juice"}],"is_trial":false,"path_per_floor":["M","?","M","M","$","R","E","M","T","$","E","R","M","M","R","B",null,"M","M","M","$","$","E","M","E","T","R","?","?","E","M","R","B",null,"M","?","$","M","M","E","M","E","T","E"],"character_chosen":"IRONCLAD","items_purchased":["Oddly Smooth Stone","Pommel Strike","Panacea","Flame Barrier"],"campfire_rested":2,"item_purchase_floors":[21,37,37,37],"current_hp_per_floor":[55,55,59,64,64,64,43,45,45,45,36,36,36,41,41,40,68,67,69,71,71,71,42,41,21,21,49,49,49,64,64,95,40,93,96,96,96,118,118,119,126,38,38,0,0],"gold":424,"neow_bonus":"ONE_RARE_RELIC","is_daily":false,"chose_seed":false,"campfire_upgraded":3,"win_rate":0.0,"timestamp":1608651453,"path_taken":["M","?","M","M","$","R","E","M","T","$","E","R","M","M","R","BOSS","M","M","M","?","$","E","M","E","T","R","?","?","E","?","R","BOSS","M","?","$","M","?","E","M","E","T","E"],"items_purchased_type":["Relic","Card","Card","Card"],"build_version":"2020-12-18","purchased_purges":3,"victory":false,"max_hp_per_floor":[75,75,75,75,75,75,75,75,75,75,75,75,77,77,77,77,77,77,81,85,85,85,91,91,96,96,96,96,96,100,106,106,110,110,115,115,115,118,118,121,126,132,132,132,132],"relic_stats":{"Sozu":6,"Nunchaku":[10],"Dream Catcher":1,"Torii":73,"Singing Bowl":12,"counters":[25,131],"StoneCalendar":[133],"Bag of Preparation":[42],"Art of War":[8],"Boot":[0],"obtain_stats":[{"Torii":0,"Singing Bowl":9,"Oddly Smooth Stone":21,"StoneCalendar":11,"Bag of Preparation":7,"Bottled Tornado":40,"Boot":43,"Burning Blood":0,"Old Coin":25,"Sozu":17,"keyreminder:keyreminder":43,"Nunchaku":26,"Dream Catcher":30,"Anchor":42,"Matryoshka":23,"Art of War":26,"Runic Pyramid":34},{"Torii":0,"Singing Bowl":5,"Oddly Smooth Stone":12,"StoneCalendar":6,"Bag of Preparation":4,"Bottled Tornado":22,"Boot":24,"Burning Blood":0,"Old Coin":15,"Sozu":9,"keyreminder:keyreminder":24,"Nunchaku":15,"Dream Catcher":16,"Anchor":24,"Matryoshka":13,"Art of War":15,"Runic Pyramid":18},{"Torii":0,"Singing Bowl":24,"Oddly Smooth Stone":61,"StoneCalendar":33,"Bag of Preparation":19,"Bottled Tornado":114,"Boot":128,"Burning Blood":0,"Old Coin":74,"Sozu":48,"keyreminder:keyreminder":128,"Nunchaku":74,"Dream Catcher":81,"Anchor":128,"Matryoshka":66,"Art of War":74,"Runic Pyramid":98}],"Burning Blood":131},"card_choices":[{"not_picked":["True Grit","Body Slam"],"picked":"Sword Boomerang","floor":1.0},{"not_picked":["Headbutt","Body Slam"],"picked":"Armaments","floor":3.0},{"not_picked":["Perfected Strike","Flex"],"picked":"Headbutt","floor":4.0},{"not_picked":["Pummel","Battle Trance"],"picked":"Inflame","floor":7.0},{"not_picked":["Thunderclap","Sentinel","Dropkick"],"picked":"SKIP","floor":8.0},{"not_picked":["Thunderclap","Iron Wave"],"picked":"Offering","floor":11.0},{"not_picked":["Headbutt","Iron Wave","Warcry"],"picked":"Singing Bowl","floor":13.0},{"not_picked":["Sword Boomerang","Headbutt"],"picked":"Inflame","floor":14.0},{"not_picked":["Demon Form","Corruption"],"picked":"Feed","floor":16.0},{"not_picked":["Headbutt","Twin Strike"],"picked":"Shrug It Off","floor":18.0},{"not_picked":["Headbutt","Bloodletting"],"picked":"Cleave","floor":19.0},{"not_picked":["Shrug It Off","Twin Strike"],"picked":"Cleave","floor":20.0},{"not_picked":["Anger","Hemokinesis","Headbutt"],"picked":"Singing Bowl","floor":23.0},{"not_picked":["Perfected Strike+1","Searing Blow"],"picked":"Reaper","floor":24.0},{"not_picked":["Body Slam","Armaments"],"picked":"Flame Barrier","floor":25.0},{"not_picked":["Headbutt","Carnage"],"picked":"Clothesline","floor":30.0},{"not_picked":["Flex","Rupture","Hemokinesis"],"picked":"Singing Bowl","floor":31.0},{"not_picked":["Bludgeon","Twin Strike"],"picked":"Disarm+1","floor":32.0},{"not_picked":["Reaper","Demon Form"],"picked":"Limit Break","floor":33.0},{"not_picked":["Anger","Iron Wave+1","Pommel Strike"],"picked":"Singing Bowl","floor":35.0},{"not_picked":["Heavy Blade","Cleave"],"picked":"Pommel Strike+1","floor":38.0},{"not_picked":["Clothesline","True Grit"],"picked":"Shockwave+1","floor":39.0},{"not_picked":["Inflame","Cleave"],"picked":"True Grit","floor":40.0},{"not_picked":["Uppercut","Cleave+1","Headbutt"],"picked":"Singing Bowl","floor":41.0},{"not_picked":["Sentinel","Heavy Blade+1","Offering"],"picked":"Singing Bowl","floor":42.0}],"player_experience":2586421,"relics_obtained":[{"floor":7.0,"key":"Bag of Preparation"},{"floor":9.0,"key":"Singing Bowl"},{"floor":11.0,"key":"StoneCalendar"},{"floor":23.0,"key":"Matryoshka"},{"floor":25.0,"key":"Old Coin"},{"floor":26.0,"key":"Nunchaku"},{"floor":26.0,"key":"Art of War"},{"floor":30.0,"key":"Dream Catcher"},{"floor":40.0,"key":"Bottled Tornado"},{"floor":42.0,"key":"Anchor"},{"floor":43.0,"key":"Boot"}],"event_choices":[{"cards_removed":["Strike_R"],"damage_healed":0.0,"max_hp_gain":0.0,"max_hp_loss":0.0,"gold_gain":0.0,"event_name":"Bonfire Elementals","player_choice":"Offered Basic","floor":2.0,"gold_loss":0.0,"damage_taken":0.0},{"damage_healed":0.0,"max_hp_gain":0.0,"max_hp_loss":0.0,"gold_gain":50.0,"event_name":"Nest","player_choice":"Stole From Cult","floor":28.0,"gold_loss":0.0,"damage_taken":0.0},{"damage_healed":0.0,"max_hp_gain":0.0,"max_hp_loss":0.0,"gold_gain":100.0,"event_name":"The Joust","player_choice":"Bet on Murderer","floor":29.0,"gold_loss":50.0,"damage_taken":0.0},{"cards_removed":["Strike_R"],"damage_healed":0.0,"max_hp_gain":0.0,"max_hp_loss":0.0,"gold_gain":0.0,"event_name":"Purifier","player_choice":"Purged","floor":36.0,"gold_loss":0.0,"damage_taken":0.0}],"is_beta":true,"boss_relics":[{"not_picked":["Runic Cube","Mark of Pain"],"picked":"Sozu"},{"not_picked":["Pandora\u0027s Box","Astrolabe"],"picked":"Runic Pyramid"}],"items_purged_floors":[5,10,37],"is_endless":false,"potions_floor_spawned":[3,8,11,13,19,23,25,30,38,42],"killed_by":"Reptomancer","ascension_level":20}}