{"host":"m9b9nkcj1hzhp9h6","time":1608596247,"event":{"mods":["AchievementEnabler","Act Like it!","AlwaysNeverKeys","Aspiration","BaseMod","Better Altar","Better Match","Better Note","Better Sensory Stone","Better Silent Start","Better Skull","Better Third Choice","Better Vampires","BetterRewards","Booster Modes","Colored Map","Colored Powertips","Colorless Booster Pack","Conspire","Custom Start","Defective Defect","Dio Mod","Displayed Cursed Tome","Dota2Spire","Downfall","Elementarium","Emptier Cage","Energized Spire","Friendly Minions","Gensokyo","GifTheSpireLib","Halation","HexUI Lib","Hubris","Infinite Spire","Ironclad Rager","Jedi Mod","Mari Mod (Legacy)","Mari\u0027s V1 Patch","Marked Mod","Menagerie","Mimic Mod","Minty Spire (QoL Compilation)","Pale of the Ancients","Permanent Neow","Prisma Mod","RRrroohrrRGHHhhh!!","Random Character Button","Random Character Mod","Relic Sorter","Relic Stats","Remilia??????","Replay The Spire","Reworked Bosses","Robot Space Explorer","RumiaBox-????????","SCP261 Mod","SacredBarkPlus","Small Relic Pack","Spikes Relics","StSLib","Stuff the Spire","The Animator","The Blue Laboratory","The Factory","The IronCluck","The Jungle","Trackpad","Transform Curses","Useless Jewels Mod","Virulent Crown","Waifu the Spire","Wandering Minibosses","Yohane!","Yuri Mod","egg","slay the spire mod where everything is the same but ironclad has a cowboy hat","thorton","vexMod"],"gold_per_floor":[112,112,127,5,42,75,75,121,144,144,174,193,217,247,247,360,360,388,61,87,87,121,147,167,167,193,193,193,288,368,368,368,475,475,663,693,748,473,562,562,80,139,139,257,295,358,358,434,434,474,474,474,617,667,722,804,977,389,464,544,544,7,102,176,176,176,291,291,291,291],"floor_reached":69,"playtime":3884,"items_purged":["Yohane:Defend_Grey","Yohane:Little_Demon_Lily","Yohane:Well_Laid_Ambush","Yohane:Defend_Grey","Yohane:Strike_Grey","Yohane:Strike_Grey","Yohane:Defend_Grey","Yohane:Defend_Grey","Yohane:Little_Demon_Ruby+1","Yohane:Little_Demon_Ruby","CBP: UltraDivineWater+1"],"score":1417,"play_id":"f3947772-da5c-4507-969c-cafa5e063faf","local_time":"20201222021727","is_ascension_mode":true,"campfire_choices":[{"data":"Yohane:Little_Demon_Ruby","floor":7,"key":"SMITH"},{"data":"Yohane:Introspection","floor":15,"key":"SMITH"},{"data":"Barricade","floor":27,"key":"SMITH"},{"data":"Yohane:Little_Demon_Ruby","floor":32,"key":"SMITH"},{"data":"Yohane:Little_Demon_Mari","floor":40,"key":"SMITH"},{"floor":47,"key":"RECALL"},{"data":"CBP: UltraDivineWater","floor":49,"key":"SMITH"},{"floor":52,"key":"REST"},{"floor":66,"key":"REST"},{"floor":68,"key":"REST"}],"circlet_count":0,"master_deck":["Yohane:Little_Demon_Ruby+1","Yohane:Introspection+1","Yohane:Unstable_World+1","Yohane:Little_Demon_Mari+1","Barricade+1","Yohane:Hakodate+1","Yohane:Mijuku_Dreamer+1","Yohane:Mijuku_Dreamer+1","Yohane:Go_All_Out+1","Yohane:Grace_Under_Fire+1","Yohane:Little_Demon_Mari+1"],"relics":["animator:TheEgnaroPiece","animator:AncientMedallion"],"acts_visited":["Exordium","TheCity","TheBeyond","TheEnding","EYB:TheUnnamedReign"],"potions_floor_usage":[16,33,50,60,60,63,69,69,69],"damage_taken":[{"damage":1,"enemies":"Cultist","floor":1,"turns":3},{"damage":0,"enemies":"Small Slimes","floor":3,"turns":2},{"damage":1,"enemies":"conspire:MimicChest","floor":5,"turns":6},{"damage":10,"enemies":"Lagavulin","floor":6,"turns":7},{"damage":3,"enemies":"Gremlin Nob","floor":8,"turns":4},{"damage":0,"enemies":"2 Louse","floor":11,"turns":3},{"damage":7,"enemies":"Gremlin Gang","floor":12,"turns":4},{"damage":8,"enemies":"3 Louse","floor":13,"turns":3},{"damage":0,"enemies":"Red Slaver","floor":14,"turns":4},{"damage":14,"enemies":"Hexaghost","floor":16,"turns":14},{"damage":4,"enemies":"Spheric Guardian","floor":18,"turns":8},{"damage":10,"enemies":"3 Byrds","floor":20,"turns":7},{"damage":0,"enemies":"Snecko","floor":22,"turns":7},{"damage":13,"enemies":"Slavers","floor":23,"turns":9},{"damage":6,"enemies":"Snecko","floor":24,"turns":5},{"damage":0,"enemies":"Replay:Snechameleon","floor":29,"turns":6},{"damage":7,"enemies":"Centurion and Healer","floor":30,"turns":5},{"damage":0,"enemies":"bossMod:newChamp","floor":33,"turns":9},{"damage":7,"enemies":"3 Darklings","floor":35,"turns":5},{"damage":1,"enemies":"Orb Walker","floor":36,"turns":4},{"damage":0,"enemies":"Sphere and 2 Shapes","floor":37,"turns":6},{"damage":7,"enemies":"Sphere and 2 Shapes","floor":39,"turns":1},{"damage":18,"enemies":"Nightmare","floor":42,"turns":9},{"damage":7,"enemies":"R_Hoarder","floor":44,"turns":5},{"damage":3,"enemies":"4 Shapes","floor":45,"turns":4},{"damage":0,"enemies":"Giant Head","floor":46,"turns":3},{"damage":1,"enemies":"3 Darklings","floor":48,"turns":2},{"damage":0,"enemies":"hubris:GrandSnecko","floor":50,"turns":4},{"damage":0,"enemies":"animator:UNNAMED_HAT","floor":54,"turns":4},{"damage":0,"enemies":"animator:UNNAMED_CULTIST_1","floor":55,"turns":4},{"damage":7,"enemies":"animator:LARGE_WISP","floor":59,"turns":4},{"damage":8,"enemies":"animator:UNNAMED_CULTIST_2","floor":60,"turns":3},{"damage":9,"enemies":"animator:ULTIMATE_WISP","floor":63,"turns":5},{"damage":0,"enemies":"animator:ULTIMATE_CRYSTAL","floor":67,"turns":7},{"damage":223,"enemies":"animator:TheUnnamed","floor":69,"turns":12}],"seed_played":"-421881515304135155","potions_obtained":[{"floor":5,"key":"blueLaboratory:BottleOfRum"},{"floor":11,"key":"blueLaboratory:BottleOfRum"},{"floor":13,"key":"Dota2Spire:Clarity"},{"floor":14,"key":"DistilledChaos"},{"floor":20,"key":"blueLaboratory:FruitPunch"},{"floor":29,"key":"FairyPotion"},{"floor":36,"key":"champ:CounterPotion"},{"floor":45,"key":"Flashbang"},{"floor":54,"key":"animator:FalseLifePotion"},{"floor":55,"key":"animator:FalseLifePotion"},{"floor":59,"key":"animator:FalseLifePotion"},{"floor":60,"key":"animator:FalseLifePotion"},{"floor":63,"key":"animator:FalseLifePotion"},{"floor":67,"key":"animator:FalseLifePotion"}],"is_trial":false,"path_per_floor":["M","?","M","$","?","E","R","E","T","?","M","M","M","M","R","B",null,"M","$","M","?","MIM","E","M","?","T","R","AVR","E","M","$","R","B",null,"M","M","MIM","$","M","R","$","NM","T","E","M","E","R","M","R","B",null,"R","??","M","M","T","?","$","M","M","?","$","E","T","?","R","E","R","B"],"character_chosen":"FallenAngel","items_purchased":["Yohane:Little_Demon_Ruby","Yohane:Little_Demon_Mari","StuffTheSpire:BottledEssence","hubris:FruitBowl","Whetstone","CBP: UltraDivineWater","vexMod:Spyglass","Yohane:Go_All_Out","animator:AncientMedallion","Yohane:Grace_Under_Fire","animator:AncientMedallion"],"campfire_rested":3,"item_purchase_floors":[4,19,19,31,38,41,41,58,58,62,62],"current_hp_per_floor":[41,41,41,41,42,34,34,31,31,31,36,34,31,36,36,25,72,70,70,63,63,66,58,57,57,57,57,57,62,60,9,9,18,88,87,89,95,95,93,93,93,84,84,90,93,106,106,111,111,114,122,122,89,89,89,89,89,89,87,81,89,89,80,80,80,89,89,89,0,0],"gold":291,"neow_bonus":"ONE_RARE_RELIC","is_daily":false,"chose_seed":false,"campfire_upgraded":6,"win_rate":0.0,"timestamp":1608596247,"path_taken":["M","?","M","$","?","E","R","E","T","?","M","?","M","M","R","BOSS","M","$","M","?","?","E","?","?","T","R","AVR","E","M","?","R","BOSS","M","M","?","$","M","R","$","NM","T","E","M","E","R","M","R","BOSS","R","??","M","M","T","?","$","M","M","?","$","E","T","?","R","E","R","BOSS"],"items_purchased_type":["Card","Card","Relic","Relic","Relic","Card","Relic","Card","Relic","Card","Relic"],"build_version":"2020-12-13","purchased_purges":11,"victory":false,"max_hp_per_floor":[60,60,60,60,62,64,64,64,64,64,66,68,70,72,72,72,72,74,74,74,74,74,76,78,78,78,78,78,80,82,82,82,88,88,94,94,97,97,100,100,100,106,106,106,109,119,119,122,122,122,122,122,89,89,89,89,89,89,89,89,89,89,89,89,89,89,89,89,89,89],"relic_stats":{"counters":[35,188],"obtain_stats":[{"halation:BlackBeret":37,"hubris:Metronome":44,"Singing Bowl":5,"rorgmod:Black Star":34,"StuffTheSpire:BottledEssence":19,"trackpad:ByrdBGone":42,"Yohane:AngelWings":0,"Whetstone":38,"Replay:Mystery Machine":23,"vexMod:Spyglass":41,"MagicDraw1":43,"Replay:Bandana":6,"trackpad:RapidFire":22,"animator:AncientMedallion":53,"aspiration:AnachronicSnailShell":0,"Replay:Bronze Core":17,"trackpad:AdjectivePendant":9,"hubris:FruitBowl":31,"hubris:MedicalManual":29,"infinitespire:FocusingShard":44,"jedi:HeartOfTheCards":42,"CaptainsWheel":28,"animator:TheEgnaroPiece":53,"wanderingMiniBosses:Blackblade":35,"Durian":46,"halation:TwoAmDonut":8,"CrustySpines":46},{"halation:BlackBeret":21,"hubris:Metronome":24,"Singing Bowl":3,"rorgmod:Black Star":18,"StuffTheSpire:BottledEssence":11,"trackpad:ByrdBGone":23,"Yohane:AngelWings":0,"Whetstone":21,"Replay:Mystery Machine":14,"vexMod:Spyglass":22,"MagicDraw1":23,"Replay:Bandana":4,"trackpad:RapidFire":13,"animator:AncientMedallion":28,"aspiration:AnachronicSnailShell":0,"Replay:Bronze Core":10,"trackpad:AdjectivePendant":5,"hubris:FruitBowl":17,"hubris:MedicalManual":16,"infinitespire:FocusingShard":24,"jedi:HeartOfTheCards":23,"CaptainsWheel":15,"animator:TheEgnaroPiece":28,"wanderingMiniBosses:Blackblade":19,"Durian":26,"halation:TwoAmDonut":5,"CrustySpines":26},{"halation:BlackBeret":121,"hubris:Metronome":136,"Singing Bowl":11,"rorgmod:Black Star":106,"StuffTheSpire:BottledEssence":58,"trackpad:ByrdBGone":131,"Yohane:AngelWings":0,"Whetstone":121,"Replay:Mystery Machine":81,"vexMod:Spyglass":122,"MagicDraw1":131,"Replay:Bandana":18,"trackpad:RapidFire":72,"animator:AncientMedallion":149,"aspiration:AnachronicSnailShell":0,"Replay:Bronze Core":50,"trackpad:AdjectivePendant":22,"hubris:FruitBowl":97,"hubris:MedicalManual":92,"infinitespire:FocusingShard":136,"jedi:HeartOfTheCards":131,"CaptainsWheel":86,"animator:TheEgnaroPiece":149,"wanderingMiniBosses:Blackblade":111,"Durian":143,"halation:TwoAmDonut":22,"CrustySpines":143}]},"card_choices":[{"not_picked":["Yohane:Kowareyasuki","Yohane:Misfortune","Yohane:Wrath"],"picked":"SKIP","floor":1},{"not_picked":["Yohane:Dark_Shield","Yohane:My_Mai_Tonight","Yohane:Backfoot"],"picked":"SKIP","floor":3},{"not_picked":["Yohane:Misfortune","Yohane:Schwarz_Sechs","Yohane:Ice_Cream_Assault"],"picked":"Singing Bowl","floor":5},{"not_picked":["Yohane:Energy_Change","Yohane:Dark_Shield","Yohane:Dark_Rest"],"picked":"Singing Bowl","floor":6},{"not_picked":["Yohane:Hakodate","Yohane:Energy_Change"],"picked":"Yohane:Little_Demon_Ruby","floor":8},{"not_picked":["Yohane:Energy_Change","Yohane:Debut","Yohane:Dark_Shield"],"picked":"Singing Bowl","floor":11},{"not_picked":["Yohane:Curse_The_Heavens","Yohane:Dark_Rest","Yohane:Impressive_Display"],"picked":"Singing Bowl","floor":12},{"not_picked":["Yohane:Debut","Yohane:Guilty_Kiss","Yohane:Gluttony"],"picked":"Singing Bowl","floor":13},{"not_picked":["Yohane:Miracle_Wave","Yohane:Dark_Shield","Yohane:Lailapse"],"picked":"Singing Bowl","floor":14},{"not_picked":["Yohane:Shadow_Gate","Yohane:Energetic_Performance"],"picked":"Yohane:Unstable_World","floor":16},{"not_picked":["Yohane:Lailapse","Yohane:Misfortune","Yohane:Reckless_Greed"],"picked":"Singing Bowl","floor":18},{"not_picked":["Yohane:Ice_Cream_Assault","Yohane:Kowareyasuki+1"],"picked":"Yohane:Little_Demon_Ruby+1","floor":20},{"not_picked":["Yohane:Miracle_Wave+1","Yohane:Excitement+1"],"picked":"Yohane:Hakodate","floor":22},{"not_picked":["Yohane:Retaliation","Yohane:Soul_Peek","Yohane:Strawberry_Trapper"],"picked":"Singing Bowl","floor":23},{"not_picked":["Yohane:Grace_Under_Fire","Yohane:Miracle_Wave","Yohane:Inspiration+1"],"picked":"Singing Bowl","floor":24},{"not_picked":["Yohane:Gluttony","Yohane:Reckless_Greed","Yohane:Allure_of_Darkness"],"picked":"Singing Bowl","floor":29},{"not_picked":["Yohane:Excitement","Yohane:Dark_Rest","Yohane:Miracle_Wave"],"picked":"Singing Bowl","floor":30},{"not_picked":["Yohane:Unstable_World","Yohane:City_Of_Sin","Yohane:Imagine_Breaker"],"picked":"Singing Bowl","floor":33},{"not_picked":["wanderingMiniBosses:FinaleOfPromise"],"picked":"Singing Bowl","floor":35},{"not_picked":["Yohane:Ice_Cream_Assault+1","Yohane:Backfoot+1","Yohane:Dark_Shield"],"picked":"Singing Bowl","floor":35},{"not_picked":["Yohane:Soul_Peek+1","Yohane:Little_Demon_Ruby+1"],"picked":"Yohane:Mijuku_Dreamer+1","floor":36},{"not_picked":["Yohane:Energy_Change","Yohane:Retaliation","Yohane:Soul_Peek"],"picked":"Singing Bowl","floor":37},{"not_picked":["Yohane:Grand_Entrance","Yohane:Ice_Cream_Assault","Yohane:Excitement"],"picked":"Singing Bowl","floor":39},{"not_picked":["Yohane:Guilty_Kiss+1","Yohane:Lust+1","Yohane:Sloth+1"],"picked":"Singing Bowl","floor":42},{"not_picked":["infinitespire:Punishment","ReplayTheSpireMod:??????????????????????","infinitespire:UltimateForm"],"picked":"Singing Bowl","floor":42},{"not_picked":["Yohane:Inspiration","Yohane:Hell_Zone"],"picked":"Yohane:Mijuku_Dreamer+1","floor":44},{"not_picked":["Yohane:Gluttony+1","Yohane:Guilty_Kiss+1","Yohane:Take_Flight"],"picked":"Singing Bowl","floor":45},{"not_picked":["Yohane:Retaliation+1","Yohane:Little_Demon_Hanamaru","Yohane:Wrath+1"],"picked":"Singing Bowl","floor":46},{"not_picked":["Yohane:Mijuku_Dreamer","Yohane:Ice_Cream_Assault","Yohane:Adept_Technology+1"],"picked":"Singing Bowl","floor":48},{"not_picked":["Yohane:Culinary_Genius+1","Yohane:Misfortune","Yohane:Impressive_Display"],"picked":"SKIP","floor":54},{"not_picked":["Yohane:Adept_Technology","Yohane:Hakodate+1","Yohane:Little_Demon_Ruby"],"picked":"SKIP","floor":55},{"not_picked":["Yohane:Inspiration","Yohane:Blazing","Yohane:Dark_Rest+1"],"picked":"SKIP","floor":59},{"not_picked":["Yohane:Perfection","Yohane:Retaliation+1","Yohane:Energetic_Performance"],"picked":"SKIP","floor":60},{"not_picked":["Yohane:Gluttony","Yohane:Dark_Shield"],"picked":"Yohane:Little_Demon_Mari","floor":63},{"not_picked":["Yohane:Allure_of_Darkness","Yohane:Schwarz_Sechs","Yohane:Misfortune+1"],"picked":"SKIP","floor":67}],"player_experience":1366841,"relics_obtained":[{"floor":5,"key":"Singing Bowl"},{"floor":6,"key":"Replay:Bandana"},{"floor":8,"key":"halation:TwoAmDonut"},{"floor":9,"key":"trackpad:AdjectivePendant"},{"floor":22,"key":"trackpad:RapidFire"},{"floor":23,"key":"Replay:Mystery Machine"},{"floor":29,"key":"hubris:MedicalManual"},{"floor":35,"key":"wanderingMiniBosses:Blackblade"},{"floor":37,"key":"halation:BlackBeret"},{"floor":42,"key":"trackpad:ByrdBGone"},{"floor":42,"key":"jedi:HeartOfTheCards"},{"floor":43,"key":"MagicDraw1"},{"floor":44,"key":"infinitespire:FocusingShard"},{"floor":44,"key":"hubris:Metronome"},{"floor":46,"key":"Durian"},{"floor":46,"key":"CrustySpines"},{"floor":53,"key":"animator:TheEgnaroPiece"},{"floor":53,"key":"animator:AncientMedallion"},{"floor":56,"key":"animator:AncientMedallion"},{"floor":63,"key":"animator:AncientMedallion"},{"floor":64,"key":"animator:AncientMedallion"},{"floor":67,"key":"animator:AncientMedallion"}],"event_choices":[{"damage_healed":0,"gold_gain":0,"cards_transformed":["Yohane:Strike_Grey"],"player_choice":"Transformed","damage_taken":0,"max_hp_gain":0,"max_hp_loss":0,"event_name":"Transmorgrifier","floor":10,"gold_loss":0,"cards_obtained":["Yohane:Introspection"]},{"cards_removed":["Yohane:Little_Demon_Ruby"],"damage_healed":0,"gold_gain":0,"player_choice":"Take \u0026 Give","damage_taken":0,"max_hp_gain":0,"max_hp_loss":0,"event_name":"betterNote:BetterNote","floor":21,"gold_loss":0,"cards_obtained":["Barricade"]},{"damage_healed":0,"gold_gain":0,"player_choice":"Leave","damage_taken":0,"max_hp_gain":0,"max_hp_loss":0,"event_name":"conspire:Investor","floor":65,"gold_loss":0}],"is_beta":false,"boss_relics":[{"not_picked":["Honey Jar","halation:Yufonium"],"picked":"Replay:Bronze Core"},{"not_picked":["Fusion Hammer","conspire:SeveredTorchhead"],"picked":"rorgmod:Black Star"}],"items_purged_floors":[4,19,28,31,31,31,31,38,41,58,62],"is_endless":false,"potions_floor_spawned":[5,11,13,14,20,23,29,30,36,39,45,46,59],"killed_by":"animator:TheUnnamed","ascension_level":4}}