{"host":"fne7yx97fnz7kq05","time":1608617805,"event":{"mods":["BaseMod","Colored Map","Colored Powertips","Highlight Path","Minty Spire (QoL Compilation)","Relic Stats"],"gold_per_floor":[413,413,433,227,244,244,272,272,298,317,1,15,47,62,62,167,167,186,111,26,26,26,61,61,88,88,88,115,126,144,162,162,262,262,278,25,25,25,25,25,37,64,91,109,143,153,184,203,203,203,203,203,1,33,33],"floor_reached":56,"playtime":4689,"items_purged":["Strike_G","Strike_G"],"score":1767,"play_id":"27d209d0-e207-4f57-86fb-4f26df0418fc","local_time":"20201222001645","is_ascension_mode":true,"campfire_choices":[{"data":"After Image","floor":6,"key":"SMITH"},{"data":"Blade Dance","floor":8,"key":"SMITH"},{"data":"Catalyst","floor":15,"key":"SMITH"},{"floor":24,"key":"REST"},{"data":"Catalyst","floor":32,"key":"SMITH"},{"data":"Noxious Fumes","floor":40,"key":"SMITH"},{"floor":49,"key":"RECALL"},{"data":"Dodge and Roll","floor":52,"key":"SMITH"}],"circlet_count":0,"master_deck":["Strike_G","Strike_G","Defend_G","Defend_G","Defend_G","Defend_G","Defend_G","Survivor","Neutralize","Dagger Spray+1","After Image+1","Endless Agony","Flash of Steel+1","Leg Sweep","Blade Dance+1","Noxious Fumes+1","Catalyst+1","Poisoned Stab","Bouncing Flask","Malaise","PiercingWail+1","Catalyst+1","Dodge and Roll+1","Prepared+1","Dash","Corpse Explosion","Impatience","Good Instincts","Flash of Steel","Blur","Doppelganger","Backstab+1","Well Laid Plans+1","Acrobatics"],"relics":["Ring of the Snake","Old Coin","Pen Nib","Ancient Tea Set","Medical Kit","Toy Ornithopter","SlaversCollar","Nunchaku","Anchor","Juzu Bracelet","Kunai","Philosopher\u0027s Stone","Chemical X","Bag of Marbles","Bag of Preparation","Whetstone","Regal Pillow","Dead Branch"],"acts_visited":["Exordium","TheCity","TheBeyond","TheEnding"],"potions_floor_usage":[7,7,12,23,23,30,30,31,42,50,50,55,55,55,55,55,55],"damage_taken":[{"damage":1,"enemies":"Jaw Worm","floor":1,"turns":3},{"damage":0,"enemies":"Cultist","floor":3,"turns":4},{"damage":0,"enemies":"2 Louse","floor":5,"turns":1},{"damage":13,"enemies":"Gremlin Nob","floor":7,"turns":4},{"damage":0,"enemies":"2 Fungi Beasts","floor":10,"turns":3},{"damage":3,"enemies":"Looter","floor":12,"turns":3},{"damage":4,"enemies":"Lagavulin","floor":13,"turns":6},{"damage":10,"enemies":"Lots of Slimes","floor":14,"turns":5},{"damage":4,"enemies":"Hexaghost","floor":16,"turns":7},{"damage":9,"enemies":"Shell Parasite","floor":18,"turns":6},{"damage":23,"enemies":"Slavers","floor":23,"turns":6},{"damage":20,"enemies":"Book of Stabbing","floor":25,"turns":8},{"damage":7,"enemies":"Gremlin Leader","floor":28,"turns":5},{"damage":20,"enemies":"Spheric Guardian","floor":29,"turns":7},{"damage":2,"enemies":"Snecko","floor":30,"turns":7},{"damage":0,"enemies":"Centurion and Healer","floor":31,"turns":10},{"damage":31,"enemies":"Champ","floor":33,"turns":17},{"damage":0,"enemies":"3 Shapes","floor":35,"turns":5},{"damage":12,"enemies":"3 Darklings","floor":41,"turns":4},{"damage":5,"enemies":"Giant Head","floor":42,"turns":7},{"damage":0,"enemies":"4 Shapes","floor":44,"turns":6},{"damage":0,"enemies":"Nemesis","floor":45,"turns":7},{"damage":0,"enemies":"Sphere and 2 Shapes","floor":46,"turns":3},{"damage":0,"enemies":"Reptomancer","floor":47,"turns":5},{"damage":0,"enemies":"Transient","floor":48,"turns":5},{"damage":6,"enemies":"Donu and Deca","floor":50,"turns":7},{"damage":0,"enemies":"Shield and Spear","floor":54,"turns":5},{"damage":24,"enemies":"The Heart","floor":55,"turns":6}],"seed_played":"5839273546840399643","potions_obtained":[{"floor":1,"key":"BlessingOfTheForge"},{"floor":3,"key":"Poison Potion"},{"floor":7,"key":"Fire Potion"},{"floor":10,"key":"Fruit Juice"},{"floor":12,"key":"Dexterity Potion"},{"floor":29,"key":"GhostInAJar"},{"floor":30,"key":"Regen Potion"},{"floor":33,"key":"AttackPotion"},{"floor":41,"key":"GamblersBrew"},{"floor":44,"key":"SpeedPotion"}],"is_trial":false,"path_per_floor":["M","?","M","$","M","R","E","R","T","M","$","M","E","M","R","B",null,"M","?","?","?","$","E","R","E","T","?","E","M","M","M","R","B",null,"M","$","?","?","?","R","M","E","T","M","E","M","E","M","R","B",null,"R","$","E","B",null],"character_chosen":"THE_SILENT","items_purchased":["Flash of Steel","Explosive Potion","Medical Kit","Noxious Fumes","Catalyst","PiercingWail","Chemical X","EntropicBrew","PowerPotion","Swift Potion"],"campfire_rested":1,"item_purchase_floors":[4,4,11,11,11,11,36,36,53,53],"current_hp_per_floor":[62,62,62,62,62,62,49,49,49,49,49,51,47,37,37,33,59,50,50,50,44,44,31,51,31,31,31,24,4,12,32,32,1,51,51,51,51,51,41,41,29,29,29,29,29,29,29,29,29,33,57,57,57,57,63],"gold":33,"neow_bonus":"ONE_RARE_RELIC","is_daily":false,"chose_seed":false,"campfire_upgraded":6,"win_rate":0.0,"timestamp":1608617805,"path_taken":["M","?","M","?","M","R","E","R","T","M","$","M","E","M","R","BOSS","M","?","?","?","$","E","R","E","T","?","E","M","M","M","R","BOSS","M","$","?","?","?","R","M","E","T","M","E","M","E","M","R","BOSS","R","$","E","BOSS"],"items_purchased_type":["Card","Potion","Relic","Card","Card","Card","Relic","Potion","Potion","Potion"],"build_version":"2020-12-13","purchased_purges":2,"victory":true,"max_hp_per_floor":[63,63,63,63,63,63,63,63,63,63,63,68,68,68,68,68,68,68,68,68,68,68,68,68,68,68,68,68,68,68,68,68,68,68,68,68,65,65,65,65,65,65,65,65,65,65,65,65,65,65,65,65,65,65,65],"relic_stats":{"Regal Pillow":0,"counters":[28,162],"Dead Branch":[30],"Pen Nib":[41],"Juzu Bracelet":1,"Bag of Preparation":[16],"Whetstone":["Dagger Spray","Flash of Steel"],"Medical Kit":[16],"Nunchaku":[33],"Kunai":[67],"Chemical X":[17],"obtain_stats":[{"Regal Pillow":47,"Dead Branch":54,"Pen Nib":7,"Juzu Bracelet":25,"Bag of Preparation":43,"Whetstone":45,"Ancient Tea Set":9,"Medical Kit":11,"Old Coin":0,"SlaversCollar":17,"Nunchaku":20,"Anchor":23,"Philosopher\u0027s Stone":34,"Bag of Marbles":42,"Kunai":28,"Chemical X":36,"Toy Ornithopter":13,"Ring of the Snake":0},{"Regal Pillow":24,"Dead Branch":27,"Pen Nib":4,"Juzu Bracelet":12,"Bag of Preparation":20,"Whetstone":22,"Ancient Tea Set":4,"Medical Kit":5,"Old Coin":0,"SlaversCollar":9,"Nunchaku":10,"Anchor":11,"Philosopher\u0027s Stone":17,"Bag of Marbles":20,"Kunai":13,"Chemical X":18,"Toy Ornithopter":7,"Ring of the Snake":0},{"Regal Pillow":139,"Dead Branch":156,"Pen Nib":12,"Juzu Bracelet":56,"Bag of Preparation":118,"Whetstone":131,"Ancient Tea Set":12,"Medical Kit":15,"Old Coin":0,"SlaversCollar":36,"Nunchaku":42,"Anchor":48,"Philosopher\u0027s Stone":102,"Bag of Marbles":118,"Kunai":61,"Chemical X":107,"Toy Ornithopter":24,"Ring of the Snake":0}],"Toy Ornithopter":70,"Ring of the Snake":[56]},"card_choices":[{"not_picked":["Cloak And Dagger","Crippling Poison"],"picked":"Dagger Spray","floor":1},{"not_picked":["Bane","Bullet Time"],"picked":"Endless Agony","floor":3},{"not_picked":["Flying Knee","Endless Agony"],"picked":"Leg Sweep","floor":5},{"not_picked":["Choke","Quick Slash"],"picked":"Blade Dance","floor":7},{"not_picked":["All Out Attack","Tactician","Sucker Punch"],"picked":"SKIP","floor":10},{"not_picked":["PiercingWail","Prepared"],"picked":"Poisoned Stab","floor":12},{"not_picked":["Quick Slash","Slice","Calculated Gamble"],"picked":"SKIP","floor":13},{"not_picked":["Skewer","Cloak And Dagger"],"picked":"Bouncing Flask","floor":14},{"not_picked":["Envenom","Bullet Time"],"picked":"Malaise","floor":16},{"not_picked":["Escape Plan","Quick Slash","Distraction"],"picked":"SKIP","floor":18},{"not_picked":["Tactician","Bane+1"],"picked":"PiercingWail+1","floor":23},{"not_picked":["Infinite Blades","Slice"],"picked":"Catalyst","floor":25},{"not_picked":["Slice","Underhanded Strike"],"picked":"Dodge and Roll","floor":28},{"not_picked":["Deadly Poison","Tactician"],"picked":"Prepared+1","floor":29},{"not_picked":["Dodge and Roll","Poisoned Stab"],"picked":"Dash","floor":30},{"not_picked":["Bane+1","Masterful Stab","Noxious Fumes"],"picked":"SKIP","floor":31},{"not_picked":["Venomology","Night Terror"],"picked":"Corpse Explosion","floor":33},{"not_picked":["Flechettes+1","Quick Slash+1","PiercingWail"],"picked":"SKIP","floor":35},{"not_picked":["Secret Weapon","Enlightenment"],"picked":"Impatience","floor":39},{"not_picked":["HandOfGreed","Chrysalis"],"picked":"Good Instincts","floor":39},{"not_picked":["Deep Breath","Trip"],"picked":"Flash of Steel","floor":39},{"not_picked":["Underhanded Strike+1","Outmaneuver+1","Skewer"],"picked":"SKIP","floor":41},{"not_picked":["Deflect","Dagger Spray"],"picked":"Blur","floor":42},{"not_picked":["Endless Agony","Catalyst"],"picked":"Doppelganger","floor":44},{"not_picked":["Cloak And Dagger","Flechettes","Poisoned Stab+1"],"picked":"SKIP","floor":45},{"not_picked":["Expertise+1","Distraction","Slice+1"],"picked":"SKIP","floor":46},{"not_picked":["Expertise","Dagger Spray"],"picked":"Backstab+1","floor":47},{"not_picked":["Quick Slash+1","Bane+1"],"picked":"Well Laid Plans+1","floor":48},{"not_picked":["Deflect","Tactician"],"picked":"Acrobatics","floor":54}],"player_experience":146659,"relics_obtained":[{"floor":7,"key":"Pen Nib"},{"floor":9,"key":"Ancient Tea Set"},{"floor":13,"key":"Toy Ornithopter"},{"floor":23,"key":"Anchor"},{"floor":25,"key":"Juzu Bracelet"},{"floor":28,"key":"Kunai"},{"floor":42,"key":"Bag of Marbles"},{"floor":43,"key":"Bag of Preparation"},{"floor":45,"key":"Whetstone"},{"floor":47,"key":"Regal Pillow"},{"floor":54,"key":"Dead Branch"}],"event_choices":[{"damage_healed":0,"gold_gain":0,"player_choice":"1 cards matched","damage_taken":0,"max_hp_gain":0,"max_hp_loss":0,"event_name":"Match and Keep!","floor":2,"gold_loss":0,"cards_obtained":["After Image"]},{"cards_removed":["Strike_G"],"damage_healed":0,"gold_gain":0,"player_choice":"Gave Gold","damage_taken":0,"max_hp_gain":0,"max_hp_loss":0,"event_name":"Beggar","floor":19,"gold_loss":75},{"damage_healed":0,"gold_gain":0,"player_choice":"Obtained Relic","damage_taken":0,"relics_obtained":["Nunchaku"],"max_hp_gain":0,"max_hp_loss":0,"event_name":"Addict","floor":20,"gold_loss":85},{"damage_healed":0,"gold_gain":0,"player_choice":"Damaged","damage_taken":6,"max_hp_gain":0,"max_hp_loss":0,"event_name":"Wheel of Change","floor":21,"gold_loss":0},{"damage_healed":0,"gold_gain":0,"player_choice":"Ignored","damage_taken":0,"max_hp_gain":0,"max_hp_loss":0,"event_name":"The Mausoleum","floor":27,"gold_loss":0},{"damage_healed":0,"gold_gain":0,"player_choice":"Max HP","damage_taken":0,"max_hp_gain":0,"max_hp_loss":3,"event_name":"Winding Halls","floor":37,"gold_loss":0},{"cards_removed":["PiercingWail"],"damage_healed":0,"gold_gain":0,"player_choice":"Removed Skill","damage_taken":0,"max_hp_gain":0,"max_hp_loss":0,"event_name":"Falling","floor":38,"gold_loss":0},{"damage_healed":0,"gold_gain":0,"player_choice":"Memory 3","damage_taken":10,"max_hp_gain":0,"max_hp_loss":0,"event_name":"SensoryStone","floor":39,"gold_loss":0}],"is_beta":false,"boss_relics":[{"not_picked":["Empty Cage","Tiny House"],"picked":"SlaversCollar"},{"not_picked":["Snecko Eye","Velvet Choker"],"picked":"Philosopher\u0027s Stone"}],"items_purged_floors":[4,53],"is_endless":false,"potions_floor_spawned":[1,3,7,10,12,29,30,33,41,44,46,48],"ascension_level":7}}