{"host":"na09lpbrez4gbfiz","time":1608673547,"event":{"mods":["Act Like it!","BaseMod","BetterRewards","Colored Map","Colored Powertips","DeckTracker","Googly Eyes","Highlight Path","Minty Spire (QoL Compilation)","Quick Restart","Spicy Shops","StSLib","SuperFastMode","Synergy Search"],"gold_per_floor":[101,118,218,236,311,66,100,100,0,74,74,74,103,120,140,140,235,235,251,264,264,282,27,27,52,0,24,44,44,70,82,82,82],"floor_reached":31,"playtime":1319,"items_purged":["Strike_R"],"score":466,"play_id":"0901936b-4719-44e4-a65e-21370d425550","local_time":"20201222224547","is_ascension_mode":true,"campfire_choices":[{"data":"Armaments","floor":7,"key":"SMITH"},{"data":"True Grit","floor":10,"key":"SMITH"},{"data":"Feel No Pain","floor":15,"key":"SMITH"},{"floor":23,"key":"REST"},{"floor":28,"key":"REST"}],"circlet_count":0,"master_deck":["Strike_R","Strike_R","Strike_R","Defend_R","Defend_R","Defend_R","Defend_R","Bash","Wild Strike","Second Wind","Armaments+1","Ghostly Armor","True Grit+1","Sever Soul","Feel No Pain+1","Feed","CurseOfTheBell","Armaments+1","Clothesline","Uppercut+1","Rage"],"relics":["Burning Blood","NeowsBlessing","Sling","Dead Branch","Darkstone Periapt","Bronze Scales","Calling Bell","Omamori","Eternal Feather","StoneCalendar","Frozen Egg 2","Red Skull","Smiling Mask","Toxic Egg 2"],"acts_visited":["Exordium","TheCity"],"potions_floor_usage":[12,16,21,21],"damage_taken":[{"damage":0,"enemies":"2 Louse","floor":1,"turns":1},{"damage":0,"enemies":"Cultist","floor":3,"turns":1},{"damage":0,"enemies":"Lagavulin","floor":6,"turns":2},{"damage":16,"enemies":"3 Sentries","floor":12,"turns":5},{"damage":2,"enemies":"Jaw Worm","floor":13,"turns":4},{"damage":14,"enemies":"Exordium Wildlife","floor":14,"turns":5},{"damage":34,"enemies":"Hexaghost","floor":16,"turns":9},{"damage":11,"enemies":"Chosen","floor":18,"turns":6},{"damage":26,"enemies":"3 Byrds","floor":19,"turns":4},{"damage":30,"enemies":"Snecko","floor":21,"turns":6},{"damage":22,"enemies":"Book of Stabbing","floor":24,"turns":7},{"damage":37,"enemies":"Centurion and Healer","floor":27,"turns":6},{"damage":60,"enemies":"Gremlin Leader","floor":29,"turns":9},{"damage":15,"enemies":"3 Cultists","floor":30,"turns":7},{"damage":11,"enemies":"Book of Stabbing","floor":31,"turns":4}],"seed_played":"-6218812237977761425","potions_obtained":[{"floor":3,"key":"BlessingOfTheForge"},{"floor":6,"key":"AttackPotion"},{"floor":12,"key":"BloodPotion"},{"floor":19,"key":"Energy Potion"},{"floor":29,"key":"FearPotion"}],"is_trial":false,"path_per_floor":["M","?","M","?","$","E","R","$","T","R","$","E","M","M","R","B",null,"M","M","?","M","$","R","E","?","T","M","R","E","M","E"],"character_chosen":"IRONCLAD","items_purchased":["Armaments","Ghostly Armor","Sling","True Grit","Frozen Egg 2"],"campfire_rested":2,"item_purchase_floors":[5,5,5,8,22],"current_hp_per_floor":[40,78,78,80,80,80,80,80,80,80,80,80,70,74,66,66,38,76,71,51,51,44,44,81,65,65,65,34,71,17,8,0,0],"gold":82,"neow_bonus":"THREE_ENEMY_KILL","is_daily":false,"chose_seed":false,"campfire_upgraded":3,"win_rate":0.0,"timestamp":1608673547,"path_taken":["M","?","?","?","?","E","R","?","T","R","$","E","M","M","R","BOSS","M","M","?","?","$","R","E","?","T","M","R","E","M","E"],"items_purchased_type":["Card","Card","Relic","Card","Relic"],"build_version":"2020-12-13","purchased_purges":1,"victory":false,"max_hp_per_floor":[80,80,80,80,80,80,80,80,80,80,80,80,80,80,80,80,80,86,86,86,86,86,86,86,86,86,86,86,86,86,86,86,86],"card_choices":[{"not_picked":["Twin Strike","Thunderclap"],"picked":"Wild Strike","floor":1},{"not_picked":["Metallicize","Perfected Strike"],"picked":"Second Wind","floor":3},{"not_picked":["Heavy Blade","Shrug It Off","Second Wind"],"picked":"SKIP","floor":6},{"not_picked":["Dropkick","Power Through"],"picked":"Sever Soul","floor":12},{"not_picked":["Twin Strike","Flex"],"picked":"Feel No Pain","floor":13},{"not_picked":["Warcry","Thunderclap","Anger"],"picked":"SKIP","floor":14},{"not_picked":["Limit Break","Reaper"],"picked":"Feed","floor":16},{"not_picked":["Clothesline","Wild Strike"],"picked":"Armaments+1","floor":18},{"not_picked":["Iron Wave","Anger","Clothesline+1"],"picked":"SKIP","floor":19},{"not_picked":["Twin Strike","Anger"],"picked":"Uppercut+1","floor":21},{"not_picked":["Intimidate","Spot Weakness+1"],"picked":"Rage","floor":24},{"not_picked":["Anger","Clothesline","Rupture+1"],"picked":"SKIP","floor":27},{"not_picked":["Rampage","Rage+1","Warcry+1"],"picked":"SKIP","floor":29},{"not_picked":["Flex+1","Rupture+1","Perfected Strike"],"picked":"SKIP","floor":30}],"player_experience":232414,"relics_obtained":[{"floor":6,"key":"Dead Branch"},{"floor":9,"key":"Darkstone Periapt"},{"floor":12,"key":"Bronze Scales"},{"floor":17,"key":"Omamori"},{"floor":17,"key":"Eternal Feather"},{"floor":17,"key":"StoneCalendar"},{"floor":24,"key":"Red Skull"},{"floor":26,"key":"Smiling Mask"},{"floor":29,"key":"Toxic Egg 2"}],"event_choices":[{"damage_healed":0,"gold_gain":100,"player_choice":"Gold","damage_taken":0,"max_hp_gain":0,"max_hp_loss":0,"event_name":"Wheel of Change","floor":2,"gold_loss":0},{"damage_healed":0,"gold_gain":75,"player_choice":"Gained Gold","damage_taken":0,"max_hp_gain":0,"max_hp_loss":0,"event_name":"Golden Wing","floor":4,"gold_loss":0},{"damage_healed":0,"gold_gain":0,"cards_transformed":["Strike_R"],"player_choice":"Transformed","damage_taken":0,"max_hp_gain":0,"max_hp_loss":0,"event_name":"Transmorgrifier","floor":20,"gold_loss":0,"cards_obtained":["Clothesline"]},{"damage_healed":0,"gold_gain":0,"player_choice":"Paid Fearfully","damage_taken":0,"max_hp_gain":0,"max_hp_loss":0,"event_name":"Masked Bandits","floor":25,"gold_loss":52}],"is_beta":false,"boss_relics":[{"not_picked":["Cursed Key","Sozu"],"picked":"Calling Bell"}],"items_purged_floors":[8],"is_endless":false,"potions_floor_spawned":[3,6,12,19,29],"killed_by":"Book of Stabbing","ascension_level":8}}