{"host":"uxq2rly8rxtwffuf","time":1608617078,"event":{"mods":["BaseMod","Koishi","Minty Spire (QoL Compilation)","StSLib","The Judge","The Servant 0.9.4"],"gold_per_floor":[111,111,129,204,219,219,230,265,335,335,2,2,2,2,2,79,79,93,13,13],"floor_reached":19,"playtime":642,"items_purged":[],"score":341,"play_id":"373454f9-d40d-4a7e-ac73-f71150c4cae0","local_time":"20201222090438","is_ascension_mode":true,"campfire_choices":[{"data":"Potential","floor":6,"key":"SMITH"},{"floor":10,"key":"REST"},{"floor":13,"key":"REST"},{"data":"PendulumOfEternity","floor":15,"key":"SMITH"}],"circlet_count":0,"master_deck":["AscendersBane","Strike_S","Strike_S","Strike_S","Strike_S","Defend_S","Defend_S","Defend_S","Defend_S","KidneyShot","Exchange","Potential+1","TimeWarp","Luminosity","PendulumOfEternity+1","Potential","PendulumOfEternity","Manipulate"],"relics":["Uniform","RomanBracelet","Ornamental Fan","Shuriken","SacredBark"],"acts_visited":["Exordium","TheCity"],"potions_floor_usage":[8,12],"damage_taken":[{"damage":1,"enemies":"Small Slimes","floor":1,"turns":4},{"damage":6,"enemies":"Jaw Worm","floor":3,"turns":4},{"damage":4,"enemies":"2 Louse","floor":5,"turns":3},{"damage":2,"enemies":"2 Fungi Beasts","floor":7,"turns":3},{"damage":29,"enemies":"3 Sentries","floor":8,"turns":10},{"damage":14,"enemies":"Gremlin Nob","floor":12,"turns":3},{"damage":38,"enemies":"The Guardian","floor":16,"turns":9},{"damage":35,"enemies":"Chosen","floor":18,"turns":7},{"damage":25,"enemies":"2 Thieves","floor":19,"turns":2}],"seed_played":"-5438229398728217220","potions_obtained":[{"floor":1,"key":"Swift Potion"},{"floor":5,"key":"SmokeBomb"}],"is_trial":false,"path_per_floor":["M","?","M","?","M","R","M","E","T","R","$","E","R","?","R","B",null,"M","M"],"character_chosen":"THE_SERVANT","items_purchased":["Shuriken","Potential"],"campfire_rested":2,"item_purchase_floors":[11,11],"current_hp_per_floor":[59,64,58,47,43,43,41,12,12,33,33,19,40,40,40,2,54,19,0,0],"gold":13,"neow_bonus":"TEN_PERCENT_HP_BONUS","is_daily":false,"chose_seed":false,"campfire_upgraded":2,"win_rate":0.0,"timestamp":1608617078,"path_taken":["M","?","M","?","M","R","M","E","T","R","$","E","R","?","R","BOSS","M","M"],"items_purchased_type":["Relic","Card"],"build_version":"2020-12-13","purchased_purges":0,"victory":false,"max_hp_per_floor":[66,71,71,71,71,71,71,71,71,71,71,71,71,71,71,71,71,71,71,71],"card_choices":[{"not_picked":["Desolation","WasteNot"],"picked":"Potential","floor":1},{"not_picked":["WasteNot","RealityMarble","Shuttle"],"picked":"SKIP","floor":3},{"not_picked":["Starlight","Orbit"],"picked":"TimeWarp","floor":5},{"not_picked":["Ricochet","Revamp"],"picked":"Luminosity","floor":7},{"not_picked":["WasteNot","BestPractice"],"picked":"PendulumOfEternity","floor":8},{"not_picked":["ForgedInTime","Duplication"],"picked":"PendulumOfEternity","floor":16},{"not_picked":["Orbit","Rearm"],"picked":"Manipulate","floor":18}],"player_experience":1361569,"relics_obtained":[{"floor":8,"key":"RomanBracelet"},{"floor":9,"key":"Ornamental Fan"}],"event_choices":[{"damage_healed":0,"gold_gain":0,"player_choice":"Donut","damage_taken":0,"max_hp_gain":5,"max_hp_loss":0,"event_name":"Big Fish","floor":2,"gold_loss":0},{"damage_healed":0,"gold_gain":75,"player_choice":"Gather Gold","damage_taken":11,"max_hp_gain":0,"max_hp_loss":0,"event_name":"World of Goop","floor":4,"gold_loss":0},{"damage_healed":0,"gold_gain":0,"player_choice":"Fled","damage_taken":0,"max_hp_gain":0,"max_hp_loss":0,"event_name":"Scrap Ooze","floor":14,"gold_loss":0}],"is_beta":false,"boss_relics":[{"not_picked":["Sozu","Philosopher\u0027s Stone"],"picked":"SacredBark"}],"items_purged_floors":[],"is_endless":false,"potions_floor_spawned":[1,5],"killed_by":"2 Thieves","ascension_level":19}}