{"host":"4w8ocelhatf0iefc","time":1608635002,"event":{"mods":["AchievementEnabler","Act Like it!","Aspiration","BaseMod","Colored Map","Colored Powertips","Hubris","Minty Spire (QoL Compilation)","StSLib"],"gold_per_floor":[117,192,206,206,58,58,89,89,89,89,104,133,56,90,90,194,194,205,221,240,240,252,281,296,296,322,322,322],"floor_reached":27,"playtime":2704,"items_purged":[],"score":331,"play_id":"00ef4bb4-1074-4815-9782-0534101b2e1c","local_time":"20201222190322","is_ascension_mode":true,"campfire_choices":[{"data":"Eruption","floor":6,"key":"SMITH"},{"data":"WindmillStrike","floor":8,"key":"SMITH"},{"data":"Vigilance","floor":10,"key":"SMITH"},{"data":"BattleHymn","floor":15,"key":"SMITH"},{"data":"Wish","floor":25,"key":"SMITH"}],"circlet_count":0,"master_deck":["Strike_P","Strike_P","Strike_P","Strike_P","Defend_P","Defend_P","Defend_P","Defend_P","Eruption+1","Vigilance+1","WindmillStrike+1","ClearTheMind","Tantrum","BattleHymn+1","BowlingBash","Conclude","Consecrate","Scrawl+1","TalkToTheHand+1","FlurryOfBlows","Wish+1"],"relics":["PureWater","aspiration:DSix","Strawberry","Anchor","hubris:TinFlute","Potion Belt","Nunchaku","VioletLotus","Ancient Tea Set","Pen Nib"],"acts_visited":["Exordium","TheCity"],"potions_floor_usage":[7,14,16,18,22,23],"damage_taken":[{"damage":0,"enemies":"Small Slimes","floor":1,"turns":3},{"damage":7,"enemies":"Jaw Worm","floor":3,"turns":4},{"damage":16,"enemies":"Gremlin Nob","floor":7,"turns":4},{"damage":0,"enemies":"Cultist","floor":11,"turns":2},{"damage":4,"enemies":"3 Sentries","floor":12,"turns":4},{"damage":0,"enemies":"Gremlin Nob","floor":14,"turns":2},{"damage":25,"enemies":"Hexaghost","floor":16,"turns":6},{"damage":17,"enemies":"Spheric Guardian","floor":18,"turns":3},{"damage":2,"enemies":"Chosen","floor":19,"turns":3},{"damage":0,"enemies":"Snecko","floor":20,"turns":4},{"damage":4,"enemies":"Centurion and Healer","floor":22,"turns":3},{"damage":0,"enemies":"Gremlin Leader","floor":23,"turns":3},{"damage":34,"enemies":"Shelled Parasite and Fungi","floor":24,"turns":3},{"damage":29,"enemies":"Slavers","floor":27,"turns":2}],"seed_played":"-1624028510300547910","potions_obtained":[{"floor":1,"key":"SpeedPotion"},{"floor":3,"key":"Fire Potion"},{"floor":12,"key":"ColorlessPotion"},{"floor":16,"key":"Weak Potion"},{"floor":19,"key":"SpeedPotion"},{"floor":22,"key":"DistilledChaos"}],"is_trial":false,"path_per_floor":["M","?","M","?","$","R","E","R","T","R","M","E","$","E","R","B",null,"M","M","M","?","M","E","M","R","T","E"],"character_chosen":"WATCHER","items_purchased":["Anchor","Conclude"],"campfire_rested":0,"item_purchase_floors":[5,13],"current_hp_per_floor":[72,61,54,54,54,54,38,38,38,38,38,34,34,34,34,9,79,62,60,60,60,56,56,22,22,22,0,0],"gold":322,"neow_bonus":"DSIX","is_daily":false,"chose_seed":false,"campfire_upgraded":5,"win_rate":0.0,"timestamp":1608635002,"path_taken":["M","?","M","?","$","R","E","R","T","R","M","E","?","E","R","BOSS","M","M","M","?","?","E","M","R","T","E"],"items_purchased_type":["Relic","Card"],"build_version":"2020-12-13","purchased_purges":0,"victory":false,"max_hp_per_floor":[72,72,72,79,79,79,79,79,79,79,79,79,79,79,79,79,79,79,79,79,79,79,79,79,79,79,79,79],"card_choices":[{"not_picked":["SignatureMove","Evaluate"],"picked":"WindmillStrike","floor":1},{"not_picked":["Perseverance","ThirdEye"],"picked":"ClearTheMind","floor":3},{"not_picked":["ThirdEye","ForeignInfluence"],"picked":"Tantrum","floor":7},{"not_picked":["Sanctity","CrushJoints"],"picked":"BattleHymn","floor":11},{"not_picked":["LikeWater","JustLucky"],"picked":"BowlingBash","floor":12},{"not_picked":["InnerPeace","CutThroughFate"],"picked":"Consecrate","floor":14},{"not_picked":["Ragnarok","Vault"],"picked":"Scrawl","floor":16},{"not_picked":["Fasting2","BowlingBash"],"picked":"TalkToTheHand+1","floor":18},{"not_picked":["EmptyBody","ThirdEye","WheelKick+1"],"picked":"SKIP","floor":19},{"not_picked":["Swivel","ThirdEye"],"picked":"FlurryOfBlows","floor":20},{"not_picked":["EmptyFist","Halt","FlyingSleeves"],"picked":"SKIP","floor":22},{"not_picked":["SandsOfTime","WreathOfFlame+1"],"picked":"Wish","floor":23},{"not_picked":["CrushJoints","Halt","BowlingBash"],"picked":"SKIP","floor":24}],"player_experience":251680,"relics_obtained":[{"floor":7,"key":"hubris:TinFlute"},{"floor":12,"key":"Potion Belt"},{"floor":14,"key":"Nunchaku"},{"floor":23,"key":"Ancient Tea Set"},{"floor":26,"key":"Pen Nib"}],"event_choices":[{"damage_healed":0,"gold_gain":75,"player_choice":"Gather Gold","damage_taken":11,"max_hp_gain":0,"max_hp_loss":0,"event_name":"World of Goop","floor":2,"gold_loss":0},{"damage_healed":0,"gold_gain":0,"player_choice":"Success","damage_taken":7,"relics_obtained":["Strawberry"],"max_hp_gain":0,"max_hp_loss":0,"event_name":"Scrap Ooze","floor":4,"gold_loss":0},{"damage_healed":0,"gold_gain":0,"player_choice":"Upgraded","damage_taken":0,"max_hp_gain":0,"max_hp_loss":0,"event_name":"Upgrade Shrine","floor":21,"gold_loss":0,"cards_upgraded":["Scrawl"]}],"is_beta":false,"boss_relics":[{"not_picked":["Black Star","hubris:VirtuousBlindfold"],"picked":"VioletLotus"}],"items_purged_floors":[],"is_endless":false,"potions_floor_spawned":[1,3,12,16,19,22],"killed_by":"Slavers","ascension_level":2}}