{"host":"qgrlfjrqk9z96gfi","time":1608604947,"event":{"mods":["BaseMod","Block Reminder","Colored Map","DeckTracker","Minty Spire (QoL Compilation)"],"gold_per_floor":[117,37,37,48,63,63,90,90,115,128,128,147,29,64,64,137,137,154,4,21,71,88,88,121,132,132,132,132],"floor_reached":27,"playtime":1423,"items_purged":["Strike_G"],"score":486,"play_id":"afe77540-0160-4705-9eae-f0d83d6e7a0f","local_time":"20201221164227","is_ascension_mode":true,"campfire_choices":[{"data":"Terror","floor":6,"key":"SMITH"},{"floor":8,"key":"REST"},{"data":"Footwork","floor":11,"key":"SMITH"},{"floor":15,"key":"REST"},{"floor":23,"key":"REST"}],"circlet_count":0,"master_deck":["AscendersBane","Strike_G","Strike_G","Strike_G","Defend_G","Defend_G","Defend_G","Defend_G","Defend_G","Survivor","Neutralize","Slice","Blade Dance","Slice","Terror+1","Blade Dance","Footwork+1","Acrobatics","Malaise","Accuracy","Deadly Poison","Burst","Backflip","Finisher","Crippling Poison","Noxious Fumes+1","Deflect+1"],"relics":["Ring of the Snake","NeowsBlessing","Boot","Anchor","Frozen Egg 2","Sozu","Thread and Needle","Mango"],"acts_visited":["Exordium","TheCity"],"potions_floor_usage":[14,14,22],"damage_taken":[{"damage":0,"enemies":"Jaw Worm","floor":1,"turns":1},{"damage":0,"enemies":"Cultist","floor":4,"turns":1},{"damage":0,"enemies":"2 Louse","floor":5,"turns":1},{"damage":42,"enemies":"Gremlin Nob","floor":7,"turns":4},{"damage":0,"enemies":"Lots of Slimes","floor":10,"turns":4},{"damage":14,"enemies":"Exordium Wildlife","floor":12,"turns":3},{"damage":2,"enemies":"3 Sentries","floor":14,"turns":4},{"damage":5,"enemies":"The Guardian","floor":16,"turns":14},{"damage":5,"enemies":"Chosen","floor":18,"turns":6},{"damage":11,"enemies":"Spheric Guardian","floor":20,"turns":4},{"damage":31,"enemies":"Shelled Parasite and Fungi","floor":22,"turns":6},{"damage":12,"enemies":"Slavers","floor":24,"turns":7},{"damage":0,"enemies":"Snake Plant","floor":25,"turns":4},{"damage":26,"enemies":"Cultist and Chosen","floor":27,"turns":5}],"seed_played":"-6497445516169841428","potions_obtained":[{"floor":5,"key":"SkillPotion"},{"floor":10,"key":"PowerPotion"},{"floor":14,"key":"Weak Potion"}],"is_trial":false,"path_per_floor":["M","$","?","M","M","R","E","R","T","M","R","M","$","E","R","B",null,"M","$","M","?","M","R","E","M","T","M"],"character_chosen":"THE_SILENT","items_purchased":["Blade Dance","Slice","Accuracy","Finisher","Crippling Poison"],"campfire_rested":3,"item_purchase_floors":[2,2,13,19,19],"current_hp_per_floor":[59,59,59,59,59,59,17,36,36,36,36,22,22,20,39,34,58,53,53,42,36,5,24,12,12,26,0,0],"gold":132,"neow_bonus":"THREE_ENEMY_KILL","is_daily":false,"chose_seed":false,"campfire_upgraded":2,"win_rate":0.0,"timestamp":1608604947,"path_taken":["M","$","?","M","?","R","E","R","T","M","R","M","?","E","R","BOSS","M","$","M","?","M","R","E","M","T","?"],"items_purchased_type":["Card","Card","Card","Card","Card"],"build_version":"2020-12-13","purchased_purges":1,"victory":false,"max_hp_per_floor":[66,66,66,66,66,66,66,66,66,66,66,66,66,66,66,66,66,66,66,66,66,66,66,66,66,80,80,80],"card_choices":[{"not_picked":["Cloak And Dagger","Acrobatics"],"picked":"Slice","floor":1},{"not_picked":["Outmaneuver","Deadly Poison"],"picked":"Terror","floor":4},{"not_picked":["Flying Knee","Riddle With Holes"],"picked":"Blade Dance","floor":5},{"not_picked":["Prepared","Backflip"],"picked":"Footwork","floor":7},{"not_picked":["Sucker Punch","Deflect"],"picked":"Acrobatics","floor":10},{"not_picked":["Blade Dance","Tactician"],"picked":"Malaise","floor":12},{"not_picked":["Tactician","Escape Plan"],"picked":"Deadly Poison","floor":14},{"not_picked":["Venomology","Unload"],"picked":"Burst","floor":16},{"not_picked":["Outmaneuver","Deflect"],"picked":"Backflip","floor":18},{"not_picked":["Sucker Punch","Bane","Outmaneuver"],"picked":"SKIP","floor":20},{"not_picked":["Backflip","Outmaneuver"],"picked":"Noxious Fumes+1","floor":22},{"not_picked":["Deadly Poison","Dagger Throw","Noxious Fumes+1"],"picked":"SKIP","floor":24},{"not_picked":["Distraction","Bane"],"picked":"Deflect+1","floor":25}],"player_experience":939765,"relics_obtained":[{"floor":7,"key":"Boot"},{"floor":9,"key":"Anchor"},{"floor":14,"key":"Frozen Egg 2"},{"floor":24,"key":"Thread and Needle"},{"floor":26,"key":"Mango"}],"event_choices":[{"cards_removed":["Strike_G"],"damage_healed":0,"gold_gain":0,"player_choice":"Card Removal","damage_taken":0,"max_hp_gain":0,"max_hp_loss":0,"event_name":"Wheel of Change","floor":3,"gold_loss":0},{"damage_healed":0,"gold_gain":50,"player_choice":"Touch","damage_taken":6,"max_hp_gain":0,"max_hp_loss":0,"event_name":"FaceTrader","floor":21,"gold_loss":0}],"is_beta":false,"boss_relics":[{"not_picked":["Ectoplasm","HoveringKite"],"picked":"Sozu"}],"items_purged_floors":[13],"is_endless":false,"potions_floor_spawned":[5,10,14,20,24],"killed_by":"Cultist and Chosen","ascension_level":20}}