{"host":"xnqz5xrogo3hmjp9","time":1608638161,"event":{"mods":["ATMod(阿瑾Mod)","AchievementEnabler","BaseMod","Better Third Choice","BetterRewards","Colored Map","Colored Powertips","Conspire","Dota2Spire","Downfall","GifTheSpireLib","Hermit","Infinite Spire","KinomotoSakuraMod(木之本樱)","Marisa（F雨　魔理沙）","Marked Mod","Minty Spire (QoL Compilation)","Quick Restart","Relic Stats","Remilia（蕾米莉亚）","Replay The Spire","Shop Mod","Spicy Shops","StSLib","SuperFastMode","The Bladedancer","The Mystic","The Senshi","Yuri Mod","[功能]商店购物价格优惠80%"],"gold_per_floor":[116,133,133,130,144,158,175,238,315,344,344,373,385,405,405,507,507,519,529,40,56,192,222,232,232,232,242,266,266,280,229,229,332,332,342,353,373,307,357,390,390,390,390],"floor_reached":42,"playtime":4735,"items_purged":["Decay","Strike_G","Strike_G","Strike_G","Strike_G","Strike_G","Defend_G","Defend_G","Defend_G","Defend_G","Defend_G"],"score":1021,"play_id":"2de6b958-31f9-451b-96a3-21e93544fbbc","local_time":"20201222195601","is_ascension_mode":true,"campfire_choices":[{"floor":11,"key":"RECALL"},{"data":"AT_FocusSwordFire","floor":15,"key":"SMITH"},{"data":"AT_Desolate","floor":29,"key":"SMITH"},{"data":"Fluid Movement","floor":32,"key":"SMITH"}],"circlet_count":0,"master_deck":["Survivor","Neutralize","AT_FamilyPortrait","Fluid Movement+1","Backflip","Panache","expansioncontent:DarkVoid","Endless Agony","Backflip","Finisher","Sucker Punch","Sucker Punch","Parasite","AT_KneejerkReflex","Well Laid Plans","AT_FocusSwordFire+1","Blade Dance","Glass Knife","AT_ShadowStep","Accuracy","AT_EmpoweredMortalDraw","infinitespire:Collect","Outmaneuver","expansioncontent:GuardianWhirl","Violence","AT_Desolate+1","Blur","Die Die Die","Blade Dance","Dagger Spray","AT_Desolate","Backflip+1","Endless Agony","AT_FamilyPortrait","Writhe"],"relics":["Ring of the Snake","AT_ATBox","BargainBundle","Dota2Spire:MaskOfMadness","Dota2Spire:LinkenSphere","Membership Card","MerchantsRug","ReplayTheSpireMod:TigerMarble","Mummified Hand","AT_Manta","Dota2Spire:AghanimScepter","Singing Bowl","Iron Hammer","AT_MortalBlade","Dota2Spire:ArcaneBoots","Replay:Baseball","Chemical X","Juzu Bracelet","MealTicket","AT_SunfireAegis","Dota2Spire:DrumOfEndurance","AT_TrinityForce","AT_BladeRuinedKing","ClockworkSouvenir","conspire:Boomerang"],"acts_visited":["Exordium","TheCity","TheBeyond"],"potions_floor_usage":[4],"damage_taken":[{"damage":0,"enemies":"2 Louse","floor":1,"turns":1},{"damage":2,"enemies":"Cultist","floor":2,"turns":2},{"damage":2,"enemies":"Jaw Worm","floor":5,"turns":3},{"damage":0,"enemies":"Looter","floor":6,"turns":2},{"damage":0,"enemies":"3 Louse","floor":7,"turns":1},{"damage":0,"enemies":"Lagavulin Event","floor":8,"turns":1},{"damage":0,"enemies":"Gremlin Nob","floor":10,"turns":1},{"damage":0,"enemies":"Lagavulin","floor":12,"turns":2},{"damage":0,"enemies":"Blue Slaver","floor":13,"turns":1},{"damage":0,"enemies":"Exordium Thugs","floor":14,"turns":1},{"damage":0,"enemies":"Fading Forest","floor":16,"turns":7},{"damage":1,"enemies":"Chosen","floor":18,"turns":2},{"damage":0,"enemies":"2 Thieves","floor":19,"turns":1},{"damage":0,"enemies":"Snake Plant","floor":21,"turns":1},{"damage":0,"enemies":"Gremlin Leader","floor":23,"turns":1},{"damage":0,"enemies":"Centurion and Healer","floor":24,"turns":1},{"damage":0,"enemies":"Shelled Parasite and Fungi","floor":27,"turns":1},{"damage":0,"enemies":"Cultist and Chosen","floor":30,"turns":1},{"damage":0,"enemies":"Automaton","floor":33,"turns":1},{"damage":0,"enemies":"Orb Walker","floor":35,"turns":1},{"damage":0,"enemies":"3 Shapes","floor":36,"turns":1},{"damage":0,"enemies":"Jaw Worm Horde","floor":37,"turns":1},{"damage":0,"enemies":"Mind Bloom Boss Battle","floor":39,"turns":1},{"damage":0,"enemies":"R_Hoarder","floor":40,"turns":2},{"damage":0,"enemies":"infinitespire:Three Voidlings","floor":42,"turns":1},{"damage":112,"enemies":"Nightmare_Alpha","floor":42,"turns":3}],"seed_played":"-5031590186264323120","potions_obtained":[{"floor":2,"key":"Elixir"},{"floor":2,"key":"Dota2Spire:Clarity"},{"floor":3,"key":"EntropicBrew"},{"floor":5,"key":"DistilledChaos"}],"is_trial":false,"path_per_floor":["M","M","?","$","M","M","M","?","T","E","R","E","M","M","R","B",null,"M","M","?","M","$","E","M","?","T","M","T","R","M","$","R","B",null,"M","M","M","$","?","E","?","?"],"character_chosen":"THE_SILENT","items_purchased":["BargainBundle","Dota2Spire:MaskOfMadness","Fluid Movement","Backflip","Panache","expansioncontent:DarkVoid","Dota2Spire:LinkenSphere","Membership Card","Endless Agony","MerchantsRug","Sucker Punch","ReplayTheSpireMod:TigerMarble","Mummified Hand","AT_KneejerkReflex","Dota2Spire:ArcaneBoots","expansioncontent:GuardianWhirl","Replay:Baseball","Chemical X","Juzu Bracelet","Violence","AT_SunfireAegis","Dagger Spray","AT_Desolate","Dota2Spire:DrumOfEndurance","Endless Agony","AT_BladeRuinedKing","ClockworkSouvenir","AT_FamilyPortrait"],"campfire_rested":0,"item_purchase_floors":[0,0,0,0,0,0,0,0,0,4,4,4,4,4,22,22,22,22,22,22,31,31,31,31,38,38,38,38],"current_hp_per_floor":[61,59,59,59,57,57,57,57,57,57,57,59,62,62,62,74,77,78,80,80,80,80,80,80,65,65,65,65,65,65,80,80,82,88,88,90,92,92,94,96,96,0,0],"gold":390,"neow_bonus":"","is_daily":false,"chose_seed":false,"campfire_upgraded":3,"win_rate":0.0,"timestamp":1608638161,"path_taken":["M","M","?","$","M","M","?","?","T","E","R","E","M","M","R","BOSS","M","M","?","M","$","E","M","?","T","M","?","R","M","$","R","BOSS","M","M","M","$","?","E","?","?"],"items_purchased_type":["Relic","Relic","Card","Card","Card","Card","Relic","Relic","Card","Relic","Card","Relic","Relic","Card","Relic","Card","Relic","Relic","Relic","Card","Relic","Card","Card","Relic","Card","Relic","Relic","Card"],"build_version":"2020-12-13","purchased_purges":11,"victory":false,"max_hp_per_floor":[70,70,70,70,70,70,70,70,70,70,70,72,75,75,75,77,77,79,81,81,81,81,81,81,86,86,86,86,86,86,86,86,88,88,88,90,92,92,94,96,96,98,98],"relic_stats":{"Singing Bowl":18,"counters":[85,227],"Mummified Hand":[114],"MealTicket":37,"Juzu Bracelet":0,"Chemical X":[1],"obtain_stats":[{"Ice Cream":22,"TwistedFunnel":22,"Chaos":29,"Dota2Spire:MaskOfMadness":0,"ScarletDevilRocket":16,"Gremlin Horn":29,"NineVolt":43,"Vampiric Spirits":9,"AT_MibuBalloonWealth":4,"Sling":33,"BFFS":29,"Strawberry":16,"MealTicket":6,"Iron Hammer":22,"Replay:Bottled Flurry":40,"KeepersGift":0,"MerchantsRug":4,"conspire:TreasureMap":0,"Dota2Spire:UrnOfShadows":0,"AT_Manta":8,"BookOfRevelations":23,"AT_MortalBlade":17,"Dota2Spire:ShivaGuard":2,"Ring of Chaos":17,"conspire:Boomerang":39,"Dota2Spire:AghanimScepter":9,"Replay:Baseball":22,"Molten Egg 2":2,"ReplayTheSpireMod:TigerMarble":4,"HushsDoor":0,"GuppysCollar":34,"conspire:Flyswatter":0,"ReplayFunnel":36,"GuppysTail":34,"ReplayTheSpireMod:Ring of Exchange":48,"UnicornStump":46,"Singing Bowl":47,"GuppysPaw":34,"GnawedLeaf":6,"Dota2Spire:DrumOfEndurance":14,"Juzu Bracelet":22,"ClockworkSouvenir":38,"Frozen Eye":2,"Dream Catcher":16,"Mummified Hand":4,"Ring of Peace":48,"AT_TrinityForce":34,"WingedGreaves":22,"Chemical X":5,"Dota2Spire:ArcaneBoots":22,"Ring of the Snake":0,"Runic Pyramid":17,"AT_ChloranthyRing":0,"Lee\u0027s Waffle":22,"Runesmith:Nanobots":36,"BargainBundle":0,"Inserter":36,"HowToJump":5,"The Specimen":36,"conspire:RunicOctahedron":33,"AT_BladeRuinedKing":38,"Omamori":29,"infinitespire:Lucky Rock":34,"Frozen Egg 2":29,"MawBank":23,"Mercury Hourglass":10,"D6":0,"Pondfish Scales":29,"Anchor":46,"infinitespire:Satchel":5,"RedMistMask":10,"Dota2Spire:LinkenSphere":0,"LetterFromLob":1,"GuppysHead":9,"Membership Card":0,"AT_SunfireAegis":31,"Toy Ornithopter":12},{"Ice Cream":27,"TwistedFunnel":27,"Chaos":28,"Dota2Spire:MaskOfMadness":59,"ScarletDevilRocket":24,"Gremlin Horn":28,"NineVolt":35,"Vampiric Spirits":47,"AT_MibuBalloonWealth":44,"Sling":30,"BFFS":28,"Strawberry":24,"MealTicket":45,"Iron Hammer":27,"Replay:Bottled Flurry":35,"KeepersGift":15,"MerchantsRug":61,"conspire:TreasureMap":42,"Dota2Spire:UrnOfShadows":42,"AT_Manta":65,"BookOfRevelations":28,"AT_MortalBlade":70,"Dota2Spire:ShivaGuard":43,"Ring of Chaos":52,"conspire:Boomerang":82,"Dota2Spire:AghanimScepter":65,"Replay:Baseball":73,"Molten Egg 2":16,"ReplayTheSpireMod:TigerMarble":61,"HushsDoor":15,"GuppysCollar":30,"conspire:Flyswatter":42,"ReplayFunnel":31,"GuppysTail":30,"ReplayTheSpireMod:Ring of Exchange":38,"UnicornStump":37,"Singing Bowl":38,"GuppysPaw":30,"GnawedLeaf":19,"Dota2Spire:DrumOfEndurance":51,"Juzu Bracelet":73,"ClockworkSouvenir":81,"Frozen Eye":16,"Dream Catcher":24,"Mummified Hand":61,"Ring of Peace":38,"AT_TrinityForce":78,"WingedGreaves":27,"Chemical X":18,"Dota2Spire:ArcaneBoots":73,"Ring of the Snake":0,"Runic Pyramid":24,"AT_ChloranthyRing":42,"Lee\u0027s Waffle":27,"Runesmith:Nanobots":31,"BargainBundle":59,"Inserter":31,"HowToJump":18,"The Specimen":31,"conspire:RunicOctahedron":30,"AT_BladeRuinedKing":81,"Omamori":28,"infinitespire:Lucky Rock":30,"Frozen Egg 2":28,"MawBank":58,"Mercury Hourglass":21,"D6":15,"Pondfish Scales":28,"Anchor":37,"infinitespire:Satchel":18,"RedMistMask":21,"Dota2Spire:LinkenSphere":59,"LetterFromLob":16,"GuppysHead":20,"Membership Card":59,"AT_SunfireAegis":77,"Toy Ornithopter":22},{"Ice Cream":82,"TwistedFunnel":82,"Chaos":85,"Dota2Spire:MaskOfMadness":186,"ScarletDevilRocket":73,"Gremlin Horn":85,"NineVolt":102,"Vampiric Spirits":138,"AT_MibuBalloonWealth":126,"Sling":91,"BFFS":85,"Strawberry":73,"MealTicket":130,"Iron Hammer":82,"Replay:Bottled Flurry":102,"KeepersGift":42,"MerchantsRug":189,"conspire:TreasureMap":120,"Dota2Spire:UrnOfShadows":120,"AT_Manta":196,"BookOfRevelations":85,"AT_MortalBlade":208,"Dota2Spire:ShivaGuard":124,"Ring of Chaos":158,"conspire:Boomerang":221,"Dota2Spire:AghanimScepter":196,"Replay:Baseball":212,"Molten Egg 2":47,"ReplayTheSpireMod:TigerMarble":189,"HushsDoor":42,"GuppysCollar":91,"conspire:Flyswatter":120,"ReplayFunnel":93,"GuppysTail":91,"ReplayTheSpireMod:Ring of Exchange":106,"UnicornStump":105,"Singing Bowl":106,"GuppysPaw":91,"GnawedLeaf":59,"Dota2Spire:DrumOfEndurance":147,"Juzu Bracelet":212,"ClockworkSouvenir":220,"Frozen Eye":47,"Dream Catcher":73,"Mummified Hand":189,"Ring of Peace":106,"AT_TrinityForce":217,"WingedGreaves":82,"Chemical X":53,"Dota2Spire:ArcaneBoots":212,"Ring of the Snake":0,"Runic Pyramid":73,"AT_ChloranthyRing":120,"Lee\u0027s Waffle":82,"Runesmith:Nanobots":93,"BargainBundle":186,"Inserter":93,"HowToJump":53,"The Specimen":93,"conspire:RunicOctahedron":91,"AT_BladeRuinedKing":220,"Omamori":85,"infinitespire:Lucky Rock":91,"Frozen Egg 2":85,"MawBank":183,"Mercury Hourglass":65,"D6":42,"Pondfish Scales":85,"Anchor":105,"infinitespire:Satchel":53,"RedMistMask":65,"Dota2Spire:LinkenSphere":186,"LetterFromLob":47,"GuppysHead":61,"Membership Card":186,"AT_SunfireAegis":216,"Toy Ornithopter":68}],"Ring of the Snake":[144]},"card_choices":[{"not_picked":["conspire:DoublingDagger","Underhanded Strike"],"picked":"Backflip","floor":1},{"not_picked":["Draining Mist","Underhanded Strike"],"picked":"Finisher","floor":2},{"not_picked":["Cloak And Dagger","ReplayTheSpireMod:The Works"],"picked":"Well Laid Plans","floor":5},{"not_picked":["AT_ThistleTea","conspire:DoublingDagger"],"picked":"AT_FocusSwordFire","floor":6},{"not_picked":["Leg Sweep","Draining Mist"],"picked":"Blade Dance","floor":7},{"not_picked":["AT_WindFlip","AT_TwilightShroud"],"picked":"Glass Knife","floor":10},{"not_picked":["Noxious Fumes","Prepared","Backflip"],"picked":"Singing Bowl","floor":12},{"not_picked":["Dagger Throw","Masterful Stab"],"picked":"AT_ShadowStep","floor":13},{"not_picked":["Dodge and Roll","Venomology"],"picked":"Accuracy","floor":14},{"not_picked":["ReplayTheSpireMod:Necrosis","Corpse Explosion","AT_KingSlayer"],"picked":"Singing Bowl","floor":16},{"not_picked":["AT_TwilightShroud","Quick Slash","Hidden Blade"],"picked":"Singing Bowl","floor":18},{"not_picked":["Skewer","Escape Plan","Dodge and Roll"],"picked":"Singing Bowl","floor":19},{"not_picked":["ReplayTheSpireMod:Black Plague","infinitespire:SealOfDarkness+"],"picked":"infinitespire:Collect","floor":20},{"not_picked":["Poisoned Stab","Prepared"],"picked":"Outmaneuver","floor":21},{"not_picked":["conspire:DoublingDagger","Expertise"],"picked":"AT_Desolate","floor":23},{"not_picked":["Heel Hook","Masterful Stab"],"picked":"Blur","floor":24},{"not_picked":["Bane","Choke"],"picked":"Die Die Die","floor":27},{"not_picked":["Bane","AT_WindFlip"],"picked":"Blade Dance","floor":30},{"not_picked":["AT_KingSlayer","Venomology","Doppelganger"],"picked":"Singing Bowl","floor":33},{"not_picked":["AT_FocusSwordFire","Quick Slash+1"],"picked":"Backflip+1","floor":35},{"not_picked":["Backstab+1","Quick Slash+1","Unload"],"picked":"Singing Bowl","floor":36},{"not_picked":["Bane+1","Expertise","Deadly Poison"],"picked":"Singing Bowl","floor":37},{"not_picked":["Masterful Stab","PiercingWail","Escape Plan+1"],"picked":"Singing Bowl","floor":39},{"not_picked":["Poisoned Stab","Masterful Stab+1","Slice+1"],"picked":"Singing Bowl","floor":40}],"player_experience":110747,"relics_obtained":[{"floor":8,"key":"AT_Manta"},{"floor":9,"key":"Dota2Spire:AghanimScepter"},{"floor":10,"key":"Singing Bowl"},{"floor":12,"key":"Iron Hammer"},{"floor":28,"key":"MealTicket"},{"floor":39,"key":"conspire:Boomerang"}],"event_choices":[{"damage_healed":0,"gold_gain":0,"player_choice":"Got Potions","damage_taken":0,"max_hp_gain":0,"max_hp_loss":0,"event_name":"Lab","floor":3,"gold_loss":0},{"damage_healed":0,"gold_gain":30,"player_choice":"Searched \u00272\u0027 times","damage_taken":0,"max_hp_gain":0,"max_hp_loss":0,"event_name":"Dead Adventurer","floor":8,"gold_loss":0},{"damage_healed":0,"gold_gain":0,"player_choice":"Shed Blood","damage_taken":20,"max_hp_gain":5,"max_hp_loss":0,"event_name":"Forgotten Altar","floor":25,"gold_loss":0},{"damage_healed":0,"gold_gain":0,"player_choice":"Fight","damage_taken":0,"max_hp_gain":0,"max_hp_loss":0,"event_name":"MindBloom","floor":39,"gold_loss":0},{"damage_healed":24,"gold_gain":0,"player_choice":"Writhe","damage_taken":0,"max_hp_gain":0,"max_hp_loss":0,"event_name":"Winding Halls","floor":41,"gold_loss":0,"cards_obtained":["Writhe"]}],"is_beta":false,"boss_relics":[{"not_picked":["Runic Pyramid","conspire:SlowCooker"],"picked":"AT_MortalBlade"},{"not_picked":["Astrolabe","HoveringKite"],"picked":"AT_TrinityForce"}],"items_purged_floors":[4,4,4,22,22,22,31,31,38,38,38],"is_endless":false,"potions_floor_spawned":[2,2,5,6,7,8,10,12,14,16,16,19,21,21,23,24,27,30,35,36,37,40],"killed_by":"Nightmare_Alpha","ascension_level":2}}