{"host":"z9grmtg2w0nmz8n1","time":1608611053,"event":{"mods":["Aspiration","Bard","BaseMod","Beaked The Cultist","Better Altar","Better Match","Better Note","Better Sensory Stone","Better Skull","Better Third Choice","BetterRewards","CCEM","Colored Map","Conspire","Downfall","GifTheSpireLib","Googly Eyes","Halation","Hermit","Highlight Path","Hubris","Hunter ??","Jedi Mod","Jorbs\u0027s Wanderer Trilogy","Mad Scientist","Marisa????????","Minty Spire (QoL Compilation)","Permanent Neow","Replay The Spire","Shade Mod","Shop Mod","Spicy Shops","StSLib","Stuff the Spire","The Bug Knight","The Construct","The Necromancer","The Runesmith","The Witch"],"gold_per_floor":[109,129,129,139,155,187,27,47,73,73,99,99,99],"floor_reached":12,"playtime":411,"items_purged":["Defend_R"],"score":84,"play_id":"448ddfa6-14c7-4368-afa6-93a180595778","local_time":"20201222022413","is_ascension_mode":true,"campfire_choices":[{"floor":10,"key":"RECALL"}],"circlet_count":0,"master_deck":["Strike_R","Strike_R","Strike_R","Strike_R","Defend_R","Defend_R","Defend_R","Bash","Shrug It Off","Cleave","StuffTheSpire:Incineration","Rupture","Armaments"],"relics":["Burning Blood","halation:PenCase","StuffTheSpire:Experiment12","jedi:kaleidoscope","Akabeko"],"acts_visited":["Exordium"],"potions_floor_usage":[6],"damage_taken":[{"damage":1,"enemies":"Jaw Worm","floor":1,"turns":5},{"damage":2,"enemies":"Cultist","floor":2,"turns":4},{"damage":0,"enemies":"Small Slimes","floor":4,"turns":3},{"damage":9,"enemies":"Blue Slaver","floor":5,"turns":4},{"damage":48,"enemies":"Gremlin Nob","floor":6,"turns":6},{"damage":20,"enemies":"3 Louse","floor":8,"turns":3},{"damage":18,"enemies":"Lagavulin","floor":12,"turns":4}],"seed_played":"-7640132879166498239","potions_obtained":[{"floor":1,"key":"jedi:hoardpotion"},{"floor":5,"key":"jedi:holywater"},{"floor":6,"key":"jedi:mysterypotion"}],"is_trial":false,"path_per_floor":["M","M","?","M","M","E","$","M","T","R","T","E"],"character_chosen":"IRONCLAD","items_purchased":["jedi:kaleidoscope"],"campfire_rested":0,"item_purchase_floors":[7],"current_hp_per_floor":[80,80,80,80,77,35,35,21,21,21,21,3,3],"gold":99,"neow_bonus":"REMOVE_CARD","is_daily":false,"chose_seed":false,"campfire_upgraded":0,"win_rate":0.0,"timestamp":1608611053,"path_taken":["M","M","?","?","M","E","$","M","T","R","?","E"],"items_purchased_type":["Relic"],"build_version":"2020-12-13","purchased_purges":1,"victory":false,"max_hp_per_floor":[80,80,80,80,80,80,80,80,80,80,80,80,80],"card_choices":[{"not_picked":["Seeing Red","Power Through"],"picked":"Shrug It Off","floor":1},{"not_picked":["Power Through","Pummel"],"picked":"Cleave","floor":2},{"not_picked":["jedi:fear","Run Through"],"picked":"StuffTheSpire:Incineration","floor":4},{"not_picked":["Power Through","ReplayTheSpireMod:Strike From Hell","StuffTheSpire:RockThrow"],"picked":"SKIP","floor":5},{"not_picked":["Armaments","Bloodletting"],"picked":"Rupture","floor":6},{"not_picked":["StuffTheSpire:RockThrow","Body Slam"],"picked":"Armaments","floor":8}],"player_experience":614693,"relics_obtained":[{"floor":6,"key":"StuffTheSpire:Experiment12"},{"floor":11,"key":"Akabeko"}],"event_choices":[{"damage_healed":0,"gold_gain":0,"player_choice":"Gave Potion","damage_taken":0,"relics_obtained":["halation:PenCase"],"max_hp_gain":0,"max_hp_loss":0,"event_name":"WeMeetAgain","floor":3,"gold_loss":0}],"is_beta":false,"boss_relics":[],"items_purged_floors":[7],"is_endless":false,"potions_floor_spawned":[1,5,6],"killed_by":"Lagavulin","ascension_level":1}}