{"host":"00tqcjwpycel7e54","time":1608639123,"event":{"mods":["ATMod(阿瑾Mod)","BaseMod","Colored Powertips","Displayed Cursed Tome","Downfall","Hermit","Highlight Path","Luminous","Marisa（F雨　魔理沙）","Minty Spire (QoL Compilation)","Remilia（蕾米莉亚）","Replay The Spire","Robot Space Explorer","Shop Mod","Spicy Shops","StSLib","The Administrix","The Bug Knight","The Cursed","The Dragon Tamer","The Gatherer","The Hierophant","The Runesmith","The Senshi","The Servant 0.9.4","WarShipGirlsR/战舰少女R mod","Youmu（魂魄妖梦）","Yuyuko","【东方二次创作】八云紫mod","【遗物卡牌】REMEMod"],"gold_per_floor":[114,132,150,100,120,138,138,151,151,178,178,209,285,315,315,415,415,425,425,425,425,365,392,392,427,427,455,466,478,478,498,498,601,601,621,675,446,466,466,493,513,513,513,186,186,186,35,60,60,60],"floor_reached":51,"playtime":2105,"items_purged":[],"score":813,"play_id":"eb1b3fba-aa4c-4b36-8b33-3eee2d905aa3","local_time":"20201222201203","is_ascension_mode":true,"campfire_choices":[{"data":"AT_EmpoweredMortalDraw","floor":7.0,"key":"SMITH"},{"data":"hermit:FlashPowder","floor":11.0,"key":"SMITH"},{"data":"hermit:Maintenance","floor":11.0,"key":"SMITH"},{"data":"hermit:Quickdraw","floor":24.0,"key":"SMITH"},{"data":"hermit:RoundhouseKick","floor":24.0,"key":"SMITH"},{"floor":46,"key":"REST"},{"floor":49,"key":"DIG"}],"circlet_count":0,"master_deck":["hermit:Strike_Hermit","hermit:Defend_Hermit","hermit:Snapshot","hermit:Covet","hermit:FlashPowder+1","AT_EmpoweredMortalDraw+1","hermit:Enervate","hermit:Quickdraw+1","hermit:HighCaliber+1","hermit:Shortfuse","hermit:Maintenance+1","hermit:PistolWhip","hermit:Grudge","hermit:Horror","hermit:HeroicBravado+1","hermit:Headshot+1","J.A.X.","hermit:GoldenBullet","hermit:RoundhouseKick+1","hermit:NoHoldsBarred+1","hermit:Horror","hermit:Malice","hermit:Headshot","hermit:EternalForm+1","hermit:HoleUp","hermit:Gestalt","hermit:Deadeye+1","hermit:Combo+1","hermit:Snipe+1","hermit:Purgatory","hermit:Brawl","hermit:TakeCover","hermit:Midnight"],"relics":["hermit:Momento","AT_ATBox","REME_ComplimentaryCards","AT_GuinsooRageblade","Replay:Arrowhead","Chameleon Ring","hermit:Horseshoe","Snecko Eye","Ginger","Happy Flower","REME_IWantAll","FossilizedHelix","Replay:Drink Me","WingedGreaves","Potion Belt","Sundial","AT_RedTearstoneRing","Guide Book","Mummified Hand","Gambling Chip","AntiCross","AT_BellowingDragoncrestRing"],"acts_visited":["Exordium","TheCity","TheBeyond"],"potions_floor_usage":[42,42,50],"damage_taken":[{"damage":0.0,"enemies":"2 Louse","floor":1.0,"turns":1.0},{"damage":1.0,"enemies":"Jaw Worm","floor":2.0,"turns":4.0},{"damage":0.0,"enemies":"Small Slimes","floor":3.0,"turns":2.0},{"damage":0.0,"enemies":"2 Fungi Beasts","floor":5.0,"turns":2.0},{"damage":0.0,"enemies":"Exordium Wildlife","floor":6.0,"turns":2.0},{"damage":0.0,"enemies":"Blue Slaver","floor":8.0,"turns":1.0},{"damage":19.0,"enemies":"HollowMod:MossKnight","floor":10.0,"turns":6.0},{"damage":13.0,"enemies":"Lagavulin","floor":12.0,"turns":6.0},{"damage":17.0,"enemies":"3 Sentries","floor":14.0,"turns":3.0},{"damage":22.0,"enemies":"The Guardian","floor":16.0,"turns":11.0},{"damage":0.0,"enemies":"3 Byrds","floor":18.0,"turns":2.0},{"damage":12.0,"enemies":"Slavers","floor":23.0,"turns":2.0},{"damage":8.0,"enemies":"Book of Stabbing","floor":25.0,"turns":4.0},{"damage":0.0,"enemies":"Gremlin Leader","floor":27.0,"turns":4.0},{"damage":3.0,"enemies":"Chosen","floor":28.0,"turns":3.0},{"damage":0.0,"enemies":"3 Cultists","floor":29.0,"turns":2.0},{"damage":0.0,"enemies":"Sentry and Sphere","floor":31.0,"turns":2.0},{"damage":28.0,"enemies":"Collector","floor":33.0,"turns":6.0},{"damage":0.0,"enemies":"3 Darklings","floor":35.0,"turns":1.0},{"damage":34.0,"enemies":"2 Orb Walkers","floor":36.0,"turns":4.0},{"damage":0.0,"enemies":"Orb Walker","floor":38.0,"turns":2.0},{"damage":5.0,"enemies":"Nemesis","floor":40.0,"turns":4.0},{"damage":8.0,"enemies":"4 Shapes","floor":41.0,"turns":2.0},{"damage":0,"enemies":"Reptomancer","floor":42,"turns":2},{"damage":1,"enemies":"R_Hoarder","floor":48,"turns":4},{"damage":1,"enemies":"Replay:Hell Engine","floor":50,"turns":5}],"seed_played":"-6475886979959572096","potions_obtained":[{"floor":1.0,"key":"LifebloodPotion"},{"floor":3.0,"key":"Doom Potion"},{"floor":8.0,"key":"BlessingOfTheForge"},{"floor":12.0,"key":"Dexterity Potion"},{"floor":16.0,"key":"Energy Potion"},{"floor":27.0,"key":"SmokeBomb"},{"floor":31.0,"key":"Milkshake"},{"floor":33.0,"key":"SmokeBomb"},{"floor":38.0,"key":"LiquidMemories"},{"floor":41.0,"key":"Elixir"}],"is_trial":false,"path_per_floor":["M","M","M","?","M","M","R","M","T","E","R","E","?","E","R","B",null,"M","?","?","?","?","E","R","E","T","E","M","M","?","M","R","B",null,"M","?","$","M","?","E","M","E","T","$","?","R","$","E","R","B",null],"character_chosen":"HERMIT","items_purchased":["Potion Belt","hermit:Gestalt","Guide Book","Mummified Hand","Gambling Chip"],"campfire_rested":1,"item_purchase_floors":[37,37,44,44,47],"current_hp_per_floor":[75,74,74,74,74,74,74,74,74,55,55,42,42,25,47,25,75,75,75,75,75,75,63,63,55,55,55,52,52,52,52,52,24,57,57,23,23,26,26,21,13,13,13,13,13,31,31,30,30,29],"gold":60,"neow_bonus":"RANDOM_EVENT","is_daily":false,"chose_seed":false,"campfire_upgraded":5,"win_rate":0.0,"timestamp":1608639123,"path_taken":["M","M","M","?","M","M","R","M","T","E","R","E","?","E","R","BOSS","M","?","?","?","?","E","R","E","T","E","M","?","?","M","R","BOSS","M","?","$","M","?","E","M","E","T","$","?","R","$","E","R","BOSS"],"items_purchased_type":["Relic","Card","Relic","Relic","Relic"],"build_version":"2020-12-13","purchased_purges":0,"victory":true,"max_hp_per_floor":[75,75,75,75,75,75,75,75,75,75,75,75,75,75,75,75,75,75,75,75,75,75,75,75,75,75,75,75,75,75,75,75,75,57,57,57,57,60,60,60,60,60,60,60,60,60,60,60,60,60],"card_choices":[{"not_picked":["hermit:ShadowCloak","hermit:Vantage"],"picked":"hermit:Enervate","floor":1.0},{"not_picked":["hermit:HoleUp","hermit:TrackingShot"],"picked":"hermit:Quickdraw","floor":2.0},{"not_picked":["hermit:WideOpen","hermit:FinalCanter"],"picked":"hermit:HighCaliber","floor":3.0},{"not_picked":["hermit:Manifest","hermit:Roulette"],"picked":"hermit:Shortfuse","floor":5.0},{"not_picked":["hermit:Misfire","hermit:TrackingShot"],"picked":"hermit:Maintenance","floor":6.0},{"not_picked":["hermit:LowProfile","hermit:Coalescence"],"picked":"hermit:PistolWhip","floor":8.0},{"not_picked":["hermit:Midnight","hermit:Dissolve"],"picked":"hermit:Grudge","floor":10.0},{"not_picked":["hermit:Dive","hermit:ShadowCloak","hermit:Feint"],"picked":"SKIP","floor":12.0},{"not_picked":["hermit:Feint","hermit:Spite"],"picked":"hermit:Horror","floor":14.0},{"not_picked":["hermit:Roughhouse","hermit:Adapt"],"picked":"hermit:HeroicBravado","floor":16.0},{"not_picked":["hermit:Feint","hermit:Manifest"],"picked":"hermit:Headshot+1","floor":18.0},{"not_picked":["hermit:Snipe","hermit:Desperado+1"],"picked":"hermit:RoundhouseKick","floor":23.0},{"not_picked":["hermit:PistolWhip","hermit:Ricochet"],"picked":"hermit:NoHoldsBarred+1","floor":25.0},{"not_picked":["hermit:LoneWolf","hermit:BodyArmor"],"picked":"hermit:Horror","floor":27.0},{"not_picked":["hermit:Desperado+1","hermit:Quickdraw","hermit:DeadMansHand"],"picked":"SKIP","floor":28.0},{"not_picked":["hermit:FullyLoaded","hermit:HoleUp+1"],"picked":"hermit:Malice","floor":29.0},{"not_picked":["hermit:LowProfile","hermit:CursedWeapon"],"picked":"hermit:Headshot","floor":31.0},{"not_picked":["hermit:Dissolve","hermit:FromBeyond"],"picked":"hermit:EternalForm","floor":33.0},{"not_picked":["hermit:Headshot+1","hermit:TrackingShot","hermit:Midnight"],"picked":"SKIP","floor":35.0},{"not_picked":["hermit:Spite","hermit:Dissolve"],"picked":"hermit:HoleUp","floor":36.0},{"not_picked":["hermit:Deadeye+1","hermit:Combo+1","hermit:Snipe+1"],"picked":"Singing Bowl","floor":38.0},{"not_picked":[],"picked":"hermit:Purgatory","floor":39.0},{"not_picked":["hermit:TakeAim+1","hermit:BlackWind"],"picked":"hermit:Brawl","floor":40.0},{"not_picked":["hermit:Desperado+1","hermit:PistolWhip+1"],"picked":"hermit:TakeCover","floor":41.0},{"not_picked":["hermit:Snipe","hermit:Showdown"],"picked":"hermit:Midnight","floor":48}],"player_experience":685288,"relics_obtained":[{"floor":9.0,"key":"AT_GuinsooRageblade"},{"floor":10.0,"key":"Replay:Arrowhead"},{"floor":12.0,"key":"Chameleon Ring"},{"floor":14.0,"key":"hermit:Horseshoe"},{"floor":23.0,"key":"Ginger"},{"floor":25.0,"key":"Happy Flower"},{"floor":26.0,"key":"REME_IWantAll"},{"floor":27.0,"key":"FossilizedHelix"},{"floor":36.0,"key":"WingedGreaves"},{"floor":40.0,"key":"Sundial"},{"floor":43,"key":"AT_RedTearstoneRing"},{"floor":48,"key":"AntiCross"},{"floor":49,"key":"AT_BellowingDragoncrestRing"}],"event_choices":[{"damage_healed":0.0,"max_hp_gain":0.0,"max_hp_loss":0.0,"gold_gain":0.0,"cards_transformed":["hermit:Strike_Hermit"],"event_name":"Living Wall","player_choice":"Change","floor":0.0,"gold_loss":0.0,"damage_taken":0.0,"cards_obtained":["hermit:FlashPowder"]},{"cards_removed":["hermit:Defend_Hermit"],"damage_healed":0.0,"max_hp_gain":0.0,"max_hp_loss":0.0,"gold_gain":0.0,"event_name":"The Cleric","player_choice":"Card Removal","floor":4.0,"gold_loss":50.0,"damage_taken":0.0},{"damage_healed":0.0,"max_hp_gain":0.0,"max_hp_loss":0.0,"gold_gain":76.0,"event_name":"Golden Wing","player_choice":"Gained Gold","floor":13.0,"gold_loss":0.0,"damage_taken":0.0},{"damage_healed":0.0,"max_hp_gain":0.0,"max_hp_loss":0.0,"gold_gain":0.0,"event_name":"Drug Dealer","player_choice":"Obtain J.A.X.","floor":19.0,"gold_loss":0.0,"damage_taken":0.0,"cards_obtained":["J.A.X."]},{"damage_healed":0.0,"max_hp_gain":0.0,"max_hp_loss":0.0,"gold_gain":0.0,"event_name":"Vampires","player_choice":"Ignored","floor":20.0,"gold_loss":0.0,"damage_taken":0.0},{"damage_healed":0.0,"max_hp_gain":0.0,"max_hp_loss":0.0,"gold_gain":0.0,"event_name":"The Library","player_choice":"Read","floor":21.0,"gold_loss":0.0,"damage_taken":0.0,"cards_obtained":["hermit:GoldenBullet"]},{"cards_removed":["hermit:Defend_Hermit"],"damage_healed":0.0,"max_hp_gain":0.0,"max_hp_loss":0.0,"gold_gain":0.0,"event_name":"Back to Basics","player_choice":"Elegance","floor":32.0,"gold_loss":0.0,"damage_taken":0.0},{"damage_healed":0.0,"max_hp_gain":0.0,"max_hp_loss":0.0,"gold_gain":0.0,"event_name":"Mysterious Sphere","player_choice":"Fight","floor":36.0,"gold_loss":0.0,"damage_taken":0.0},{"damage_healed":0,"gold_gain":0,"player_choice":"Ignored","damage_taken":0,"max_hp_gain":0,"max_hp_loss":0,"event_name":"Tomb of Lord Red Mask","floor":45,"gold_loss":0}],"is_beta":false,"boss_relics":[{"not_picked":["ChewingGum","Runesmith:UraniumAnvil"],"picked":"Snecko Eye"},{"not_picked":["Painkiller Herb","ReplayTheSpireMod:DimensionalGlitch"],"picked":"Replay:Drink Me"}],"items_purged_floors":[],"is_endless":false,"potions_floor_spawned":[1,3,8,12,16,18,27,31,33,35,38,41],"ascension_level":4}}