{"host":"4qt77pm52ljaz00q","time":1608643743,"event":{"mods":["2.2 Compatiblity","BaseMod","BetterRewards","Colored Map","Downfall","Minty Spire (QoL Compilation)","Permanent Neow","Relic Sorter","Shop Mod","StSLib","Unknown Chances"],"gold_per_floor":[99,118,118,135,135,160,160,224,256,181,191,208,242,260,277,277,277,277],"floor_reached":16,"playtime":734,"items_purged":[],"score":134,"play_id":"bf420b59-ec5a-4543-b3d8-57a24189a892","local_time":"20201222082903","is_ascension_mode":true,"campfire_choices":[{"floor":1,"key":"RECALL"},{"data":"champ:Taunt","floor":10,"key":"SMITH"}],"circlet_count":0,"master_deck":["champ:Strike","champ:Strike","champ:Strike","champ:Strike","champ:Defend","champ:Defend","champ:Defend","champ:Defend","champ:Execute","champ:Taunt+1","champ:Encircle","champ:FanOfKnives","champ:EnragedBash","champ:BringItOn","champ:Aggression","champ:RageSigil","champ:Devastate+1"],"relics":["champ:ChampionCrown","Molten Egg 2","Sundial","Thread and Needle","Gremlin Horn","champ:FightingForDummies","downfall:HeartBlessingRed","Question Card"],"acts_visited":["Exordium"],"potions_floor_usage":[6,12,16,16],"damage_taken":[{"damage":9,"enemies":"Jaw Worm","floor":2,"turns":4},{"damage":6,"enemies":"Small Slimes","floor":4,"turns":3},{"damage":35,"enemies":"3 Sentries","floor":6,"turns":6},{"damage":39,"enemies":"3 Sentries","floor":8,"turns":6},{"damage":22,"enemies":"Gremlin Nob","floor":9,"turns":4},{"damage":4,"enemies":"Cultist","floor":11,"turns":3},{"damage":0,"enemies":"3 Louse","floor":12,"turns":5},{"damage":20,"enemies":"Lagavulin","floor":13,"turns":7},{"damage":11,"enemies":"Exordium Wildlife","floor":14,"turns":2},{"damage":4,"enemies":"2 Fungi Beasts","floor":15,"turns":3},{"damage":26,"enemies":"downfall:Ironclad","floor":16,"turns":6}],"seed_played":"8671389980991135316","potions_obtained":[{"floor":2,"key":"champ:CounterPotion"},{"floor":11,"key":"Regen Potion"},{"floor":12,"key":"sneckomod:MuddlingPotion"},{"floor":13,"key":"champ:OpenerPotion"},{"floor":15,"key":"Fire Potion"}],"is_trial":false,"path_per_floor":["R","M","?","M","?","E","T","?","E","R","M","M","E","M","M","B"],"character_chosen":"THE_CHAMP","items_purchased":[],"campfire_rested":0,"item_purchase_floors":[],"current_hp_per_floor":[90,90,95,95,83,58,58,32,18,18,18,32,21,16,16,0,0,0],"gold":277,"neow_bonus":"THREE_CARDS","is_daily":false,"chose_seed":false,"campfire_upgraded":1,"win_rate":0.0,"timestamp":1608643743,"path_taken":["R","M","?","M","?","E","T","?","E","R","M","?","E","M","M","BOSS"],"items_purchased_type":[],"build_version":"2020-12-13","purchased_purges":0,"victory":false,"max_hp_per_floor":[90,90,95,95,95,95,95,95,95,95,95,95,95,95,95,95,95,95],"card_choices":[{"not_picked":["champ:CrookedStrike","champ:AdrenalArmor"],"picked":"champ:Encircle","floor":0},{"not_picked":["champ:Balance","champ:CrookedStrike"],"picked":"champ:FanOfKnives","floor":2},{"not_picked":["champ:Haymaker","champ:DefensiveShout"],"picked":"champ:EnragedBash","floor":4},{"not_picked":["champ:FocusedGladiator","champ:SwordSigil","champ:Backstep"],"picked":"SKIP","floor":6},{"not_picked":["champ:EnragedBash+1","champ:ShieldThrow+1","champ:Circumvent"],"picked":"SKIP","floor":9},{"not_picked":["champ:DefensiveShout","champ:GladiatorStyle"],"picked":"champ:BringItOn","floor":11},{"not_picked":["champ:Circumvent","champ:PerfectedStrike+1"],"picked":"champ:Aggression","floor":12},{"not_picked":["champ:SkillfulDodge","champ:EnragedBash+1","champ:CalledShot"],"picked":"SKIP","floor":13},{"not_picked":["champ:StanceDance","champ:TornadoPunch+1","champ:FocusedDefense"],"picked":"champ:RageSigil","floor":14},{"not_picked":["champ:ViciousMockery","champ:Backstep","champ:GutPunch+1"],"picked":"champ:Devastate+1","floor":15}],"player_experience":180325,"relics_obtained":[{"floor":6,"key":"Sundial"},{"floor":7,"key":"Thread and Needle"},{"floor":8,"key":"Gremlin Horn"},{"floor":9,"key":"champ:FightingForDummies"},{"floor":13,"key":"Question Card"}],"event_choices":[{"damage_healed":0,"gold_gain":0,"player_choice":"Donut","damage_taken":0,"max_hp_gain":5,"max_hp_loss":0,"event_name":"Big Fish","floor":3,"gold_loss":0},{"damage_healed":0,"gold_gain":0,"player_choice":"Success","damage_taken":12,"relics_obtained":["Molten Egg 2"],"max_hp_gain":0,"max_hp_loss":0,"event_name":"Scrap Ooze","floor":5,"gold_loss":0}],"is_beta":false,"boss_relics":[],"items_purged_floors":[],"is_endless":false,"potions_floor_spawned":[2,11,12,13,15],"killed_by":"downfall:Ironclad","ascension_level":2}}