{"host":"gj32n68c553yo87c","time":1608673046,"event":{"mods":["BaseMod","Downfall","Minty Spire (QoL Compilation)","Replay The Spire","StSLib","The Hayseed"],"gold_per_floor":[114,114,126,126,126,126,126,17,17,17,36,47,47,47,47,59,59,156,156,175,30,46,46,0,0,13,13,13,13,29,39,39,114,114,211,261,275,275,290,147,173,173,189,189,189,206,206,206,206],"floor_reached":50,"playtime":5280,"items_purged":["TheSimpletonMod:Strike_TheSimpleton"],"score":803,"play_id":"914c2456-9441-4e4f-ab73-4394d863ca32","local_time":"20201222133726","is_ascension_mode":false,"campfire_choices":[{"data":"TheSimpletonMod:Defend_TheSimpleton","floor":6,"key":"SMITH"},{"data":"TheSimpletonMod:Corn","floor":10,"key":"SMITH"},{"data":"TheSimpletonMod:Defend_TheSimpleton","floor":17,"key":"SMITH"},{"data":"TheSimpletonMod:Defend_TheSimpleton","floor":25,"key":"SMITH"},{"data":"TheSimpletonMod:Defend_TheSimpleton","floor":27,"key":"SMITH"},{"floor":34,"key":"REST"},{"data":"TheSimpletonMod:OnionBloom","floor":44,"key":"SMITH"}],"circlet_count":0,"master_deck":["TheSimpletonMod:Defend_TheSimpleton+1","TheSimpletonMod:Defend_TheSimpleton+1","TheSimpletonMod:Defend_TheSimpleton+1","TheSimpletonMod:Defend_TheSimpleton+1","TheSimpletonMod:ReapAndSow+1","TheSimpletonMod:Corn+1","CurseOfTheBell","TheSimpletonMod:OnionBloom+1"],"relics":["TheSimpletonMod:SpudOfTheInnocent","TheSimpletonMod:NightSoil","TheSimpletonMod:TheHarvester","Replay:Bottled Steam","Question Card","Replay:Grab Bag","Busted Crown","ReplayTheSpireMod:Onyx Gauntlets","Calling Bell","Empty Cage","Boot","Molten Egg 2","Replay:Towering Pillar of Hats","TheAbacus","MutagenicStrength","Pear","Tiny House","Calipers","Anchor","Happy Flower","ReplayFunnel"],"acts_visited":["Exordium","TheCity","TheBeyond"],"potions_floor_usage":[30,30,35,35,39,49,49,49,49,49],"damage_taken":[{"damage":0,"enemies":"2 Louse","floor":1,"turns":2},{"damage":6,"enemies":"Jaw Worm","floor":3,"turns":4},{"damage":5,"enemies":"Small Slimes","floor":11,"turns":2},{"damage":0,"enemies":"3 Louse","floor":12,"turns":1},{"damage":0,"enemies":"Lots of Slimes","floor":16,"turns":1},{"damage":11,"enemies":"Slime Boss","floor":18,"turns":8},{"damage":0,"enemies":"Chosen","floor":20,"turns":6},{"damage":0,"enemies":"Shell Parasite","floor":22,"turns":4},{"damage":0,"enemies":"Snake Plant","floor":26,"turns":4},{"damage":0,"enemies":"Sentry and Sphere","floor":30,"turns":3},{"damage":1,"enemies":"Snecko","floor":31,"turns":4},{"damage":35,"enemies":"Collector","floor":35,"turns":10},{"damage":39,"enemies":"3 Shapes","floor":37,"turns":7},{"damage":0,"enemies":"3 Darklings","floor":39,"turns":3},{"damage":11,"enemies":"Sphere and 2 Shapes","floor":43,"turns":4},{"damage":0,"enemies":"Maw","floor":46,"turns":7},{"damage":0,"enemies":"Awakened One","floor":49,"turns":9}],"seed_played":"2981999408435931558","potions_obtained":[{"floor":3,"key":"Fire Potion"},{"floor":7,"key":"DistilledChaos"},{"floor":7,"key":"EntropicBrew"},{"floor":18,"key":"Adrenaline Potion"},{"floor":30,"key":"hexamod:EctoCoolerPotion"},{"floor":31,"key":"FearPotion"},{"floor":35,"key":"sneckomod:MuddlingPotion"},{"floor":36,"key":"FearPotion"},{"floor":37,"key":"Adrenaline Potion"},{"floor":43,"key":"ColorlessPotion"},{"floor":46,"key":"SteroidPotion"}],"is_trial":false,"path_per_floor":["M","?","M","?","?","R","?","$","T","R","M","M","PTL","PTL","$","M","R","B",null,"M","$","M","?","?","R","M","R","T","?","M","M","$","?","R","B",null,"M","?","M","$","T","$","M","R","T","M","?","?","B",null],"character_chosen":"THE_SIMPLETON","items_purchased":["TheSimpletonMod:Corn","TheAbacus","Anchor"],"campfire_rested":1,"item_purchase_floors":[8,21,40],"current_hp_per_floor":[75,68,66,59,44,44,44,44,44,44,43,47,47,47,47,51,51,44,75,75,75,75,75,75,75,75,75,85,85,85,84,84,76,85,50,90,51,51,51,51,51,51,40,40,40,40,40,40,40],"gold":206,"neow_bonus":"REMOVE_CARD","is_daily":false,"chose_seed":false,"campfire_upgraded":6,"win_rate":0.0,"timestamp":1608673046,"path_taken":["M","?","M","?","?","R","?","$","T","R","?","M","PTL","PTL","?","M","R","BOSS","M","$","M","?","?","R","M","R","T","?","M","M","$","?","R","BOSS","M","?","M","$","?","$","M","R","T","M","?","?","BOSS"],"items_purchased_type":["Card","Relic","Relic"],"build_version":"2020-12-13","purchased_purges":1,"victory":true,"max_hp_per_floor":[75,75,75,75,75,75,75,75,75,75,75,75,75,75,75,75,75,75,75,75,75,75,75,75,75,75,75,85,85,85,85,85,85,85,85,90,90,90,90,90,90,90,90,90,90,90,85,85,85],"card_choices":[{"not_picked":["TheSimpletonMod:CloseScrape","TheSimpletonMod:Mulch","TheSimpletonMod:Corn"],"picked":"SKIP","floor":1},{"not_picked":["TheSimpletonMod:OnionBloom","TheSimpletonMod:SaladShooter","TheSimpletonMod:RootDown"],"picked":"SKIP","floor":3},{"not_picked":["TheSimpletonMod:ToughenUp","TheSimpletonMod:Pruning","TheSimpletonMod:Swelter","TheSimpletonMod:SlashAndBurn"],"picked":"SKIP","floor":11},{"not_picked":["TheSimpletonMod:StockTheCellar","TheSimpletonMod:RootDown","TheSimpletonMod:SaladShooter","TheSimpletonMod:BumperCrop"],"picked":"SKIP","floor":12},{"not_picked":["TheSimpletonMod:StockTheCellar","TheSimpletonMod:RootDown","TheSimpletonMod:OnionBloom","TheSimpletonMod:SlashAndBurn"],"picked":"SKIP","floor":16},{"not_picked":["TheSimpletonMod:KeenEdge+1","TheSimpletonMod:CloseScrape+1"],"picked":"SKIP","floor":20},{"not_picked":["TheSimpletonMod:Germinate","TheSimpletonMod:Thresh+1"],"picked":"SKIP","floor":22},{"not_picked":["TheSimpletonMod:StockTheCellar+1","TheSimpletonMod:SoilSample"],"picked":"SKIP","floor":26},{"not_picked":["TheSimpletonMod:Ferment","TheSimpletonMod:ControlledBurn"],"picked":"SKIP","floor":30},{"not_picked":["TheSimpletonMod:DigIn","TheSimpletonMod:SlashAndBurn+1"],"picked":"SKIP","floor":31},{"not_picked":["TheSimpletonMod:Swelter"],"picked":"TheSimpletonMod:RootDown+1","floor":36},{"not_picked":["TheSimpletonMod:SpiceUp","TheSimpletonMod:BumperCrop"],"picked":"SKIP","floor":37},{"not_picked":["TheSimpletonMod:PestManagement+1"],"picked":"TheSimpletonMod:OnionBloom","floor":39},{"not_picked":["TheSimpletonMod:Pruning+1","TheSimpletonMod:DoubleBarrel+1"],"picked":"SKIP","floor":43},{"not_picked":["TheSimpletonMod:OnionBloom+1","TheSimpletonMod:Sunseed+1"],"picked":"SKIP","floor":46}],"player_experience":38437,"relics_obtained":[{"floor":9,"key":"Question Card"},{"floor":19,"key":"Boot"},{"floor":19,"key":"Molten Egg 2"},{"floor":19,"key":"Replay:Towering Pillar of Hats"},{"floor":28,"key":"Pear"},{"floor":41,"key":"Happy Flower"},{"floor":45,"key":"ReplayFunnel"}],"event_choices":[{"damage_healed":0,"gold_gain":0,"player_choice":"Success","damage_taken":7,"relics_obtained":["Replay:Bottled Steam"],"max_hp_gain":0,"max_hp_loss":0,"event_name":"Scrap Ooze","floor":2,"gold_loss":0},{"cards_removed":["TheSimpletonMod:Strike_TheSimpleton"],"damage_healed":0,"gold_gain":0,"player_choice":"Card Removal","damage_taken":7,"max_hp_gain":0,"max_hp_loss":0,"event_name":"Golden Wing","floor":4,"gold_loss":0},{"damage_healed":0,"gold_gain":0,"player_choice":"Entered Light","damage_taken":15,"max_hp_gain":0,"max_hp_loss":0,"event_name":"Shining Light","floor":5,"gold_loss":0,"cards_upgraded":["TheSimpletonMod:Strike_TheSimpleton","TheSimpletonMod:ReapAndSow"]},{"damage_healed":0,"gold_gain":0,"player_choice":"Got Potions","damage_taken":0,"max_hp_gain":0,"max_hp_loss":0,"event_name":"Lab","floor":7,"gold_loss":0},{"damage_healed":0,"gold_gain":0,"player_choice":"Inject Mutagens","damage_taken":0,"relics_obtained":["MutagenicStrength"],"max_hp_gain":0,"max_hp_loss":0,"event_name":"Drug Dealer","floor":23,"gold_loss":0},{"damage_healed":0,"gold_gain":0,"player_choice":"Paid Fearfully","damage_taken":0,"max_hp_gain":0,"max_hp_loss":0,"event_name":"Masked Bandits","floor":24,"gold_loss":46},{"damage_healed":0,"gold_gain":75,"player_choice":"Touch","damage_taken":8,"max_hp_gain":0,"max_hp_loss":0,"event_name":"FaceTrader","floor":33,"gold_loss":0},{"cards_removed":["TheSimpletonMod:RootDown"],"damage_healed":0,"gold_gain":0,"player_choice":"Gave Card","damage_taken":0,"relics_obtained":["Calipers"],"max_hp_gain":0,"max_hp_loss":0,"event_name":"WeMeetAgain","floor":38,"gold_loss":0},{"damage_healed":0,"gold_gain":0,"player_choice":"Max HP","damage_taken":0,"max_hp_gain":0,"max_hp_loss":5,"event_name":"Winding Halls","floor":47,"gold_loss":0},{"damage_healed":0,"gold_gain":0,"player_choice":"Took Portal","damage_taken":0,"max_hp_gain":0,"max_hp_loss":0,"event_name":"SecretPortal","floor":48,"gold_loss":0}],"is_beta":false,"boss_relics":[{"not_picked":["Replay:Drink Me","WristBlade"],"picked":"Replay:Grab Bag"},{"not_picked":["Runic Dome","Coffee Dripper"],"picked":"Busted Crown"},{"not_picked":["Ectoplasm","Abe\u0027s Treasure"],"picked":"ReplayTheSpireMod:Onyx Gauntlets"},{"not_picked":["Kintsugi","Astrolabe"],"picked":"Calling Bell"},{"not_picked":["Snecko Eye","TheSimpletonMod:OnionBelt"],"picked":"Empty Cage"},{"not_picked":["Fusion Hammer","Sozu"],"picked":"Tiny House"}],"items_purged_floors":[8],"is_endless":false,"potions_floor_spawned":[3,11,18,22,26,30,31,35,37,43,46],"ascension_level":0}}