{"host":"xnqz5xrogo3hmjp9","time":1608642756,"event":{"mods":["ATMod(阿瑾Mod)","AchievementEnabler","BaseMod","Better Third Choice","BetterRewards","Colored Map","Colored Powertips","Conspire","Dota2Spire","Downfall","GifTheSpireLib","Hermit","Infinite Spire","KinomotoSakuraMod(木之本樱)","Marisa（F雨　魔理沙）","Marked Mod","Minty Spire (QoL Compilation)","Quick Restart","Relic Stats","Remilia（蕾米莉亚）","Replay The Spire","Shop Mod","Spicy Shops","StSLib","SuperFastMode","The Bladedancer","The Mystic","The Senshi","Yuri Mod","[功能]商店购物价格优惠80%"],"gold_per_floor":[116,127,7,7,37,37,70,101,182,215,215,265,294,60,60,199,199,243,284,60,91,91,91,123,160,172,218,254,278,312,367,379,509,521,545,584,461,461,478,512,579,433,433,468,488,501,501,521,521,521,521,521,92,92],"floor_reached":55,"playtime":3403,"items_purged":["Defend_MRS"],"score":2022,"play_id":"48e20ee9-fa7a-4f67-8135-1a7e42109928","local_time":"20201222211236","is_ascension_mode":true,"campfire_choices":[{"data":"AT_ShrugMaster","floor":6,"key":"SMITH"},{"floor":11,"key":"RECALL"},{"data":"OortCloud","floor":15,"key":"SMITH"},{"data":"FinalSpark","floor":23,"key":"SMITH"},{"data":"FinalSpark","floor":32,"key":"SMITH"},{"data":"PowerUp","floor":47,"key":"SMITH"},{"data":"AT_EmpoweredMortalDraw","floor":49,"key":"SMITH"},{"data":"BlazeAway","floor":52,"key":"SMITH"}],"circlet_count":0,"master_deck":["Strike_MRS","Strike_MRS","Strike_MRS","Defend_MRS","Defend_MRS","MasterSpark","UpSweep","AT_ShrugMaster+1","RefractionSpark","OortCloud","WitchOfGreed","DoubleSpark","AlicesGift","UnstableBomb","OortCloud+1","BlazeAway","EnergyFlow","Robbery","PropBag","WitchOfGreed","SprinkleStarSeal","Replay:Dark Deal+1","JA","LuminesStrike+1","GravityBeat","FinalSpark+1","GravityBeat+1","BlazeAway+1","OrrerysSun","FinalSpark+1","ChargingUp","MilkyWay","MysteriousBeam+1","OpenUniverse","PowerUp+1","MysteriousBeam","CasketOfStar+1","AT_EmpoweredMortalDraw+1","MysteriousBeam+1","LuminesStrike+1","Parasite","Parasite","MysteriousBeam","GasGiant","EventHorizon","Languid","Acceleration+1","Decay","DoubleSpark","Sickly","PulseMagic+1","LuminesStrike+1","UnstableBomb","BlazeAway+1","PulseMagic"],"relics":["MiniHakkero","AT_ATBox","AT_SeraphEmbrace","Anchor","Simple Rune","Dota2Spire:Dagon","Potion Belt","Lee\u0027s Waffle","Replay:Rubber Ducky","Vajra","Garlic","ExperimentalFamiliar","Dota2Spire:CrimsonGuard","Incense Burner","DollysMirror","MerchantsRug","MawBank","Dota2Spire:EchoSabre","Replay:Grab Bag","Cursed Key","Coffee Dripper","Honey Jar","AT_MortalBlade","AT_BladeRuinedKing","ShroomBag","conspire:TreasureMap","Dota2Spire:UrnOfShadows","Blue Candle","Dota2Spire:BlackKingBar","Dota2Spire:OrchidMalevolence","Dota2Spire:HeartOfTarrasque","Guide Book","ScarletDevilRocket","Replay:Mystery Machine","Dota2Spire:MagicBottle","conspire:TopHat","SimpleLauncher","AT_RedTearstoneRing"],"acts_visited":["Exordium","TheCity","TheBeyond","TheEnding"],"potions_floor_usage":[16,16,33,33,33,50,50,54],"damage_taken":[{"damage":1,"enemies":"Cultist","floor":1,"turns":3},{"damage":0,"enemies":"2 Louse","floor":2,"turns":3},{"damage":0,"enemies":"Jaw Worm","floor":5,"turns":3},{"damage":8,"enemies":"3 Louse","floor":7,"turns":3},{"damage":6,"enemies":"Large Slime","floor":8,"turns":5},{"damage":0,"enemies":"Blue Slaver","floor":10,"turns":3},{"damage":0,"enemies":"Lagavulin","floor":12,"turns":7},{"damage":4,"enemies":"3 Louse","floor":13,"turns":5},{"damage":0,"enemies":"Fading Forest","floor":16,"turns":11},{"damage":0,"enemies":"2 Thieves","floor":18,"turns":4},{"damage":0,"enemies":"3 Byrds","floor":19,"turns":2},{"damage":0,"enemies":"Cultist and Chosen","floor":21,"turns":4},{"damage":0,"enemies":"Gremlin Leader","floor":24,"turns":3},{"damage":0,"enemies":"3 Cultists","floor":25,"turns":4},{"damage":0,"enemies":"Book of Stabbing","floor":27,"turns":3},{"damage":0,"enemies":"Centurion and Healer","floor":28,"turns":3},{"damage":0,"enemies":"Cultist and Chosen","floor":29,"turns":2},{"damage":0,"enemies":"3 Cultists","floor":30,"turns":2},{"damage":2,"enemies":"Snake Plant","floor":31,"turns":3},{"damage":0,"enemies":"Champ","floor":33,"turns":6},{"damage":0,"enemies":"3 Darklings","floor":35,"turns":2},{"damage":0,"enemies":"3 Shapes","floor":36,"turns":2},{"damage":0,"enemies":"3 Darklings","floor":39,"turns":1},{"damage":0,"enemies":"Nemesis","floor":40,"turns":2},{"damage":1,"enemies":"R_Hoarder","floor":44,"turns":2},{"damage":0,"enemies":"Maw","floor":45,"turns":1},{"damage":0,"enemies":"Spire Growth","floor":46,"turns":1},{"damage":0,"enemies":"4 Shapes","floor":48,"turns":2},{"damage":53,"enemies":"infinitespire:MassOfShapes","floor":50,"turns":2},{"damage":57,"enemies":"The Heart","floor":54,"turns":3}],"seed_played":"-2756666243275386142","potions_obtained":[{"floor":1,"key":"PowerPotion"},{"floor":7,"key":"Flashbang"},{"floor":8,"key":"ShroomBrew"},{"floor":12,"key":"Fire Potion"},{"floor":12,"key":"SpeedPotion"},{"floor":16,"key":"PowerPotion"},{"floor":16,"key":"Strength Potion"},{"floor":18,"key":"BottledSpark"},{"floor":19,"key":"conspire:TimeTravelPotion"},{"floor":24,"key":"Strength Potion"},{"floor":25,"key":"Weak Potion"},{"floor":25,"key":"champ:CounterPotion"},{"floor":29,"key":"Fire Potion"},{"floor":29,"key":"Fire Potion"},{"floor":31,"key":"BottledSpark"},{"floor":35,"key":"SteroidPotion"},{"floor":36,"key":"Dexterity Potion"},{"floor":36,"key":"SkillPotion"},{"floor":39,"key":"Weak Potion"},{"floor":40,"key":"Languid Potion"},{"floor":41,"key":"StarNLove"},{"floor":44,"key":"Explosive Potion"},{"floor":45,"key":"Energy Potion"},{"floor":46,"key":"infinitespire:BlackPotion"},{"floor":48,"key":"SkillPotion"}],"is_trial":false,"path_per_floor":["M","M","$","?","M","R","M","M","T","M","R","E","M","$","R","B",null,"M","M","$","M","?","R","E","M","T","E","M","M","M","M","R","B",null,"M","M","$","?","M","E","?","$","T","E","M","M","R","M","R","B",null,"R","$","B",null],"character_chosen":"MARISA","items_purchased":["AT_ArchangelStaff","WitchOfGreed","DoubleSpark","AlicesGift","Anchor","Simple Rune","WitchOfGreed","SprinkleStarSeal","Lee\u0027s Waffle","Replay:Rubber Ducky","Vajra","Garlic","Replay:Dark Deal","FinalSpark","GravityBeat+1","BlazeAway","OrrerysSun","Dota2Spire:CrimsonGuard","Incense Burner","DollysMirror","MerchantsRug","AT_BladeRuinedKing","ShroomBag","conspire:TreasureMap","MysteriousBeam","Dota2Spire:UrnOfShadows","Dota2Spire:OrchidMalevolence","Dota2Spire:HeartOfTarrasque","Guide Book","DoubleSpark","ScarletDevilRocket","conspire:TopHat","SimpleLauncher","AT_RedTearstoneRing","PulseMagic"],"campfire_rested":0,"item_purchase_floors":[3,3,3,3,3,3,14,14,14,14,14,14,14,20,20,20,20,20,20,20,20,37,37,37,37,37,42,42,42,42,42,53,53,53,53],"current_hp_per_floor":[74,74,74,74,74,74,66,60,60,60,60,60,56,82,82,82,82,82,82,82,82,82,82,82,82,82,82,82,82,82,80,80,80,82,82,82,82,82,82,82,82,90,90,89,89,89,89,89,89,37,90,90,90,84],"gold":92,"neow_bonus":"TRANSFORM_CARD","is_daily":false,"chose_seed":false,"campfire_upgraded":7,"win_rate":0.0,"timestamp":1608642756,"path_taken":["M","M","$","?","M","R","M","M","T","M","R","E","M","$","R","BOSS","M","M","$","M","?","R","E","M","T","E","?","M","M","M","R","BOSS","M","M","$","?","M","E","?","$","T","E","M","M","R","M","R","BOSS","R","$","BOSS"],"items_purchased_type":["Relic","Card","Card","Card","Relic","Relic","Card","Card","Relic","Relic","Relic","Relic","Card","Card","Card","Card","Card","Relic","Relic","Relic","Relic","Relic","Relic","Relic","Card","Relic","Relic","Relic","Relic","Card","Relic","Relic","Relic","Relic","Card"],"build_version":"2020-12-13","purchased_purges":1,"victory":true,"max_hp_per_floor":[75,75,75,75,75,75,75,75,75,75,75,75,75,82,82,82,82,82,82,82,82,82,82,82,82,82,82,82,82,82,82,82,82,82,82,82,82,82,82,82,82,90,90,90,90,90,90,90,90,90,90,90,90,90],"relic_stats":{"Lee\u0027s Waffle":26,"counters":[30,97],"Blue Candle":[3],"MawBank":156,"Cursed Key":1,"obtain_stats":[{"AT_SeraphEmbrace":13,"Dota2Spire:EchoSabre":27,"AT_ATBox":0,"ScarletDevilRocket":42,"Gremlin Horn":16,"Dota2Spire:OrchidMalevolence":42,"Vajra":14,"Incense Burner":20,"Replay:Mystery Machine":43,"AT_ArchangelStaff":3,"Cursed Key":34,"conspire:TopHat":53,"Replay:Rubber Ducky":14,"Dota2Spire:MagicBottle":44,"Dota2Spire:CrimsonGuard":20,"DollysMirror":20,"Sundial":36,"Honey Jar":34,"Kunai":40,"SimpleLauncher":53,"Potion Belt":12,"MerchantsRug":20,"Lee\u0027s Waffle":14,"conspire:TreasureMap":37,"AT_RedTearstoneRing":53,"Dota2Spire:UrnOfShadows":37,"Dota2Spire:BlackKingBar":41,"Dota2Spire:Dagon":9,"Replay:Grab Bag":34,"Blue Candle":40,"Guide Book":42,"AT_MortalBlade":34,"AT_BladeRuinedKing":37,"Dota2Spire:HeartOfTarrasque":42,"Letter Opener":33,"MawBank":24,"Mercury Hourglass":25,"ShroomBag":37,"Anchor":3,"ExperimentalFamiliar":17,"Simple Rune":3,"Garlic":14,"Coffee Dripper":34,"MiniHakkero":0},{"AT_SeraphEmbrace":8,"Dota2Spire:EchoSabre":15,"AT_ATBox":0,"ScarletDevilRocket":24,"Gremlin Horn":9,"Dota2Spire:OrchidMalevolence":24,"Vajra":8,"Incense Burner":11,"Replay:Mystery Machine":24,"AT_ArchangelStaff":2,"Cursed Key":20,"conspire:TopHat":29,"Replay:Rubber Ducky":8,"Dota2Spire:MagicBottle":25,"Dota2Spire:CrimsonGuard":11,"DollysMirror":11,"Sundial":22,"Honey Jar":20,"Kunai":24,"SimpleLauncher":29,"Potion Belt":7,"MerchantsRug":11,"Lee\u0027s Waffle":8,"conspire:TreasureMap":22,"AT_RedTearstoneRing":29,"Dota2Spire:UrnOfShadows":22,"Dota2Spire:BlackKingBar":24,"Dota2Spire:Dagon":5,"Replay:Grab Bag":20,"Blue Candle":24,"Guide Book":24,"AT_MortalBlade":20,"AT_BladeRuinedKing":22,"Dota2Spire:HeartOfTarrasque":24,"Letter Opener":20,"MawBank":13,"Mercury Hourglass":14,"ShroomBag":22,"Anchor":2,"ExperimentalFamiliar":9,"Simple Rune":2,"Garlic":8,"Coffee Dripper":20,"MiniHakkero":0},{"AT_SeraphEmbrace":29,"Dota2Spire:EchoSabre":63,"AT_ATBox":0,"ScarletDevilRocket":86,"Gremlin Horn":35,"Dota2Spire:OrchidMalevolence":86,"Vajra":32,"Incense Burner":49,"Replay:Mystery Machine":86,"AT_ArchangelStaff":6,"Cursed Key":79,"conspire:TopHat":94,"Replay:Rubber Ducky":32,"Dota2Spire:MagicBottle":88,"Dota2Spire:CrimsonGuard":49,"DollysMirror":49,"Sundial":83,"Honey Jar":79,"Kunai":86,"SimpleLauncher":94,"Potion Belt":27,"MerchantsRug":49,"Lee\u0027s Waffle":32,"conspire:TreasureMap":83,"AT_RedTearstoneRing":94,"Dota2Spire:UrnOfShadows":83,"Dota2Spire:BlackKingBar":86,"Dota2Spire:Dagon":17,"Replay:Grab Bag":79,"Blue Candle":86,"Guide Book":86,"AT_MortalBlade":79,"AT_BladeRuinedKing":83,"Dota2Spire:HeartOfTarrasque":86,"Letter Opener":79,"MawBank":56,"Mercury Hourglass":57,"ShroomBag":83,"Anchor":6,"ExperimentalFamiliar":43,"Simple Rune":6,"Garlic":32,"Coffee Dripper":79,"MiniHakkero":0}]},"card_choices":[{"not_picked":["MilkyWay","MysteriousBeam"],"picked":"RefractionSpark","floor":1},{"not_picked":["GalacticHalo","PowerUp"],"picked":"OortCloud","floor":2},{"not_picked":["LuminesStrike","OpenUniverse"],"picked":"UnstableBomb","floor":5},{"not_picked":["MysteriousBeam","DeepEcoloBomb"],"picked":"OortCloud","floor":7},{"not_picked":["RefractionSpark","DeepEcoloBomb"],"picked":"BlazeAway","floor":8},{"not_picked":["ChargingUp","WitchLeyline"],"picked":"EnergyFlow","floor":10},{"not_picked":["BigCrunch","GalacticHalo"],"picked":"Robbery","floor":12},{"not_picked":["OneTimeOff","GrandCross"],"picked":"PropBag","floor":13},{"not_picked":["StarDustReverie","AbsoluteMagnitude"],"picked":"JA","floor":16},{"not_picked":["GalacticHalo+1","EnergyRecoil"],"picked":"LuminesStrike+1","floor":18},{"not_picked":["DarkSpark+1","DC"],"picked":"GravityBeat","floor":19},{"not_picked":["6A","GravityBeat"],"picked":"ChargingUp","floor":21},{"not_picked":["SuperNova","OneTimeOff","MagicAbsorber"],"picked":"SKIP","floor":24},{"not_picked":["MeteoricShower","Orbital"],"picked":"MilkyWay","floor":25},{"not_picked":["6A","EventHorizon"],"picked":"MysteriousBeam+1","floor":27},{"not_picked":["DC+1","NonDirectionalLaser"],"picked":"OpenUniverse","floor":28},{"not_picked":["DarkSpark","GrandCross"],"picked":"PowerUp","floor":29},{"not_picked":["IllusionStar","DarkSpark","WitchOfGreed"],"picked":"SKIP","floor":30},{"not_picked":["DC","EventHorizon"],"picked":"MysteriousBeam","floor":31},{"not_picked":["SuperNova","ManaRampage"],"picked":"CasketOfStar","floor":33},{"not_picked":["GravityBeat","ShootingEcho+1","EarthLightRay+1"],"picked":"MysteriousBeam+1","floor":35},{"not_picked":["MilkyWay","PropBag+1","GalacticHalo"],"picked":"LuminesStrike+1","floor":36},{"not_picked":["SprinkleStarSeal+1","StarBarrage+1","Acceleration"],"picked":"GasGiant","floor":39},{"not_picked":["OneTimeOff","Acceleration+1","DC"],"picked":"EventHorizon","floor":40},{"not_picked":["ShootingEcho+1","SporeBomb+1","NonDirectionalLaser"],"picked":"Acceleration+1","floor":41},{"not_picked":["MeteoricShower","GravityBeat+1","ShootTheMoon"],"picked":"PulseMagic+1","floor":44},{"not_picked":["MilkyWay","WitchOfGreed","MysteriousBeam+1"],"picked":"LuminesStrike+1","floor":45},{"not_picked":["AlicesGift","DarkSpark","DragonMeteor"],"picked":"UnstableBomb","floor":46},{"not_picked":["ManaConvection","Acceleration","GrandCross"],"picked":"BlazeAway+1","floor":48}],"player_experience":116583,"relics_obtained":[{"floor":9,"key":"Dota2Spire:Dagon"},{"floor":12,"key":"Potion Belt"},{"floor":24,"key":"MawBank"},{"floor":27,"key":"Dota2Spire:EchoSabre"},{"floor":40,"key":"Blue Candle"},{"floor":41,"key":"Dota2Spire:BlackKingBar"},{"floor":43,"key":"Replay:Mystery Machine"},{"floor":44,"key":"Dota2Spire:MagicBottle"}],"event_choices":[{"cards_removed":["Defend_MRS"],"damage_healed":0,"gold_gain":0,"player_choice":"Purged","damage_taken":0,"max_hp_gain":0,"max_hp_loss":0,"event_name":"Purifier","floor":22,"gold_loss":0}],"is_beta":false,"boss_relics":[{"not_picked":["Kintsugi","conspire:SeveredTorchhead"],"picked":"ExperimentalFamiliar"},{"not_picked":["Philosopher\u0027s Stone","ReplayTheSpireMod:DimensionalGlitch"],"picked":"Replay:Grab Bag"},{"not_picked":["Busted Crown","SlaversCollar"],"picked":"Cursed Key"},{"not_picked":["infinitespire:Cupcake","ChewingGum"],"picked":"Coffee Dripper"},{"not_picked":["Snecko Eye","ReplayTheSpireMod:SealedPack"],"picked":"Honey Jar"},{"not_picked":["conspire:RunicOctahedron","SacredBark"],"picked":"AT_MortalBlade"}],"items_purged_floors":[37],"is_endless":false,"potions_floor_spawned":[1,2,5,8,8,10,12,13,13,18,19,19,24,25,27,29,29,30,31,35,36,39,40,44,45,46,48],"ascension_level":1}}