{"host":"7xrfhfoo16q2v8hj","time":1608615154,"event":{"mods":["BaseMod","Colored Map","DeckTracker","Highlight Path","Minty Spire (QoL Compilation)","StSLib","SuperFastMode"],"gold_per_floor":[118,118,27,43,43,43,43,43,43,43,75,94,124,139,139,239,239,253,273,198,51,71,71,71],"floor_reached":23,"playtime":500,"items_purged":[],"score":235,"play_id":"51ab3fba-3e17-40d9-a7de-eb55b1436e65","local_time":"20201221233234","is_ascension_mode":true,"campfire_choices":[{"data":"Static Discharge","floor":6,"key":"SMITH"},{"data":"Defragment","floor":15,"key":"SMITH"}],"circlet_count":0,"master_deck":["Strike_B","Strike_B","Defend_B+1","Defend_B","Defend_B","Zap","Dualcast","Coolheaded","Cold Snap","Static Discharge+1","Blizzard+1","Static Discharge","Sweeping Beam","Defragment+1","Rainbow","Coolheaded","Cold Snap","Thunder Strike","Doom and Gloom","Lockon"],"relics":["Cracked Core","NeowsBlessing","HornCleat","Darkstone Periapt","Boot","Empty Cage"],"acts_visited":["Exordium","TheCity"],"potions_floor_usage":[],"damage_taken":[{"damage":0,"enemies":"2 Louse","floor":1,"turns":1},{"damage":0,"enemies":"Small Slimes","floor":4,"turns":1},{"damage":0,"enemies":"Gremlin Nob","floor":11,"turns":1},{"damage":3,"enemies":"Jaw Worm","floor":12,"turns":4},{"damage":1,"enemies":"Blue Slaver","floor":14,"turns":4},{"damage":25,"enemies":"Slime Boss","floor":16,"turns":8},{"damage":17,"enemies":"Shell Parasite","floor":18,"turns":5},{"damage":4,"enemies":"Spheric Guardian","floor":19,"turns":4},{"damage":36,"enemies":"Centurion and Healer","floor":22,"turns":6},{"damage":30,"enemies":"Slavers","floor":23,"turns":1}],"seed_played":"-3683114639083812974","potions_obtained":[{"floor":4,"key":"Dexterity Potion"},{"floor":12,"key":"SmokeBomb"},{"floor":18,"key":"Fire Potion"},{"floor":22,"key":"SkillPotion"}],"is_trial":false,"path_per_floor":["M","?","$","M","?","R","?","$","T","$","E","M","?","M","R","B",null,"M","M","?","$","M","E"],"character_chosen":"DEFECT","items_purchased":["Cold Snap","Static Discharge","Thunder Strike","Doom and Gloom"],"campfire_rested":0,"item_purchase_floors":[3,3,21,21],"current_hp_per_floor":[75,75,75,75,60,60,60,60,60,60,60,57,57,56,56,31,75,58,54,54,54,18,0,0],"gold":71,"neow_bonus":"THREE_ENEMY_KILL","is_daily":false,"chose_seed":false,"campfire_upgraded":2,"win_rate":0.0,"timestamp":1608615154,"path_taken":["M","?","$","M","?","R","?","?","T","$","E","M","?","M","R","BOSS","M","M","?","$","M","E"],"items_purchased_type":["Card","Card","Card","Card"],"build_version":"2020-12-13","purchased_purges":0,"victory":false,"max_hp_per_floor":[75,75,75,75,75,75,75,75,75,75,75,75,75,75,75,75,75,75,75,75,75,75,75,75],"card_choices":[{"not_picked":["Steam","Leap"],"picked":"Coolheaded","floor":1},{"not_picked":["Steam","Go for the Eyes"],"picked":"Blizzard","floor":4},{"not_picked":["BootSequence","Go for the Eyes"],"picked":"Static Discharge","floor":11},{"not_picked":["Streamline","White Noise"],"picked":"Sweeping Beam","floor":12},{"not_picked":["Doom and Gloom","Streamline"],"picked":"Defragment","floor":14},{"not_picked":["Hyperbeam","Electrodynamics"],"picked":"Rainbow","floor":16},{"not_picked":["Go for the Eyes+1","Leap"],"picked":"Coolheaded","floor":18},{"not_picked":["Chill","Sweeping Beam"],"picked":"Cold Snap","floor":19},{"not_picked":["Scrape+1","Chill+1"],"picked":"Lockon","floor":22}],"player_experience":541178,"relics_obtained":[{"floor":9,"key":"HornCleat"},{"floor":11,"key":"Darkstone Periapt"}],"event_choices":[{"damage_healed":0,"gold_gain":0,"player_choice":"Leave","damage_taken":0,"max_hp_gain":0,"max_hp_loss":0,"event_name":"The Cleric","floor":2,"gold_loss":0},{"damage_healed":0,"gold_gain":0,"player_choice":"Entered Light","damage_taken":15,"max_hp_gain":0,"max_hp_loss":0,"event_name":"Shining Light","floor":5,"gold_loss":0,"cards_upgraded":["Blizzard","Defend_B"]},{"damage_healed":0,"gold_gain":0,"player_choice":"Ignored","damage_taken":0,"max_hp_gain":0,"max_hp_loss":0,"event_name":"Golden Wing","floor":7,"gold_loss":0},{"damage_healed":0,"gold_gain":30,"player_choice":"Searched \u00273\u0027 times","damage_taken":0,"relics_obtained":["Boot"],"max_hp_gain":0,"max_hp_loss":0,"event_name":"Dead Adventurer","floor":13,"gold_loss":0},{"cards_removed":["Defend_B"],"damage_healed":0,"gold_gain":0,"player_choice":"Gave Gold","damage_taken":0,"max_hp_gain":0,"max_hp_loss":0,"event_name":"Beggar","floor":20,"gold_loss":75}],"is_beta":false,"boss_relics":[{"not_picked":["Sozu","Fusion Hammer"],"picked":"Empty Cage"}],"items_purged_floors":[],"is_endless":false,"potions_floor_spawned":[4,12,18,22],"killed_by":"Slavers","ascension_level":2}}