{"host":"1sep654oresgee70","time":1608678165,"event":{"mods":["2.2 Compatiblity","Aspiration","BaseMod","Better Altar","Better Match","Better Note","Better Sensory Stone","Better Skull","Better Third Choice","Better Vampires","Better-Laid Plans","BetterRewards","Block Reminder","Conspire","Curses Come First","Displayed Cursed Tome","Gold Saver","Hubris","Infinite Spire","Minty Spire (QoL Compilation)","Potion Indicator Mod","Quick Restart","Red Circlet Mod","Replay The Spire","Shop Mod","Spicy Shops","StSLib","The Blue Laboratory","Thieving Mod","Transform Curses","Unceasing Turn Reminder","UnlockEverythingMod"],"gold_per_floor":[625,625,0,15,30,60,60,60,110,125,140,170,185,185,185,285,285,300,0,0,24,39,39,54,84,84,84,84],"floor_reached":27,"playtime":1021,"items_purged":[],"score":243,"play_id":"f812e8b3-b39e-4a99-b156-4f633e9626f8","local_time":"20201223000245","daily_mods":["Allstar","Diverse","DeadlyEvents"],"is_ascension_mode":false,"campfire_choices":[{"floor":8,"key":"REST"},{"floor":15,"key":"REST"},{"floor":23,"key":"REST"}],"circlet_count":0,"master_deck":["Strike_B+1","Strike_B+1","Strike_B","Strike_B","Defend_B","Defend_B+1","Defend_B","Defend_B","Zap+1","Dualcast","Good Instincts","hubris:Insight","Dark Shackles","Secret Weapon","Midas Touch","hubris:CleavingFinish","Infernal Blade","Streamline","Creative AI","FlyingSleeves","After Image","Rage","Blade Dance","aspiration:Lunge","Backflip","Shrug It Off","Omniscience","Study+1","ReplayTheSpireMod:Splinters","Static Discharge+1","Time Bomb","Protect+1","Twin Strike"],"relics":["Cracked Core","Runic Capacitor","infinitespire:Golems Mask","Vajra","Question Card","PreservedInsect","Frozen Egg 2","ChewingGum","Lantern","Simple Rune","hubris:GlazedTorus","hubris:MysteriousPyramids","Replay:Bottled Steam"],"acts_visited":["Exordium","TheCity"],"potions_floor_usage":[12,12,24],"damage_taken":[{"damage":7,"enemies":"Jaw Worm","floor":1,"turns":4},{"damage":0,"enemies":"2 Louse","floor":4,"turns":2},{"damage":0,"enemies":"Cultist","floor":5,"turns":2},{"damage":9,"enemies":"Lagavulin","floor":6,"turns":7},{"damage":2,"enemies":"2 Fungi Beasts","floor":10,"turns":3},{"damage":0,"enemies":"3 Louse","floor":11,"turns":3},{"damage":8,"enemies":"3 Sentries","floor":12,"turns":4},{"damage":5,"enemies":"Looter","floor":13,"turns":3},{"damage":20,"enemies":"Hexaghost","floor":16,"turns":7},{"damage":12,"enemies":"Shell Parasite","floor":18,"turns":4},{"damage":6,"enemies":"3 Byrds","floor":22,"turns":2},{"damage":2,"enemies":"Centurion and Healer","floor":24,"turns":1},{"damage":30,"enemies":"Slavers","floor":25,"turns":3},{"damage":29,"enemies":"Snake Plant","floor":27,"turns":2}],"seed_played":"-7682526130134428503","potions_obtained":[{"floor":5,"key":"blueLaboratory:AbyssPotion"},{"floor":10,"key":"blueLaboratory:ImpenetrablePotion"},{"floor":18,"key":"Explosive Potion"}],"is_trial":false,"path_per_floor":["M","?","$","M","M","E","T","R","T","M","M","E","M","?","R","B",null,"M","$","?","?","M","R","M","E","T","M"],"character_chosen":"DEFECT","items_purchased":["Infernal Blade","Runic Capacitor","infinitespire:Golems Mask","Streamline","Creative AI","blueLaboratory:NullPotion","Lantern","Simple Rune"],"campfire_rested":3,"item_purchase_floors":[3,3,3,3,3,3,19,19],"current_hp_per_floor":[68,68,68,68,68,59,59,75,75,73,73,65,60,60,75,55,75,63,63,45,45,39,61,59,29,29,0,0],"gold":84,"neow_bonus":"","is_daily":true,"chose_seed":false,"campfire_upgraded":0,"win_rate":0.0,"timestamp":1608678165,"path_taken":["M","?","$","M","M","E","?","R","T","M","M","?","M","?","R","BOSS","M","$","?","?","M","R","M","?","T","M"],"items_purchased_type":["Card","Relic","Relic","Card","Card","Potion","Relic","Relic"],"build_version":"2020-12-13","purchased_purges":0,"victory":false,"max_hp_per_floor":[75,75,75,75,75,75,75,75,75,75,75,75,75,75,75,75,75,75,75,75,75,75,75,75,75,75,75,75],"card_choices":[{"not_picked":["Reprogram","ThirdEye"],"picked":"hubris:CleavingFinish","floor":1},{"not_picked":["ReplayReversal","Replay:ManipulateFuture"],"picked":"FlyingSleeves","floor":4},{"not_picked":["Streamline","BowlingBash"],"picked":"After Image","floor":5},{"not_picked":["ThirdEye","Beam Cell"],"picked":"Rage","floor":6},{"not_picked":["Flex","Replay:BluntJabs","JustLucky"],"picked":"Blade Dance","floor":10},{"not_picked":["Consecrate","Twin Strike","Nirvana"],"picked":"aspiration:Lunge","floor":11},{"not_picked":["ReplayTheSpireMod:Speed Training","EmptyMind","Corruption+1"],"picked":"Backflip","floor":12},{"not_picked":["FlyingSleeves","Deadly Poison","CutThroughFate"],"picked":"Shrug It Off","floor":13},{"not_picked":["Replay:AllIn","Buffer+1","Immolate"],"picked":"Omniscience","floor":16},{"not_picked":["CutThroughFate","Warcry","Sweeping Beam"],"picked":"Study+1","floor":18},{"not_picked":["ReplayTheSpireMod:Echoes of Time","infinitespire:Menacing"],"picked":"infinitespire:SealOfDarkness+","floor":20},{"not_picked":["Dodge and Roll","hubris:Ukulele+1","Turbo"],"picked":"Static Discharge+1","floor":21},{"not_picked":["Sword Boomerang","True Grit+1","Sentinel"],"picked":"Time Bomb","floor":22},{"not_picked":["CutThroughFate+1","ReplayTheSpireMod:Strike From Hell","Rebound+1"],"picked":"Protect+1","floor":24},{"not_picked":["Uppercut+1","ReplayTheSpireMod:Muscle Training","Shrug It Off+1"],"picked":"Twin Strike","floor":25}],"player_experience":2367810,"relics_obtained":[{"floor":6,"key":"Vajra"},{"floor":7,"key":"Question Card"},{"floor":9,"key":"PreservedInsect"},{"floor":12,"key":"Frozen Egg 2"},{"floor":21,"key":"hubris:GlazedTorus"},{"floor":25,"key":"hubris:MysteriousPyramids"},{"floor":26,"key":"Replay:Bottled Steam"}],"event_choices":[],"is_beta":false,"boss_relics":[{"not_picked":["Kintsugi","aspiration:FutureDiary"],"picked":"ChewingGum"}],"items_purged_floors":[],"is_endless":false,"potions_floor_spawned":[5,10,11,18],"killed_by":"Snake Plant","ascension_level":0}}