{"host":"aioitfzuz1h9wkvz","time":1608608062,"event":{"mods":["AchievementEnabler","BaseMod","Colored Map","Minty Spire (QoL Compilation)","Quick Restart","Relic Stats","Spicy Shops","StSLib"],"gold_per_floor":[119,128,128,142,168,168,168,168],"floor_reached":7,"playtime":130,"items_purged":[],"score":49,"play_id":"79d93b25-d5c3-46c0-8ce8-095573931ee1","local_time":"20201222133422","is_ascension_mode":true,"campfire_choices":[{"data":"Barricade","floor":6.0,"key":"SMITH"}],"circlet_count":0,"master_deck":["Strike_R","Strike_R","Strike_R","Strike_R+1","Strike_R","Defend_R","Defend_R+1","Defend_R","Defend_R","Bash","Barricade+1","Armaments","Regret","Cleave"],"relics":["Burning Blood","CeramicFish"],"acts_visited":["Exordium"],"potions_floor_usage":[],"damage_taken":[{"damage":15.0,"enemies":"Cultist","floor":1.0,"turns":5.0},{"damage":2.0,"enemies":"2 Louse","floor":4.0,"turns":4.0},{"damage":4.0,"enemies":"Jaw Worm","floor":5.0,"turns":4.0},{"damage":0,"enemies":"Gremlin Nob","floor":7,"turns":1}],"seed_played":"-7136964474594543338","potions_obtained":[{"floor":4.0,"key":"Ancient Potion"}],"is_trial":false,"path_per_floor":["M","?","?","M","M","R","E"],"character_chosen":"IRONCLAD","items_purchased":[],"campfire_rested":0,"item_purchase_floors":[],"current_hp_per_floor":[63,63,49,53,55,55,55,55],"gold":168,"neow_bonus":"THREE_RARE_CARDS","is_daily":false,"chose_seed":false,"campfire_upgraded":1,"win_rate":0.0,"timestamp":1608608062,"path_taken":["M","?","?","M","M","R","E"],"items_purchased_type":[],"build_version":"2020-12-13","purchased_purges":0,"victory":false,"max_hp_per_floor":[72,72,72,72,72,72,72,72],"relic_stats":{"counters":[4,14],"CeramicFish":18,"obtain_stats":[{"CeramicFish":2,"Burning Blood":0},{"CeramicFish":1,"Burning Blood":0},{"CeramicFish":5,"Burning Blood":0}],"Burning Blood":18},"card_choices":[{"not_picked":["Double Tap","Bludgeon"],"picked":"Barricade","floor":0.0},{"not_picked":["Sword Boomerang","Iron Wave"],"picked":"Armaments","floor":1.0},{"not_picked":["Battle Trance","Evolve","Bloodletting"],"picked":"SKIP","floor":4.0},{"not_picked":["Rupture","Spot Weakness"],"picked":"Cleave","floor":5.0}],"player_experience":689452,"relics_obtained":[],"event_choices":[{"damage_healed":0.0,"max_hp_gain":0.0,"max_hp_loss":0.0,"gold_gain":0.0,"event_name":"Big Fish","player_choice":"Box","floor":2.0,"gold_loss":0.0,"damage_taken":0.0,"relics_obtained":["CeramicFish"],"cards_obtained":["Regret"]},{"damage_healed":0.0,"max_hp_gain":0.0,"max_hp_loss":0.0,"gold_gain":0.0,"event_name":"Shining Light","player_choice":"Entered Light","floor":3.0,"gold_loss":0.0,"damage_taken":14.0,"cards_upgraded":["Defend_R","Strike_R"]}],"is_beta":false,"boss_relics":[],"items_purged_floors":[],"is_endless":false,"potions_floor_spawned":[4],"killed_by":"Gremlin Nob","ascension_level":4}}