{"host":"8e3sp1tozjyrh64l","time":1608604734,"event":{"mods":["BaseMod","Better Altar","Better Match","Better Sensory Stone","Better Silent Start","Better Skull","Better Third Choice","BetterRewards","Defuse TimeMaze Blight","Infinite Spire","Minty Spire (QoL Compilation)","Permanent Neow","Rare Cards Sparkle","Relic Sorter","Replay The Spire","Shop Mod","Spicy Shops","StSLib","SuperFastMode"],"gold_per_floor":[111,111,11,11,11,11,86,119,170,184,211,258,258,282,282,282,282],"floor_reached":16,"playtime":454,"items_purged":["Doubt"],"score":164,"play_id":"2564e7dd-7772-4189-85f5-883e1c6107de","local_time":"20201221193854","is_ascension_mode":true,"campfire_choices":[{"data":"ReplayTheSpireMod:Scrap Shanks","floor":6,"key":"SMITH"},{"data":"Injury","floor":15,"key":"PURGE"}],"circlet_count":0,"master_deck":["Strike_G","Strike_G","Strike_G","Strike_G","Defend_G","Defend_G","Defend_G","Defend_G","Survivor","Neutralize+1","ReplayTheSpireMod:Scrap Shanks+1"],"relics":["Ring of the Snake","infinitespire:BottledMercury","MerchantsRug","Juzu Bracelet","Peace Pipe","Tiny Chest","Replay:Baseball","Bag of Marbles","Shovel","Replay:Mystery Machine","Golden Idol"],"acts_visited":["Exordium"],"potions_floor_usage":[16],"damage_taken":[{"damage":0,"enemies":"Cultist","floor":1,"turns":4},{"damage":3,"enemies":"Lagavulin","floor":8,"turns":7},{"damage":0,"enemies":"Small Slimes","floor":10,"turns":3},{"damage":13,"enemies":"Gremlin Nob","floor":11,"turns":4},{"damage":0,"enemies":"2 Louse","floor":14,"turns":2},{"damage":12,"enemies":"Slime Boss","floor":16,"turns":5}],"seed_played":"8409949897988435291","potions_obtained":[{"floor":11,"key":"DistilledChaos"}],"is_trial":false,"path_per_floor":["M","T","$","?","?","R","?","E","T","M","E","T","?","M","R","B"],"character_chosen":"THE_SILENT","items_purchased":["ReplayTheSpireMod:Scrap Shanks","ReplayTheSpireMod:ShopPack","infinitespire:BottledMercury","MerchantsRug","Juzu Bracelet","Block Potion","Dexterity Potion","Tiny Chest"],"campfire_rested":0,"item_purchase_floors":[0,0,0,0,0,0,0,3],"current_hp_per_floor":[38,38,38,38,38,38,27,24,24,24,11,11,11,11,11,0,0],"gold":282,"neow_bonus":"","is_daily":false,"chose_seed":false,"campfire_upgraded":1,"win_rate":0.0,"timestamp":1608604734,"path_taken":["M","?","?","?","?","R","?","E","T","M","E","?","?","M","R","BOSS"],"items_purchased_type":["Card","Relic","Relic","Relic","Relic","Potion","Potion","Relic"],"build_version":"2020-12-13","purchased_purges":1,"victory":false,"max_hp_per_floor":[70,70,70,70,70,70,70,70,70,70,70,70,70,70,70,70,70],"card_choices":[{"not_picked":["Sucker Punch","Dagger Throw","ReplayTheSpireMod:Tripwire"],"picked":"SKIP","floor":1},{"not_picked":["Sucker Punch","Quick Slash","Underhanded Strike"],"picked":"SKIP","floor":8},{"not_picked":["Hidden Blade","Underhanded Strike","Prepared"],"picked":"SKIP","floor":10},{"not_picked":["Fluid Movement","Masterful Stab","Slice"],"picked":"SKIP","floor":11},{"not_picked":["Flying Knee","Riddle With Holes","Choke"],"picked":"SKIP","floor":14}],"player_experience":892646,"relics_obtained":[{"floor":2,"key":"Peace Pipe"},{"floor":8,"key":"Replay:Baseball"},{"floor":9,"key":"Bag of Marbles"},{"floor":11,"key":"Shovel"},{"floor":12,"key":"Replay:Mystery Machine"}],"event_choices":[{"damage_healed":0,"gold_gain":0,"player_choice":"Ignored","damage_taken":0,"max_hp_gain":0,"max_hp_loss":0,"event_name":"Golden Wing","floor":4,"gold_loss":0},{"damage_healed":0,"gold_gain":75,"player_choice":"Gold","damage_taken":11,"max_hp_gain":0,"max_hp_loss":0,"event_name":"betterThird:BetterGoop","floor":7,"gold_loss":0},{"damage_healed":0,"gold_gain":0,"player_choice":"Take Wound","damage_taken":0,"relics_obtained":["Golden Idol"],"max_hp_gain":0,"max_hp_loss":0,"event_name":"Golden Idol","floor":13,"gold_loss":0,"cards_obtained":["Injury"]}],"is_beta":false,"boss_relics":[],"items_purged_floors":[3],"is_endless":false,"potions_floor_spawned":[11],"killed_by":"Slime Boss","ascension_level":1}}