{"host":"z9rwthyxsf7d04ix","time":1608620256,"event":{"mods":["AchievementEnabler","BaseMod","Colored Map","Colored Powertips","Minty Spire (QoL Compilation)","Quick Restart"],"gold_per_floor":[114,114,114,129,144,144,174,174,174,189,204,234,249,199,199,299,299,314,64,64,163,178,178,178],"floor_reached":23,"playtime":1752,"items_purged":[],"score":201,"play_id":"494afdac-1157-41e8-8911-08d71d06132c","local_time":"20201222085736","daily_mods":["Allstar","Diverse","DeadlyEvents"],"is_ascension_mode":false,"campfire_choices":[{"floor":6,"key":"REST"},{"floor":8,"key":"REST"},{"floor":15,"key":"REST"}],"circlet_count":0,"master_deck":["Strike_B","Strike_B","Strike_B","Strike_B","Defend_B","Defend_B","Defend_B","Defend_B","Zap","Dualcast","Chrysalis","Enlightenment","Good Instincts","The Bomb","Thinking Ahead","BootSequence","Distraction","Iron Wave","Creative AI","Doppelganger","Anger+1","Anger+1"],"relics":["Cracked Core","Unceasing Top","WarpedTongs","Ginger","Letter Opener","Strawberry","Black Star","Toxic Egg 2"],"acts_visited":["Exordium","TheCity"],"potions_floor_usage":[12,13,16,16,18],"damage_taken":[{"damage":1,"enemies":"Jaw Worm","floor":1,"turns":4},{"damage":3,"enemies":"2 Louse","floor":4,"turns":2},{"damage":16,"enemies":"Cultist","floor":5,"turns":4},{"damage":36,"enemies":"Lagavulin","floor":7,"turns":7},{"damage":4,"enemies":"2 Fungi Beasts","floor":10,"turns":3},{"damage":2,"enemies":"3 Louse","floor":11,"turns":3},{"damage":15,"enemies":"3 Sentries","floor":12,"turns":6},{"damage":6,"enemies":"Looter","floor":13,"turns":4},{"damage":29,"enemies":"Slime Boss","floor":16,"turns":6},{"damage":44,"enemies":"2 Thieves","floor":18,"turns":5},{"damage":12,"enemies":"Shell Parasite","floor":22,"turns":4},{"damage":28,"enemies":"Book of Stabbing","floor":23,"turns":4}],"seed_played":"-7682526130134428503","potions_obtained":[{"floor":7,"key":"AttackPotion"},{"floor":10,"key":"Fire Potion"},{"floor":12,"key":"Fire Potion"},{"floor":13,"key":"BlessingOfTheForge"},{"floor":16,"key":"DuplicationPotion"}],"is_trial":false,"path_per_floor":["M","?","?","M","M","R","E","R","T","M","M","E","M","?","R","B",null,"M","$","?","?","M","E"],"character_chosen":"DEFECT","items_purchased":["Toxic Egg 2"],"campfire_rested":3,"item_purchase_floors":[19],"current_hp_per_floor":[74,74,74,71,55,75,39,61,61,57,55,47,41,41,65,36,82,38,38,38,38,26,0,0],"gold":178,"neow_bonus":"","is_daily":true,"chose_seed":false,"campfire_upgraded":0,"win_rate":0.0,"timestamp":1608620256,"path_taken":["M","?","?","M","M","R","E","R","T","M","M","?","M","?","R","BOSS","M","$","?","?","M","E"],"items_purchased_type":["Relic"],"build_version":"2020-12-13","purchased_purges":0,"victory":false,"max_hp_per_floor":[75,75,75,75,75,75,75,75,75,75,75,82,82,82,82,82,82,82,82,82,82,82,82,82],"card_choices":[{"not_picked":["Shrug It Off","Skewer"],"picked":"BootSequence","floor":1},{"not_picked":["Prostrate","Coolheaded","EmptyFist"],"picked":"SKIP","floor":4},{"not_picked":["Grand Finale","Shrug It Off","Leap"],"picked":"SKIP","floor":5},{"not_picked":["Wireheading","Sanctity"],"picked":"Distraction","floor":7},{"not_picked":["True Grit","Streamline"],"picked":"Iron Wave","floor":10},{"not_picked":["Heatsinks","Redo","Skim"],"picked":"SKIP","floor":11},{"not_picked":["Adaptation","Acrobatics","Steam"],"picked":"SKIP","floor":12},{"not_picked":["Redo","ClearTheMind"],"picked":"Creative AI","floor":13},{"not_picked":["Glass Knife","Establishment"],"picked":"Doppelganger","floor":16},{"not_picked":["Capacitor","Barrage"],"picked":"Anger+1","floor":18},{"not_picked":["Swivel+1","Clothesline"],"picked":"Anger+1","floor":22}],"player_experience":734167,"relics_obtained":[{"floor":7,"key":"Ginger"},{"floor":9,"key":"Letter Opener"},{"floor":12,"key":"Strawberry"}],"event_choices":[{"damage_healed":0,"gold_gain":0,"player_choice":"Box","damage_taken":0,"relics_obtained":["Unceasing Top"],"max_hp_gain":0,"max_hp_loss":0,"event_name":"Big Fish","floor":2,"gold_loss":0,"cards_obtained":["Regret"]},{"damage_healed":0,"gold_gain":0,"player_choice":"Rummage","damage_taken":0,"relics_obtained":["WarpedTongs"],"max_hp_gain":0,"max_hp_loss":0,"event_name":"Accursed Blacksmith","floor":3,"gold_loss":0,"cards_obtained":["Pain"]},{"cards_removed":["Pain"],"damage_healed":0,"gold_gain":0,"player_choice":"Card Removal","damage_taken":0,"max_hp_gain":0,"max_hp_loss":0,"event_name":"The Cleric","floor":14,"gold_loss":50},{"cards_removed":["Regret"],"damage_healed":0,"gold_gain":0,"player_choice":"Elegance","damage_taken":0,"max_hp_gain":0,"max_hp_loss":0,"event_name":"Back to Basics","floor":20,"gold_loss":0},{"damage_healed":0,"gold_gain":99,"player_choice":"Stole From Cult","damage_taken":0,"max_hp_gain":0,"max_hp_loss":0,"event_name":"Nest","floor":21,"gold_loss":0}],"is_beta":false,"boss_relics":[{"not_picked":["Cursed Key","Inserter"],"picked":"Black Star"}],"items_purged_floors":[],"is_endless":false,"potions_floor_spawned":[7,10,12,13,16],"killed_by":"Book of Stabbing","ascension_level":0}}