{"host":"8fjsnt81u6xsmhji","time":1608642349,"event":{"mods":["BaseMod","Colored Powertips","Downfall","Glutton Mod","Hermit","Minty Spire (QoL Compilation)","Quick Restart","Somnambulant","StSLib","The Blackbeard","The Bug Knight","The Construct","The Forsaken","The Hierophant","The Mystic"],"gold_per_floor":[349,366,26,39,49,65,90,104,119,20,20,20,33,51,69,69,69],"floor_reached":16,"playtime":993,"items_purged":[],"score":103,"play_id":"275f38f1-dcca-48ab-b389-91c297d51539","local_time":"20201222070549","is_ascension_mode":true,"campfire_choices":[{"floor":1.0,"key":"REST"}],"circlet_count":0,"master_deck":["hermit:Strike_Hermit","hermit:Strike_Hermit","hermit:Strike_Hermit","hermit:Strike_Hermit","hermit:Defend_Hermit","hermit:Defend_Hermit","hermit:Defend_Hermit","hermit:Defend_Hermit","hermit:Snapshot","hermit:Covet","hermit:Headshot","hermit:Vantage","expansioncontent:StudyTheSpire+1","hermit:Dive","hermit:LoneWolf","hermit:TakeAim","hermit:Showdown","Panacea","hermit:Glare","hermit:Maintenance"],"relics":["hermit:Momento","HandDrill","Potion Belt"],"acts_visited":["Exordium"],"potions_floor_usage":[15,16,16],"damage_taken":[{"damage":1.0,"enemies":"Cultist","floor":2.0,"turns":4.0},{"damage":5.0,"enemies":"downfall:FleeingMerchant","floor":3.0,"turns":4.0},{"damage":1.0,"enemies":"Jaw Worm","floor":4.0,"turns":3.0},{"damage":0.0,"enemies":"2 Louse","floor":5.0,"turns":1.0},{"damage":3.0,"enemies":"Red Slaver","floor":6.0,"turns":5.0},{"damage":2.0,"enemies":"3 Louse","floor":8.0,"turns":3.0},{"damage":22.0,"enemies":"Lots of Slimes","floor":9.0,"turns":7.0},{"damage":8.0,"enemies":"downfall:FleeingMerchant","floor":10.0,"turns":4.0},{"damage":12.0,"enemies":"Blue Slaver","floor":13.0,"turns":3.0},{"damage":0.0,"enemies":"Large Slime","floor":14.0,"turns":5.0},{"damage":8,"enemies":"Exordium Wildlife","floor":15,"turns":5},{"damage":14,"enemies":"downfall:Ironclad","floor":16,"turns":3}],"seed_played":"3380568063555784656","potions_obtained":[{"floor":4.0,"key":"SteroidPotion"},{"floor":5.0,"key":"sneckomod:MuddlingPotion"},{"floor":13.0,"key":"SneckoOil"},{"floor":14.0,"key":"Ancient Potion"},{"floor":15,"key":"Weak Potion"}],"is_trial":false,"path_per_floor":["R","M","$","M","M","M","T","M","M","$","?","?","M","M","M","B"],"character_chosen":"HERMIT","items_purchased":["expansioncontent:StudyTheSpire","HandDrill","Panacea"],"campfire_rested":1,"item_purchase_floors":[3,3,10],"current_hp_per_floor":[75,74,69,68,68,65,65,63,41,33,33,33,21,21,13,0,0],"gold":69,"neow_bonus":"TWO_FIFTY_GOLD","is_daily":false,"chose_seed":false,"campfire_upgraded":0,"win_rate":0.0,"timestamp":1608642349,"path_taken":["R","M","$","M","M","M","T","M","M","?","?","?","?","M","M","BOSS"],"items_purchased_type":["Card","Relic","Card"],"build_version":"2020-12-13","purchased_purges":0,"victory":false,"max_hp_per_floor":[75,75,75,75,75,75,75,75,75,75,75,75,75,75,75,75,75],"card_choices":[{"not_picked":["hermit:HoleUp","hermit:Misfire"],"picked":"hermit:Headshot","floor":2.0},{"not_picked":["hermit:Shortfuse","hermit:Manifest"],"picked":"hermit:Vantage","floor":3.0},{"not_picked":["hermit:Midnight","hermit:BigShot"],"picked":"hermit:Dive","floor":4.0},{"not_picked":["hermit:Quickdraw","hermit:TakeCover"],"picked":"hermit:LoneWolf","floor":5.0},{"not_picked":["hermit:LoneWolf","hermit:Ricochet","hermit:LuckOfTheDraw"],"picked":"SKIP","floor":6.0},{"not_picked":["hermit:BodyArmor","hermit:PistolWhip","hermit:FullyLoaded"],"picked":"SKIP","floor":8.0},{"not_picked":["hermit:HighCaliber","hermit:Desperado"],"picked":"hermit:TakeAim","floor":9.0},{"not_picked":["hermit:BodyArmor","hermit:Purgatory"],"picked":"hermit:Showdown","floor":10.0},{"not_picked":["hermit:Snipe","hermit:PistolWhip"],"picked":"hermit:Glare","floor":13.0},{"not_picked":["hermit:LowProfile","hermit:Coalescence"],"picked":"hermit:Maintenance","floor":14.0},{"not_picked":["hermit:Ricochet","hermit:Combo","hermit:HighCaliber"],"picked":"SKIP","floor":15}],"player_experience":659339,"relics_obtained":[{"floor":7.0,"key":"Potion Belt"}],"event_choices":[{"damage_healed":0.0,"max_hp_gain":0.0,"max_hp_loss":0.0,"gold_gain":0.0,"event_name":"Living Wall","player_choice":"Grow","floor":11.0,"gold_loss":0.0,"damage_taken":0.0,"cards_upgraded":["expansioncontent:StudyTheSpire"]}],"is_beta":false,"boss_relics":[],"items_purged_floors":[],"is_endless":false,"potions_floor_spawned":[4,5,13,14,15],"killed_by":"downfall:Ironclad","ascension_level":1}}