{"host":"ormi09wwzv7sq47a","time":1608643503,"event":{"mods":["2.2 Compatiblity","AchievementEnabler","Act Like it!","BaseMod","Bestiary","Better Note","Better Sensory Stone","Better Skull","Better Vampires","Colored Map","Colored Powertips","Curses Come First","DeckTracker","Downfall","Highlight Path","Minty Spire (QoL Compilation)","Permanent Neow","Quick Restart","Rare Cards Sparkle","Relic Stats","Shop Mod","StSLib","The Jungle"],"gold_per_floor":[117,129,129,141,157,186,196,196,196,196,213,224,224,237,237,340,340,351,351,351,351,351],"floor_reached":20,"playtime":808,"items_purged":[],"score":249,"play_id":"a9bbaa2e-6ce4-4524-ac9a-cfbf2b0a5aa1","local_time":"20201222112503","is_ascension_mode":true,"campfire_choices":[{"data":"Slimebound:FirmFortitude","floor":8.0,"key":"SMITH"},{"data":"Slimebound:FlameTackle","floor":10.0,"key":"SMITH"},{"floor":15.0,"key":"REST"}],"circlet_count":0,"master_deck":["Slimebound:Strike_Slimebound","Slimebound:Strike_Slimebound","Slimebound:Tackle","Slimebound:Defend_Slimebound","Slimebound:Defend_Slimebound","Slimebound:Defend_Slimebound","Slimebound:Defend_Slimebound","Slimebound:Split","Slimebound:CorrosiveSpit","Slimebound:FlameTackle+1","Slimebound:FirmFortitude+1","Slimebound:ComboTackle","Slimebound:FlameTackle+1","expansioncontent:ManipulateTime","Slimebound:SlimeSpikes","Slimebound:CheckThePlaybook","Slimebound:LeadByExample+1"],"relics":["Slimebound:AbsorbEndCombatUpgraded","Blood Vial","Juzu Bracelet","Darkstone Periapt"],"acts_visited":["Exordium","TheCity"],"potions_floor_usage":[],"damage_taken":[{"damage":7.0,"enemies":"Cultist","floor":1.0,"turns":3.0},{"damage":8.0,"enemies":"2 Louse","floor":2.0,"turns":3.0},{"damage":13.0,"enemies":"Small Slimes","floor":4.0,"turns":3.0},{"damage":13.0,"enemies":"Gremlin Gang","floor":5.0,"turns":3.0},{"damage":14.0,"enemies":"Gremlin Nob","floor":6.0,"turns":3.0},{"damage":11.0,"enemies":"3 Louse","floor":7.0,"turns":4.0},{"damage":15.0,"enemies":"Looter","floor":11.0,"turns":2.0},{"damage":18.0,"enemies":"Red Slaver","floor":12.0,"turns":2.0},{"damage":11.0,"enemies":"Exordium Wildlife","floor":14.0,"turns":3.0},{"damage":27.0,"enemies":"Hexaghost","floor":16.0,"turns":9.0},{"damage":44.0,"enemies":"Shell Parasite","floor":18.0,"turns":4.0},{"damage":30,"enemies":"Chosen","floor":20,"turns":4}],"seed_played":"-553622288187588816","potions_obtained":[{"floor":1.0,"key":"Energy Potion"},{"floor":2.0,"key":"PowerPotion"},{"floor":6.0,"key":"champ:CounterPotion"},{"floor":14.0,"key":"sneckomod:MuddlingPotion"},{"floor":16.0,"key":"FearPotion"}],"is_trial":false,"path_per_floor":["M","M","?","M","M","E","M","R","T","R","M","M","?","M","R","B",null,"M","?","M"],"character_chosen":"SLIMEBOUND","items_purchased":[],"campfire_rested":1,"item_purchase_floors":[],"current_hp_per_floor":[57,57,57,50,45,39,36,36,36,36,27,17,17,14,32,15,49,23,23,0,0,0],"gold":351,"neow_bonus":"RANDOM_COMMON_RELIC","is_daily":false,"chose_seed":false,"campfire_upgraded":2,"win_rate":0.0,"timestamp":1608643503,"path_taken":["M","M","?","M","M","E","M","R","T","R","M","M","?","M","R","BOSS","M","?","M"],"items_purchased_type":[],"build_version":"2020-12-13","purchased_purges":0,"victory":false,"max_hp_per_floor":[60,60,60,60,60,60,60,60,60,60,60,60,60,60,60,60,60,60,60,60,60,60],"relic_stats":{"Blood Vial":24,"Darkstone Periapt":0,"counters":[12,43],"Juzu Bracelet":1,"obtain_stats":[{"Blood Vial":0,"Darkstone Periapt":9,"Slimebound:AbsorbEndCombat":0,"Juzu Bracelet":6,"Slimebound:AbsorbEndCombatUpgraded":17},{"Blood Vial":0,"Darkstone Periapt":6,"Slimebound:AbsorbEndCombat":0,"Juzu Bracelet":5,"Slimebound:AbsorbEndCombatUpgraded":10},{"Blood Vial":0,"Darkstone Periapt":19,"Slimebound:AbsorbEndCombat":0,"Juzu Bracelet":15,"Slimebound:AbsorbEndCombatUpgraded":35}]},"card_choices":[{"not_picked":["Slimebound:Replication","Slimebound:LeechEnergy"],"picked":"Slimebound:FlameTackle","floor":1.0},{"not_picked":["Slimebound:SamplingLick","Slimebound:Recollect"],"picked":"Slimebound:FirmFortitude","floor":2.0},{"not_picked":["Slimebound:SplitBruiser","Slimebound:ViciousTackle"],"picked":"Slimebound:ComboTackle","floor":4.0},{"not_picked":["Slimebound:SplitBruiser","Slimebound:SplitLeeching","Slimebound:ForwardTackle"],"picked":"SKIP","floor":5.0},{"not_picked":["Slimebound:LeechEnergy","Slimebound:SplitLeeching"],"picked":"Slimebound:FlameTackle","floor":6.0},{"not_picked":["Slimebound:SlimeBrawl","Slimebound:LeechingTouch","Slimebound:SplitAcid"],"picked":"SKIP","floor":7.0},{"not_picked":["Slimebound:Nibble","Slimebound:FlameTackle","Slimebound:PressTheAttack"],"picked":"SKIP","floor":11.0},{"not_picked":["Slimebound:FinishingTackle","Slimebound:SlimeSlap","Slimebound:RollThrough"],"picked":"SKIP","floor":12.0},{"not_picked":["expansioncontent:CaCaw","expansioncontent:DarkVoid"],"picked":"expansioncontent:ManipulateTime","floor":13.0},{"not_picked":["Slimebound:ItLooksTasty","Slimebound:ViciousTackle"],"picked":"Slimebound:SlimeSpikes","floor":14.0},{"not_picked":["Slimebound:PrepareCrush","Slimebound:RallyTheTroops"],"picked":"Slimebound:CheckThePlaybook","floor":16.0},{"not_picked":["Slimebound:SlimeTap","Slimebound:Nibble"],"picked":"Slimebound:LeadByExample+1","floor":18.0}],"player_experience":715250,"relics_obtained":[{"floor":6.0,"key":"Juzu Bracelet"},{"floor":9.0,"key":"Darkstone Periapt"}],"event_choices":[{"damage_healed":0.0,"max_hp_gain":0.0,"max_hp_loss":0.0,"gold_gain":0.0,"event_name":"Upgrade Shrine","player_choice":"Upgraded","floor":3.0,"gold_loss":0.0,"damage_taken":0.0,"cards_upgraded":["Slimebound:FlameTackle"]},{"damage_healed":0.0,"max_hp_gain":0.0,"max_hp_loss":0.0,"gold_gain":1.0,"event_name":"betterStone:BetterStone","player_choice":"1","floor":13.0,"gold_loss":0.0,"damage_taken":0.0},{"cards_removed":["Slimebound:Strike_Slimebound"],"damage_healed":0,"gold_gain":0,"player_choice":"Offered Basic","damage_taken":0,"max_hp_gain":0,"max_hp_loss":0,"event_name":"Bonfire Elementals","floor":19,"gold_loss":0}],"is_beta":false,"boss_relics":[{"not_picked":["Ectoplasm","Busted Crown"],"picked":"Slimebound:AbsorbEndCombatUpgraded"}],"items_purged_floors":[],"is_endless":false,"potions_floor_spawned":[1,2,6,14,16],"killed_by":"Chosen","ascension_level":8}}