{"host":"e1ezmaebp4k769tb","time":1608647163,"event":{"mods":["2.2 Compatiblity","AchievementEnabler","AlwaysNeverKeys","BaseMod","CapriCore","Card Filter","Colored Powertips","Curses Come First","DeckTracker","Energized Spire","Friendly Minions","Highlight Path","Keyboard Shortcuts","Minty Spire (QoL Compilation)","Permanent Neow","Quick Restart","Red Circlet Mod","Relic Filter","Remilia£¨?Ú·×é?£©","Replay The Spire","Shop Mod","StSLib","WarShipGirlsR/??á´Ò³R mod"],"gold_per_floor":[110,125,85,99,178,206,206,223,275,300,300,327,327,338,338,412,412,424,434,434,484,484,519,519,546,546,559,559,572,572,586,586,661,661,678,690,163,175,175,203,220,255,255,266,300,300,300,350,350,350,350,350,350,84,118,118],"floor_reached":57,"playtime":3477,"items_purged":["Strike_RM","Parasite"],"score":3150,"play_id":"7bcd869a-a814-4a06-a04d-78a13f7f670f","local_time":"20201222232603","is_ascension_mode":true,"campfire_choices":[{"data":"BombardNight","floor":7.0,"key":"SMITH"},{"data":"BombardNight","floor":11.0,"key":"SMITH"},{"floor":15.0,"key":"DIG"},{"data":"TwelveNightmare","floor":24.0,"key":"SMITH"},{"data":"ScarletCoffin","floor":28.0,"key":"SMITH"},{"data":"CurseOfVladTepes","floor":30.0,"key":"SMITH"},{"data":"DiffusionOfMisfortune","floor":32.0,"key":"SMITH"},{"data":"Madness","floor":46,"key":"SMITH"},{"data":"Madness","floor":46,"key":"SMITH"},{"data":"SuperhumanBloodyKnife","floor":49,"key":"SMITH"},{"data":"BadLadyScramble","floor":49,"key":"SMITH"},{"data":"MiserableFate","floor":53,"key":"SMITH"},{"data":"RedMoon","floor":53,"key":"SMITH"}],"circlet_count":0,"master_deck":["AscendersBane","Strike_RM+1","Defend_RM","Defend_RM","Defend_RM","RedMoon+1","ScarletShoot","VampireFantasy","RedRainbow","MiserableFate+1","UnstableMagic","DiffusionOfMisfortune+1","ForecastOfChange","BombardNight+1","SuperhumanBloodyKnife+1","SuperhumanBloodyKnife","BombardNight+1","MillenniumVampire","SuperhumanBloodyKnife","TwelveNightmare+1","ScarletCoffin+1","VampireFantasy","BadLadyScramble+1","CurseOfVladTepes+1","TransientEternity","BlasphemousPunishment+1","Madness+1","Madness+1","SuperhumanBloodyKnife","MillenniumVampire"],"relics":["ScarletHat","Ancient Tea Set","Replay:Wax Seal","PreservedInsect","Shuriken","Bronze Scales","ReplayTheSpireMod:Shallot","ScarletEmblem","Mango","ReplayTheSpireMod:Ring of Collecting","Ring of Fangs","Gremlin Food","Replay:Towering Pillar of Hats","Ring of Misfortune","Singing Bowl","Sundial","Incense Burner","Turnip","Replay:Drink Me","Sling","Matryoshka","Replay:Arrowhead","Ornamental Fan","ReplayTheSpireMod:Ring of Addiction","Smiling Mask","Blue Candle","Chameleon Ring","Toy Ornithopter","Prayer Wheel","Oddly Smooth Stone","RedBat"],"acts_visited":["Exordium","TheCity","TheBeyond","TheEnding"],"potions_floor_usage":[50,56],"damage_taken":[{"damage":1.0,"enemies":"Cultist","floor":1.0,"turns":4.0},{"damage":0.0,"enemies":"2 Louse","floor":2.0,"turns":6.0},{"damage":0.0,"enemies":"Jaw Worm","floor":4.0,"turns":3.0},{"damage":14.0,"enemies":"Replay:BlueRogue","floor":6.0,"turns":5.0},{"damage":0.0,"enemies":"2 Fungi Beasts","floor":8.0,"turns":3.0},{"damage":0.0,"enemies":"3 Sentries","floor":10.0,"turns":2.0},{"damage":0.0,"enemies":"Lagavulin","floor":12.0,"turns":2.0},{"damage":3.0,"enemies":"3 Louse","floor":14.0,"turns":3.0},{"damage":11.0,"enemies":"Hexaghost","floor":16.0,"turns":6.0},{"damage":0.0,"enemies":"Chosen","floor":18.0,"turns":3.0},{"damage":0.0,"enemies":"3 Byrds","floor":19.0,"turns":3.0},{"damage":16.0,"enemies":"Gremlin Leader","floor":23.0,"turns":5.0},{"damage":3.0,"enemies":"Replay:Snechameleon","floor":25.0,"turns":5.0},{"damage":0.0,"enemies":"Centurion and Healer","floor":27.0,"turns":8.0},{"damage":4.0,"enemies":"Shelled Parasite and Fungi","floor":29.0,"turns":8.0},{"damage":16.0,"enemies":"Sentry and Sphere","floor":31.0,"turns":7.0},{"damage":15.0,"enemies":"Automaton","floor":33.0,"turns":10.0},{"damage":0.0,"enemies":"3 Darklings","floor":35.0,"turns":3.0},{"damage":0.0,"enemies":"Orb Walker","floor":36.0,"turns":5.0},{"damage":18.0,"enemies":"Spire Growth","floor":38.0,"turns":4.0},{"damage":14.0,"enemies":"Reptomancer","floor":40.0,"turns":5.0},{"damage":7.0,"enemies":"Sphere and 2 Shapes","floor":41.0,"turns":5.0},{"damage":0.0,"enemies":"Giant Head","floor":42.0,"turns":6.0},{"damage":0.0,"enemies":"Writhing Mass","floor":44.0,"turns":7.0},{"damage":20,"enemies":"R_Hoarder","floor":45,"turns":4},{"damage":0,"enemies":"Donu and Deca","floor":50,"turns":9},{"damage":0,"enemies":"Awakened One","floor":51,"turns":11},{"damage":8,"enemies":"Shield and Spear","floor":55,"turns":5},{"damage":40,"enemies":"The Heart","floor":56,"turns":10}],"seed_played":"-5389735493454515913","potions_obtained":[{"floor":1.0,"key":"Explosive Potion"},{"floor":6.0,"key":"DuplicationPotion"},{"floor":10.0,"key":"LiquidBronze"},{"floor":16.0,"key":"SteroidPotion"},{"floor":23.0,"key":"Energy Potion"},{"floor":29.0,"key":"Energy Potion"},{"floor":31.0,"key":"DistilledChaos"},{"floor":36.0,"key":"Energy Potion"},{"floor":38.0,"key":"Explosive Potion"},{"floor":40.0,"key":"Weak Potion"},{"floor":43.0,"key":"Death Potion"}],"is_trial":false,"path_per_floor":["M","M","?","M","?","E","R","M","T","E","R","E","?","M","R","B",null,"M","M","?","?","?","E","R","E","T","M","R","M","R","M","R","B",null,"M","M","$","M","?","E","M","E","T","M","E","R","?","?","R","B","B",null,"R","$","E","B",null],"character_chosen":"REMILIA","items_purchased":["Sling","Matryoshka","Oddly Smooth Stone","Adrenaline Potion"],"campfire_rested":0,"item_purchase_floors":[37,37,54,54],"current_hp_per_floor":[58,60,60,60,33,22,22,22,22,22,22,27,84,81,81,78,83,84,84,98,98,98,82,82,86,86,94,94,94,94,87,87,74,76,78,80,80,63,48,41,34,43,43,45,35,35,35,35,35,42,49,78,78,78,78,52],"gold":118,"neow_bonus":"TWENTY_PERCENT_HP_BONUS","is_daily":false,"chose_seed":false,"campfire_upgraded":12,"win_rate":0.0,"timestamp":1608647163,"path_taken":["M","?","?","M","?","E","R","?","T","E","R","E","?","M","R","BOSS","M","?","?","?","?","E","R","E","T","M","R","M","R","M","R","BOSS","M","M","$","M","?","E","M","E","T","M","E","R","?","?","R","BOSS","BOSS","R","$","E","BOSS"],"items_purchased_type":["Relic","Relic","Relic","Potion"],"build_version":"2020-12-13","purchased_purges":2,"victory":true,"max_hp_per_floor":[84,84,84,84,84,84,84,84,84,84,84,84,84,84,84,84,84,84,84,98,98,98,98,98,98,98,100,100,100,100,102,102,102,77,79,81,81,81,81,83,83,85,85,87,89,89,89,87,87,87,87,87,87,82,82,82],"card_choices":[{"not_picked":["MastersStateliness","AfternoonTea"],"picked":"VampireFantasy","floor":1.0},{"not_picked":["UnstableMagic","MastersStateliness"],"picked":"RedRainbow","floor":2.0},{"not_picked":[],"picked":"MiserableFate","floor":3.0},{"not_picked":[],"picked":"UnstableMagic","floor":3.0},{"not_picked":[],"picked":"DiffusionOfMisfortune","floor":3.0},{"not_picked":[],"picked":"ForecastOfChange","floor":3.0},{"not_picked":["DiffusionOfMisfortune","ScarletImprint"],"picked":"BombardNight","floor":4.0},{"not_picked":["LeisurelyOfLord","UnstableMagic"],"picked":"SuperhumanBloodyKnife","floor":5.0},{"not_picked":["CharismaGuard","BlasphemousPunishment"],"picked":"SuperhumanBloodyKnife","floor":5.0},{"not_picked":["ReincarnationDial","UltimateOffering"],"picked":"BombardNight","floor":6.0},{"not_picked":["ScarletImprint","ForbiddenFruit"],"picked":"MillenniumVampire","floor":8.0},{"not_picked":["LeisurelyOfLord","BloodAndWine","EmergencyRegeneration"],"picked":"SKIP","floor":10.0},{"not_picked":["VampireKiss","GlobalNightmare"],"picked":"SuperhumanBloodyKnife","floor":12.0},{"not_picked":["ChainGang","VampirishNight"],"picked":"TwelveNightmare","floor":14.0},{"not_picked":["ChaoticDestiny","BloodyHallows"],"picked":"ScarletCoffin","floor":16.0},{"not_picked":["RedRainbow","DiffusionOfMisfortune","BombardNight"],"picked":"SKIP","floor":18.0},{"not_picked":["BloodHunter","NightDance"],"picked":"VampireFantasy","floor":19.0},{"not_picked":["BloodyTrap","ScarletDevilSign"],"picked":"BadLadyScramble","floor":23.0},{"not_picked":["ReincarnationDial","Maim","ScarletImprint"],"picked":"SKIP","floor":25.0},{"not_picked":["DevilSight","NightDance","ScarletImprint"],"picked":"Singing Bowl","floor":27.0},{"not_picked":["ScarletDevil+1","BloodHunter"],"picked":"CurseOfVladTepes","floor":29.0},{"not_picked":["FavorOfDestiny","StarOfDavid+1","ScarletSymphony+1"],"picked":"Singing Bowl","floor":31.0},{"not_picked":["CurseOfVladTepes","BloodyHallows"],"picked":"TransientEternity","floor":33.0},{"not_picked":["NightDance","BlasphemousPunishment","EndlessAdversity"],"picked":"Singing Bowl","floor":35.0},{"not_picked":["RedRainbow","VampireSweep","NightLord+1"],"picked":"Singing Bowl","floor":36.0},{"not_picked":["StarOfDavid","NightLord"],"picked":"BlasphemousPunishment","floor":38.0},{"not_picked":["UnstableMagic","NightDance","CharismaGuard"],"picked":"Singing Bowl","floor":40.0},{"not_picked":["StarOfDavid","BloodHunter"],"picked":"SuperhumanBloodyKnife","floor":41.0},{"not_picked":["EndlessAdversity","FavorOfDestiny","VampirishNight+1"],"picked":"Singing Bowl","floor":42.0},{"not_picked":["CharismaGuard","ScarletSymphony","VampireKiss"],"picked":"Singing Bowl","floor":44.0},{"not_picked":["GlobalNightmare+1","StarOfDavid","ScarletCoffin"],"picked":"Singing Bowl","floor":45},{"not_picked":["GlobalNightmare","RedRainbow+1"],"picked":"MillenniumVampire","floor":55}],"player_experience":189898,"relics_obtained":[{"floor":5.0,"key":"Ancient Tea Set"},{"floor":6.0,"key":"Replay:Wax Seal"},{"floor":9.0,"key":"PreservedInsect"},{"floor":10.0,"key":"Shuriken"},{"floor":12.0,"key":"Bronze Scales"},{"floor":15.0,"key":"ReplayTheSpireMod:Shallot"},{"floor":22.0,"key":"ReplayTheSpireMod:Ring of Collecting"},{"floor":22.0,"key":"Ring of Fangs"},{"floor":23.0,"key":"Gremlin Food"},{"floor":25.0,"key":"Replay:Towering Pillar of Hats"},{"floor":26.0,"key":"Ring of Misfortune"},{"floor":26.0,"key":"Singing Bowl"},{"floor":27.0,"key":"Sundial"},{"floor":29.0,"key":"Incense Burner"},{"floor":31.0,"key":"Turnip"},{"floor":40.0,"key":"Replay:Arrowhead"},{"floor":42.0,"key":"Ornamental Fan"},{"floor":43.0,"key":"ReplayTheSpireMod:Ring of Addiction"},{"floor":43.0,"key":"Smiling Mask"},{"floor":43.0,"key":"Blue Candle"},{"floor":43.0,"key":"Chameleon Ring"},{"floor":43.0,"key":"Toy Ornithopter"},{"floor":45,"key":"Prayer Wheel"},{"floor":55,"key":"RedBat"}],"event_choices":[{"damage_healed":57.0,"max_hp_gain":0.0,"max_hp_loss":0.0,"gold_gain":0.0,"event_name":"Wheel of Change","player_choice":"Full Heal","floor":13.0,"gold_loss":0.0,"damage_taken":0.0},{"damage_healed":0.0,"max_hp_gain":0.0,"max_hp_loss":0.0,"gold_gain":50.0,"event_name":"Nest","player_choice":"Stole From Cult","floor":21.0,"gold_loss":0.0,"damage_taken":0.0},{"damage_healed":0.0,"max_hp_gain":0.0,"max_hp_loss":0.0,"gold_gain":0.0,"event_name":"Winding Halls","player_choice":"Embrace Madness","floor":39.0,"gold_loss":0.0,"damage_taken":15.0,"cards_obtained":["Madness","Madness"]},{"cards_removed":["Defend_RM"],"damage_healed":0,"gold_gain":0,"player_choice":"Removed Skill","damage_taken":0,"max_hp_gain":0,"max_hp_loss":0,"event_name":"Falling","floor":47,"gold_loss":0},{"damage_healed":0,"gold_gain":50,"player_choice":"Pray","damage_taken":0,"max_hp_gain":0,"max_hp_loss":0,"event_name":"Golden Shrine","floor":48,"gold_loss":0}],"is_beta":false,"boss_relics":[{"not_picked":["Cursed Key","Busted Crown"],"picked":"ScarletEmblem"},{"not_picked":["ReplayTheSpireMod:DimensionalGlitch","Runic Pyramid"],"picked":"Replay:Drink Me"}],"items_purged_floors":[37,54],"is_endless":false,"potions_floor_spawned":[1,6,10,16,23,29,31,36,38,41,44],"ascension_level":20}}