{"host":"7z9w9s73v2jobm2z","time":1608622878,"event":{"mods":["AchievementEnabler","BaseMod","Colored Map","Colored Powertips","Custom Start","Minty Spire (QoL Compilation)","Quick Restart","Rare Cards Sparkle","Relic Stats","StSLib"],"gold_per_floor":[116,116,191,203,203,203,378,392,392,392,405,405,110,110,110,212,212,226,226,25,25,44,44,44],"floor_reached":23,"playtime":1029,"items_purged":["Strike_B","Defend_B"],"score":221,"play_id":"ec7dc4f8-0909-4173-b429-68ded745cbad","local_time":"20201222024118","is_ascension_mode":true,"campfire_choices":[{"data":"Defend_B","floor":6,"key":"SMITH"},{"floor":12,"key":"REST"},{"data":"Dualcast","floor":15,"key":"SMITH"}],"circlet_count":0,"master_deck":["Strike_B","Strike_B","Strike_B","Defend_B+1","Defend_B","Defend_B+1","Zap","Dualcast+1","Creative AI","Capacitor+1","Decay","Leap"],"relics":["Nuclear Battery","InkBottle","The Courier","FossilizedHelix","Sozu","Cables","MealTicket"],"acts_visited":["Exordium","TheCity"],"potions_floor_usage":[18],"damage_taken":[{"damage":2,"enemies":"Small Slimes","floor":1,"turns":4},{"damage":2,"enemies":"Jaw Worm","floor":4,"turns":3},{"damage":0,"enemies":"2 Louse","floor":8,"turns":3},{"damage":0,"enemies":"Blue Slaver","floor":11,"turns":4},{"damage":66,"enemies":"Slime Boss","floor":16,"turns":15},{"damage":32,"enemies":"3 Byrds","floor":18,"turns":5},{"damage":23,"enemies":"Shell Parasite","floor":22,"turns":8},{"damage":9,"enemies":"Gremlin Leader","floor":23,"turns":2}],"seed_played":"8062729632373354236","potions_obtained":[{"floor":4,"key":"CultistPotion"}],"is_trial":false,"path_per_floor":["M","?","?","M","?","R","?","M","T","?","M","R","$","?","R","B",null,"M","T","$","?","M","E"],"character_chosen":"DEFECT","items_purchased":["FossilizedHelix","MealTicket"],"campfire_rested":1,"item_purchase_floors":[13,20],"current_hp_per_floor":[73,70,59,57,62,62,62,62,62,55,55,79,79,79,79,13,63,31,31,31,31,8,0,0],"gold":44,"neow_bonus":"BOSS_RELIC","is_daily":false,"chose_seed":false,"campfire_upgraded":2,"win_rate":0.0,"timestamp":1608622878,"path_taken":["M","?","?","M","?","R","?","?","T","?","M","R","$","?","R","BOSS","M","?","$","?","M","E"],"items_purchased_type":["Relic","Relic"],"build_version":"2020-12-13","purchased_purges":2,"victory":false,"max_hp_per_floor":[75,75,75,75,80,80,80,80,80,80,80,80,80,80,80,80,80,80,80,80,80,80,80,80],"relic_stats":{"Sozu":1,"counters":[8,44],"MealTicket":0,"obtain_stats":[{"Sozu":17,"MealTicket":20,"The Courier":9,"Cracked Core":0,"InkBottle":2,"FossilizedHelix":13,"Nuclear Battery":0,"Cables":19},{"Sozu":5,"MealTicket":6,"The Courier":3,"Cracked Core":0,"InkBottle":1,"FossilizedHelix":4,"Nuclear Battery":0,"Cables":6},{"Sozu":29,"MealTicket":34,"The Courier":10,"Cracked Core":0,"InkBottle":4,"FossilizedHelix":14,"Nuclear Battery":0,"Cables":34}],"InkBottle":[14],"Cables":[11,1,0,0,10]},"card_choices":[{"not_picked":["Barrage","Cold Snap","Streamline"],"picked":"SKIP","floor":1},{"not_picked":["Steam","Sweeping Beam","Compile Driver"],"picked":"SKIP","floor":4},{"not_picked":["Go for the Eyes","Barrage","Sweeping Beam"],"picked":"SKIP","floor":8},{"not_picked":["Beam Cell","Hello World","Steam Power"],"picked":"SKIP","floor":11},{"not_picked":["Machine Learning","Electrodynamics"],"picked":"Creative AI","floor":16},{"not_picked":["Hello World","Auto Shields"],"picked":"Capacitor+1","floor":18},{"not_picked":["Beam Cell+1","Go for the Eyes+1"],"picked":"Leap","floor":22}],"player_experience":437066,"relics_obtained":[{"floor":9,"key":"The Courier"},{"floor":19,"key":"Cables"}],"event_choices":[{"damage_healed":0,"gold_gain":0,"player_choice":"Success","damage_taken":3,"relics_obtained":["InkBottle"],"max_hp_gain":0,"max_hp_loss":0,"event_name":"Scrap Ooze","floor":2,"gold_loss":0},{"damage_healed":0,"gold_gain":75,"player_choice":"Gather Gold","damage_taken":11,"max_hp_gain":0,"max_hp_loss":0,"event_name":"World of Goop","floor":3,"gold_loss":0},{"damage_healed":0,"gold_gain":0,"player_choice":"Donut","damage_taken":0,"max_hp_gain":5,"max_hp_loss":0,"event_name":"Big Fish","floor":5,"gold_loss":0},{"damage_healed":0,"gold_gain":175,"player_choice":"AGREE","damage_taken":0,"max_hp_gain":0,"max_hp_loss":0,"event_name":"Liars Game","floor":7,"gold_loss":0,"cards_obtained":["Doubt"]},{"cards_removed":["Doubt"],"damage_healed":0,"gold_gain":0,"player_choice":"Card Removal","damage_taken":7,"max_hp_gain":0,"max_hp_loss":0,"event_name":"Golden Wing","floor":10,"gold_loss":0},{"damage_healed":0,"gold_gain":0,"player_choice":"Forge","damage_taken":0,"max_hp_gain":0,"max_hp_loss":0,"event_name":"Accursed Blacksmith","floor":14,"gold_loss":0,"cards_upgraded":["Defend_B"]},{"damage_healed":0,"gold_gain":0,"player_choice":"Smashed Altar","damage_taken":0,"max_hp_gain":0,"max_hp_loss":0,"event_name":"Forgotten Altar","floor":21,"gold_loss":0,"cards_obtained":["Decay"]}],"is_beta":false,"boss_relics":[{"not_picked":["Runic Pyramid","Tiny House"],"picked":"Sozu"}],"items_purged_floors":[13,20],"is_endless":false,"potions_floor_spawned":[4,18],"killed_by":"Gremlin Leader","ascension_level":5}}