{"host":"2461dio7vetlq1z3","time":1608633454,"event":{"mods":["2.2 Compatiblity","AchievementEnabler","BaseMod","Better Third Choice","Hermit","Marisa????????","Minty Spire (QoL Compilation)","Relic Stats","Spicy Shops","StSLib","The Runesmith","Waifu the Spire"],"gold_per_floor":[112,123,198,168,187,187,218,218,218,252,266,298,298,331,331,408,408,425,425,326,343,357,357,369,396,423,456,456,471,471,487,487,565,565,584,45,65,83,83,115,115,143,169,169,187,187,187,206,206,206,206,206,2,33,33,33],"floor_reached":55,"playtime":3678,"items_purged":["Strike_MRS","Strike_MRS"],"score":1529,"play_id":"1a2ec966-9e2b-4863-b0cd-95c116ebebe1","local_time":"20201222113734","is_ascension_mode":true,"campfire_choices":[{"data":"MysteriousBeam","floor":6,"key":"SMITH"},{"data":"BlazeAway","floor":8,"key":"SMITH"},{"data":"MilkyWay","floor":13,"key":"SMITH"},{"data":"SprinkleStarSeal","floor":15,"key":"SMITH"},{"data":"MilkyWay","floor":23,"key":"SMITH"},{"floor":28,"key":"REST"},{"data":"ManaRampage","floor":32,"key":"SMITH"},{"floor":41,"key":"REST"},{"floor":44,"key":"RECALL"},{"floor":46,"key":"REST"},{"floor":49,"key":"REST"},{"floor":52,"key":"REST"}],"circlet_count":0,"master_deck":["AscendersBane","Strike_MRS+1","Defend_MRS+1","Defend_MRS+1","Defend_MRS+1","Defend_MRS+1","MasterSpark+1","UpSweep+1","MysteriousBeam+1","AsteroidBelt+1","SprinkleStarSeal+1","BlazeAway+1","6A+1","MilkyWay+1","ManaConvection+1","ShootingEcho+1","MilkyWay+1","LuminesStrike+1","6A+1","ManaRampage+1","MagicAbsorber+1","ShootingEcho+1","AsteroidBelt+1","OortCloud+1","FinalSpark+1","OortCloud+1","Apotheosis+1","BlazeAway+1","Purity+1","DoubleSpark+1","Doubt","Parasite","Acceleration"],"relics":["MiniHakkero","Pear","Darkstone Periapt","InkBottle","Bag of Marbles","MagicBroom","Runic Pyramid","Mercury Hourglass","Strawberry","Potion Belt","Cursed Key","Oddly Smooth Stone","Ancient Tea Set","Lantern","Mark of the Bloom","Chemical X","Bronze Scales"],"acts_visited":["Exordium","TheCity","TheBeyond","TheEnding"],"potions_floor_usage":[11,12,24,27,33,33,42,54,55,55,55,55],"damage_taken":[{"damage":5,"enemies":"Small Slimes","floor":1,"turns":4},{"damage":7,"enemies":"Jaw Worm","floor":2,"turns":2},{"damage":0,"enemies":"Cultist","floor":5,"turns":3},{"damage":7,"enemies":"Lagavulin","floor":7,"turns":5},{"damage":10,"enemies":"3 Sentries","floor":10,"turns":5},{"damage":2,"enemies":"3 Louse","floor":11,"turns":4},{"damage":0,"enemies":"Gremlin Nob","floor":12,"turns":2},{"damage":5,"enemies":"Lagavulin","floor":14,"turns":4},{"damage":7,"enemies":"Slime Boss","floor":16,"turns":9},{"damage":6,"enemies":"Spheric Guardian","floor":18,"turns":4},{"damage":0,"enemies":"2 Thieves","floor":21,"turns":3},{"damage":0,"enemies":"Cultist and Chosen","floor":22,"turns":6},{"damage":13,"enemies":"Snake Plant","floor":24,"turns":5},{"damage":0,"enemies":"Book of Stabbing","floor":25,"turns":7},{"damage":16,"enemies":"Slavers","floor":27,"turns":3},{"damage":0,"enemies":"3 Cultists","floor":29,"turns":3},{"damage":9,"enemies":"Sentry and Sphere","floor":31,"turns":4},{"damage":23,"enemies":"Automaton","floor":33,"turns":9},{"damage":0,"enemies":"3 Darklings","floor":35,"turns":4},{"damage":4,"enemies":"Orb Walker","floor":37,"turns":5},{"damage":3,"enemies":"4 Shapes","floor":38,"turns":4},{"damage":33,"enemies":"Nemesis","floor":40,"turns":8},{"damage":0,"enemies":"Reptomancer","floor":42,"turns":6},{"damage":0,"enemies":"Writhing Mass","floor":45,"turns":10},{"damage":0,"enemies":"Transient","floor":48,"turns":5},{"damage":15,"enemies":"Donu and Deca","floor":50,"turns":10},{"damage":61,"enemies":"Shield and Spear","floor":54,"turns":8},{"damage":42,"enemies":"The Heart","floor":55,"turns":6}],"seed_played":"-8587076213325116469","potions_obtained":[{"floor":1,"key":"Fire Potion"},{"floor":4,"key":"EntropicBrew"},{"floor":11,"key":"DuplicationPotion"},{"floor":12,"key":"SpeedPotion"},{"floor":24,"key":"SteroidPotion"},{"floor":27,"key":"EssenceOfSteel"},{"floor":29,"key":"Strength Potion"},{"floor":31,"key":"LiquidBronze"},{"floor":37,"key":"Explosive Potion"},{"floor":40,"key":"SpeedPotion"}],"is_trial":false,"path_per_floor":["M","M","?","?","M","R","E","R","T","E","M","E","R","E","R","B",null,"M","?","$","M","M","R","M","E","T","E","R","M","?","M","R","B",null,"M","$","M","M","?","E","R","E","T","R","M","R","?","M","R","B",null,"R","$","E","B"],"character_chosen":"MARISA","items_purchased":["LuminesStrike","Oddly Smooth Stone","Apotheosis","Chemical X","SpeedPotion"],"campfire_rested":5,"item_purchase_floors":[20,36,36,53,53],"current_hp_per_floor":[65,58,47,47,47,47,50,50,50,40,38,38,38,33,33,26,72,66,66,66,66,66,66,53,53,60,44,72,72,44,35,35,12,77,77,77,73,70,65,32,61,61,67,67,73,106,106,106,106,91,91,91,91,30,0,0],"gold":33,"neow_bonus":"TEN_PERCENT_HP_BONUS","is_daily":false,"chose_seed":false,"campfire_upgraded":6,"win_rate":0.0,"timestamp":1608633454,"path_taken":["M","M","?","?","M","R","E","R","T","E","?","E","R","E","R","BOSS","M","?","$","?","M","R","M","E","T","E","R","M","?","M","R","BOSS","M","$","M","M","?","E","R","E","T","R","M","R","?","M","R","BOSS","R","$","E","BOSS"],"items_purchased_type":["Card","Relic","Card","Relic","Potion"],"build_version":"2020-12-13","purchased_purges":2,"victory":false,"max_hp_per_floor":[77,77,77,77,77,77,87,87,87,87,87,87,87,87,87,87,87,87,87,87,87,87,87,87,87,94,94,94,94,99,99,99,99,99,99,99,99,99,99,99,99,99,105,105,111,111,111,111,111,111,111,111,111,111,111,111],"relic_stats":{"Darkstone Periapt":12,"Mark of the Bloom":81,"counters":[28,148],"Bronze Scales":[93],"Chemical X":[1],"Cursed Key":1,"obtain_stats":[{"Darkstone Periapt":9,"Potion Belt":27,"Lantern":42,"Mark of the Bloom":47,"Pear":7,"MagicBroom":14,"Oddly Smooth Stone":36,"Cursed Key":34,"Ancient Tea Set":40,"Mercury Hourglass":25,"Strawberry":26,"Bronze Scales":54,"Bag of Marbles":12,"MiniHakkero":0,"Chemical X":53,"InkBottle":10,"Runic Pyramid":17},{"Darkstone Periapt":4,"Potion Belt":15,"Lantern":23,"Mark of the Bloom":24,"Pear":4,"MagicBroom":8,"Oddly Smooth Stone":19,"Cursed Key":18,"Ancient Tea Set":22,"Mercury Hourglass":14,"Strawberry":14,"Bronze Scales":27,"Bag of Marbles":7,"MiniHakkero":0,"Chemical X":26,"InkBottle":5,"Runic Pyramid":9},{"Darkstone Periapt":14,"Potion Belt":66,"Lantern":109,"Mark of the Bloom":119,"Pear":14,"MagicBroom":29,"Oddly Smooth Stone":86,"Cursed Key":82,"Ancient Tea Set":103,"Mercury Hourglass":63,"Strawberry":63,"Bronze Scales":142,"Bag of Marbles":25,"MiniHakkero":0,"Chemical X":134,"InkBottle":19,"Runic Pyramid":38}],"InkBottle":[48],"Mercury Hourglass":[334]},"card_choices":[{"not_picked":["DeepEcoloBomb","ShootingEcho"],"picked":"MysteriousBeam","floor":1},{"not_picked":["OneTimeOff","DarkSpark"],"picked":"AsteroidBelt","floor":2},{"not_picked":["ShootTheMoon","NonDirectionalLaser"],"picked":"SprinkleStarSeal","floor":5},{"not_picked":["NonDirectionalLaser","SprinkleStarSeal"],"picked":"BlazeAway","floor":7},{"not_picked":["FairyDestructionRay","AlicesGift"],"picked":"6A","floor":10},{"not_picked":["MysteriousBeam","SprinkleStarSeal"],"picked":"MilkyWay","floor":11},{"not_picked":["GasGiant","JA"],"picked":"ManaConvection","floor":12},{"not_picked":["EnergyRecoil","GrandCross","DoubleSpark"],"picked":"SKIP","floor":14},{"not_picked":["WitchOfGreed","AsteroidBelt"],"picked":"ShootingEcho","floor":18},{"not_picked":["WitchOfGreed","DarkMatter"],"picked":"6A","floor":21},{"not_picked":["IllusionStar","DragonMeteor"],"picked":"ManaRampage","floor":22},{"not_picked":["EnergyFlow","BlazeAway"],"picked":"MagicAbsorber","floor":24},{"not_picked":["StarBarrage+1","IllusionStar"],"picked":"ShootingEcho","floor":25},{"not_picked":["AlicesGift+1","OneTimeOff+1","DC"],"picked":"SKIP","floor":27},{"not_picked":["ShootingEcho","Orbital"],"picked":"AsteroidBelt","floor":29},{"not_picked":["MilkyWay","SporeBomb"],"picked":"OortCloud","floor":31},{"not_picked":["MaximisePower","CasketOfStar"],"picked":"FinalSpark","floor":33},{"not_picked":["GalacticHalo","AsteroidBelt+1"],"picked":"OortCloud","floor":35},{"not_picked":["AlicesGift+1","MagicAbsorber+1","WitchLeyline"],"picked":"SKIP","floor":37},{"not_picked":["EarthLightRay","MagicAbsorber+1"],"picked":"BlazeAway+1","floor":38},{"not_picked":["Mind Blast","The Bomb"],"picked":"Purity","floor":39},{"not_picked":["ShootingEcho","DC"],"picked":"DoubleSpark","floor":40},{"not_picked":["FairyDestructionRay+1","LuminesStrike","MilkyWay"],"picked":"SKIP","floor":42},{"not_picked":["DarkSpark","EarthLightRay","WitchOfGreed+1"],"picked":"SKIP","floor":45},{"not_picked":["MagicChant","UnstableBomb+1","WitchOfGreed+1"],"picked":"SKIP","floor":48},{"not_picked":["ManaConvection+1","MysteriousBeam"],"picked":"Acceleration","floor":54}],"player_experience":930347,"relics_obtained":[{"floor":7,"key":"Pear"},{"floor":9,"key":"Darkstone Periapt"},{"floor":10,"key":"InkBottle"},{"floor":12,"key":"Bag of Marbles"},{"floor":14,"key":"MagicBroom"},{"floor":25,"key":"Mercury Hourglass"},{"floor":26,"key":"Strawberry"},{"floor":27,"key":"Potion Belt"},{"floor":40,"key":"Ancient Tea Set"},{"floor":42,"key":"Lantern"},{"floor":54,"key":"Bronze Scales"}],"event_choices":[{"damage_healed":0,"gold_gain":75,"player_choice":"Gold","damage_taken":11,"max_hp_gain":0,"max_hp_loss":0,"event_name":"betterThird:BetterGoop","floor":3,"gold_loss":0},{"damage_healed":0,"gold_gain":0,"player_choice":"Bought 2 Potions","damage_taken":0,"max_hp_gain":0,"max_hp_loss":0,"event_name":"The Woman in Blue","floor":4,"gold_loss":0},{"damage_healed":0,"gold_gain":0,"cards_transformed":["Strike_MRS"],"player_choice":"Transformed","damage_taken":0,"max_hp_gain":0,"max_hp_loss":0,"event_name":"Transmorgrifier","floor":19,"gold_loss":0,"cards_obtained":["MilkyWay"]},{"damage_healed":0,"gold_gain":0,"player_choice":"Shed Blood","damage_taken":33,"max_hp_gain":5,"max_hp_loss":0,"event_name":"Forgotten Altar","floor":30,"gold_loss":0},{"damage_healed":0,"gold_gain":0,"player_choice":"Memory 2","damage_taken":5,"max_hp_gain":0,"max_hp_loss":0,"event_name":"SensoryStone","floor":39,"gold_loss":0},{"damage_healed":0,"gold_gain":0,"player_choice":"Upgrade","damage_taken":0,"relics_obtained":["Mark of the Bloom"],"max_hp_gain":0,"max_hp_loss":0,"event_name":"MindBloom","floor":47,"gold_loss":0,"cards_upgraded":["Strike_MRS","Defend_MRS","Defend_MRS","Defend_MRS","Defend_MRS","MasterSpark","UpSweep","AsteroidBelt","6A","ManaConvection","ShootingEcho","LuminesStrike","6A","MagicAbsorber","ShootingEcho","AsteroidBelt","OortCloud","FinalSpark","OortCloud","Apotheosis","Purity","DoubleSpark"]}],"is_beta":false,"boss_relics":[{"not_picked":["Black Star","BewitchedHakkero"],"picked":"Runic Pyramid"},{"not_picked":["Snecko Eye","SlaversCollar"],"picked":"Cursed Key"}],"items_purged_floors":[20,36],"is_endless":false,"potions_floor_spawned":[1,5,10,11,12,24,27,29,31,37,40],"killed_by":"The Heart","ascension_level":15}}