{"host":"hzyv8pm5uot6l4n9","time":1608667449,"event":{"mods":["Act Like it!","Always Whale","Aspiration","BaseMod","BetterRewards","Conspire","Downfall","Energized Spire","FetchMod","Friendly Minions","GifTheSpireLib","GungeonMod","Halation","Hubris","Infinite Spire","Jedi Mod","Mimic Mod","Minty Spire (QoL Compilation)","QueenMod","Quick Restart","Replay The Spire","Shop Mod","StSLib","Stuff the Spire","Td1madao Mod","The Animator","The Bug Knight","The Cursed","The Druid","The Exalted","The Judge","The Senshi","The Wild Card","TheBandit","WarShipGirlsR/????R mod","Yuri Mod","vexMod"],"gold_per_floor":[349,368,393,404,504,522,522,534,559,283,283,294,305,317,335,439,439,439],"floor_reached":17,"playtime":799,"items_purged":["Bromod:Strike_Bro"],"score":211,"play_id":"b5529f0f-19af-4a38-b142-5219856711d5","local_time":"20201222210409","is_ascension_mode":false,"campfire_choices":[{"floor":1,"key":"DIG"}],"circlet_count":0,"master_deck":["Bromod:Strike_Bro","Bromod:Strike_Bro","Bromod:Defend_Bro","Bromod:Defend_Bro","Bromod:Defend_Bro","Bromod:Defend_Bro","Bromod:SlashDash","Bromod:SlashDash","Bromod:SlashDash","Bromod:BulletJump","Bromod:SeismicWave","Bromod:Stormbringer","Bromod:ArchwingLauncher","Bromod:Reflection","Bromod:SteelFiber","Bromod:HornetStrike","Bromod:SlashDash+1","Pain","Bromod:SlashDash","Bromod:OrganShatter","Bromod:Redirection","Bromod:SlashDash","Bromod:ToxicFlight"],"relics":["Bromod:Ordis","Bromod:AscarisDevice","DemoMod:NanoMachines","halation:VictoryRuler","Bromod:ArcaneTempo","halation:Jellyphish","WarpedTongs","DemoMod:GlassGuonStoneRelic","hubris:VirtuousBlindfold"],"acts_visited":["Exordium","TheCity"],"potions_floor_usage":[15],"damage_taken":[{"damage":0,"enemies":"conspire:RoseBush","floor":2,"turns":3},{"damage":0,"enemies":"Small Slimes","floor":4,"turns":3},{"damage":0,"enemies":"Cultist","floor":6,"turns":3},{"damage":0,"enemies":"2 Fungi Beasts","floor":8,"turns":4},{"damage":0,"enemies":"3 Sentries","floor":9,"turns":4},{"damage":0,"enemies":"downfall:FleeingMerchant","floor":10,"turns":4},{"damage":1,"enemies":"Gremlin Gang","floor":12,"turns":3},{"damage":9,"enemies":"Exordium Thugs","floor":13,"turns":3},{"damage":7,"enemies":"Lots of Slimes","floor":14,"turns":2},{"damage":0,"enemies":"Large Slime","floor":15,"turns":3},{"damage":12,"enemies":"downfall:Ironclad","floor":16,"turns":6}],"seed_played":"6960395756484248318","potions_obtained":[{"floor":6,"key":"Elixir"},{"floor":8,"key":"SpeedPotion"},{"floor":12,"key":"SpeedPotion"},{"floor":13,"key":"Toxic Potion"}],"is_trial":false,"path_per_floor":["R","M","?","M","?","M","T","M","E","$","?","M","M","M","M","B",null],"character_chosen":"THE_EXALTED","items_purchased":["Bromod:SlashDash+1","halation:Jellyphish"],"campfire_rested":0,"item_purchase_floors":[10,10],"current_hp_per_floor":[54,54,54,54,54,54,54,54,54,54,54,53,44,37,37,25,75,75],"gold":439,"neow_bonus":"TWO_FIFTY_GOLD","is_daily":false,"chose_seed":false,"campfire_upgraded":0,"win_rate":0.0,"timestamp":1608667449,"path_taken":["R","M","?","M","?","M","T","M","E","$","?","M","M","M","M","BOSS"],"items_purchased_type":["Card","Relic"],"build_version":"2020-12-13","purchased_purges":1,"victory":false,"max_hp_per_floor":[75,75,75,75,75,75,75,75,75,75,75,75,75,75,75,75,75,75],"card_choices":[{"not_picked":["Bromod:FastHands","Bromod:ShatteringImpact"],"picked":"Bromod:BulletJump","floor":2},{"not_picked":["Bromod:Thunderbolt","Bromod:BulletJump"],"picked":"Bromod:SeismicWave","floor":3},{"not_picked":["Bromod:Foundry","Bromod:Redirection"],"picked":"Bromod:Stormbringer","floor":4},{"not_picked":["Bromod:SlipMagazine","Bromod:NoReturn"],"picked":"Bromod:ArchwingLauncher","floor":6},{"not_picked":["Bromod:QuickDraw","Bromod:PointStrike"],"picked":"Bromod:Reflection","floor":8},{"not_picked":["Bromod:PointStrike","Bromod:Foundry"],"picked":"Bromod:SteelFiber","floor":9},{"not_picked":["Bromod:HeatedCharge","Bromod:PressurePoint"],"picked":"Bromod:HornetStrike","floor":10},{"not_picked":["Bromod:BodyCount","Bromod:HeatedCharge"],"picked":"Bromod:SlashDash","floor":12},{"not_picked":["Bromod:PointStrike","Bromod:Vitality"],"picked":"Bromod:OrganShatter","floor":13},{"not_picked":["Bromod:BulletJump","Bromod:NorthWind"],"picked":"Bromod:Redirection","floor":14},{"not_picked":["Bromod:PointStrike","Bromod:PressurePoint"],"picked":"Bromod:SlashDash","floor":15},{"not_picked":["Bromod:JaggedEdge","Bromod:RadialJavelin"],"picked":"Bromod:ToxicFlight","floor":16}],"player_experience":689948,"relics_obtained":[{"floor":1,"key":"DemoMod:NanoMachines"},{"floor":3,"key":"halation:VictoryRuler"},{"floor":9,"key":"Bromod:ArcaneTempo"}],"event_choices":[{"damage_healed":0,"gold_gain":0,"player_choice":"Rummage","damage_taken":0,"relics_obtained":["WarpedTongs"],"max_hp_gain":0,"max_hp_loss":0,"event_name":"Accursed Blacksmith","floor":11,"gold_loss":0,"cards_obtained":["Pain"]}],"is_beta":false,"boss_relics":[{"not_picked":["halation:HeavySnake","conspire:RunicOctahedron"],"picked":"hubris:VirtuousBlindfold"}],"items_purged_floors":[10],"is_endless":false,"potions_floor_spawned":[6,8,12,13],"ascension_level":0}}