{"host":"4tnjxquzd1sn7hrw","time":1608622795,"event":{"mods":["BaseMod","Colored Map","Downfall","Hubris","Minty Spire (QoL Compilation)","Quick Restart","StSLib"],"gold_per_floor":[99,117,137,137,157,257,305,23,54,54,54,54,54],"floor_reached":11,"playtime":887,"items_purged":["Regret"],"score":75,"play_id":"d0a8ca67-2b2c-4d42-8c60-caf486587324","local_time":"20201222163955","is_ascension_mode":true,"campfire_choices":[{"data":"hexamod:Float","floor":1,"key":"SMITH"},{"data":"hexamod:EmpoweringStance","floor":10,"key":"SMITH"}],"circlet_count":0,"master_deck":["hexamod:Strike+1","hexamod:Strike","hexamod:Strike+1","hexamod:Defend","hexamod:Defend","hexamod:Defend","hexamod:Sear","hexamod:Float+1","hexamod:RetreatToShadows","hexamod:VolcanoVisage","hexamod:HeatCrush","hexamod:HeatShield","hexamod:FastForward","hexamod:ChargedBarrage","hexamod:CatchUp","hexamod:EmpoweringStance+1"],"relics":["hexamod:SpiritBrand","Lantern","downfall:GremlinWheel","Whetstone","Membership Card","Pantograph"],"acts_visited":["Exordium"],"potions_floor_usage":[6,6,11],"damage_taken":[{"damage":0,"enemies":"2 Louse","floor":2,"turns":3},{"damage":0,"enemies":"Small Slimes","floor":3,"turns":3},{"damage":0,"enemies":"Cultist","floor":5,"turns":3},{"damage":16,"enemies":"Cultist","floor":6,"turns":4},{"damage":10,"enemies":"downfall:FleeingMerchant","floor":8,"turns":4},{"damage":18,"enemies":"Lagavulin","floor":9,"turns":5},{"damage":29,"enemies":"Gremlin Nob","floor":11,"turns":4}],"seed_played":"-9187958641111441236","potions_obtained":[{"floor":2,"key":"Guardian:BlockOnCardUsePotion"},{"floor":3,"key":"hexamod:EctoCoolerPotion"},{"floor":9,"key":"Energy Potion"}],"is_trial":false,"path_per_floor":["R","M","M","?","M","?","T","$","E","R","E"],"character_chosen":"THE_SPIRIT","items_purchased":["Membership Card","hexamod:CatchUp"],"campfire_rested":0,"item_purchase_floors":[8,8],"current_hp_per_floor":[63,63,63,63,63,47,47,37,19,19,0,0,0],"gold":54,"neow_bonus":"TRANSFORM_TWO_CARDS","is_daily":false,"chose_seed":false,"campfire_upgraded":2,"win_rate":0.0,"timestamp":1608622795,"path_taken":["R","M","M","?","M","?","T","$","E","R","E"],"items_purchased_type":["Relic","Card"],"build_version":"2020-12-13","purchased_purges":1,"victory":false,"max_hp_per_floor":[63,63,63,63,63,63,63,63,63,63,63,63,63],"card_choices":[{"not_picked":["hexamod:NightmareStrike","hexamod:SpectersWail"],"picked":"hexamod:HeatCrush","floor":2},{"not_picked":["hexamod:Firestarter","hexamod:GhostflameBarrier"],"picked":"hexamod:HeatShield","floor":3},{"not_picked":["hexamod:CatchUp","hexamod:GhostOfSpirePresent"],"picked":"hexamod:FastForward","floor":5},{"not_picked":["hexamod:ParanormalForm","hexamod:CrushingStance"],"picked":"hexamod:ChargedBarrage","floor":8},{"not_picked":["hexamod:SwordOfDarkness","hexamod:RetreatToShadows"],"picked":"hexamod:EmpoweringStance","floor":9}],"player_experience":487215,"relics_obtained":[{"floor":6,"key":"downfall:GremlinWheel"},{"floor":7,"key":"Whetstone"},{"floor":9,"key":"Pantograph"}],"event_choices":[{"damage_healed":0,"gold_gain":0,"player_choice":"Box","damage_taken":0,"relics_obtained":["Lantern"],"max_hp_gain":0,"max_hp_loss":0,"event_name":"Big Fish","floor":4,"gold_loss":0,"cards_obtained":["Regret"]}],"is_beta":false,"boss_relics":[],"items_purged_floors":[8],"is_endless":false,"potions_floor_spawned":[2,3,9],"killed_by":"Gremlin Nob","ascension_level":1}}