{"host":"cjhtzh7tp54jdfyv","time":1608627393,"event":{"mods":["AchievementEnabler","BaseMod","Colored Map","Colored Powertips","Filter the Spire","Minty Spire (QoL Compilation)","RNG Fix","StSLib","ojb\u0027s Better Paths Mod","ojb\u0027s Info Mod"],"gold_per_floor":[117,128,98,111,128,128,140,160,205,205,205,17,17,17,17,92,92,109,159,84,62,62,62,62],"floor_reached":23,"playtime":1677,"items_purged":["Strike_G"],"score":362,"play_id":"15bb1667-977e-418f-bb00-b738e66a2f2e","local_time":"20201222035633","is_ascension_mode":true,"campfire_choices":[{"data":"Well Laid Plans","floor":6,"key":"SMITH"},{"floor":10,"key":"REST"},{"data":"Prepared","floor":13,"key":"SMITH"},{"data":"Outmaneuver","floor":15,"key":"SMITH"}],"circlet_count":0,"master_deck":["AscendersBane","Strike_G","Strike_G","Strike_G","Defend_G","Defend_G","Defend_G","Defend_G","Defend_G","Survivor","Neutralize","Deflect","Well Laid Plans+1","Deflect","Concentrate","Outmaneuver+1","Bouncing Flask+1","Prepared+1","Escape Plan","Adrenaline","Underhanded Strike"],"relics":["Unceasing Top","Centennial Puzzle","OrangePellets","HoveringKite","Nloth\u0027s Gift"],"acts_visited":["Exordium","TheCity"],"potions_floor_usage":[16,16,23,23],"damage_taken":[{"damage":1.0,"enemies":"2 Louse","floor":1.0,"turns":4.0},{"damage":3,"enemies":"Cultist","floor":2,"turns":5},{"damage":0,"enemies":"Jaw Worm","floor":4,"turns":8},{"damage":6,"enemies":"3 Louse","floor":5,"turns":7},{"damage":3,"enemies":"Exordium Wildlife","floor":7,"turns":8},{"damage":14,"enemies":"Exordium Thugs","floor":8,"turns":11},{"damage":29,"enemies":"Hexaghost","floor":16,"turns":10},{"damage":1,"enemies":"Spheric Guardian","floor":18,"turns":3},{"damage":12,"enemies":"2 Thieves","floor":21,"turns":4},{"damage":38,"enemies":"Book of Stabbing","floor":23,"turns":5}],"seed_played":"-599830493104535675","potions_obtained":[{"floor":2,"key":"EssenceOfSteel"},{"floor":3,"key":"BlessingOfTheForge"},{"floor":3,"key":"Swift Potion"},{"floor":16,"key":"Weak Potion"},{"floor":18,"key":"FearPotion"}],"is_trial":false,"path_per_floor":["M","M","?","M","M","R","M","M","T","R","?","$","R","?","R","B",null,"M","?","$","M","?","E"],"character_chosen":"THE_SILENT","items_purchased":["OrangePellets","Prepared"],"campfire_rested":1,"item_purchase_floors":[12,12],"current_hp_per_floor":[43,40,40,40,34,34,31,17,17,36,36,36,36,36,36,7,51,50,50,50,38,38,0,0],"gold":62,"neow_bonus":"ONE_RARE_RELIC","is_daily":false,"chose_seed":false,"campfire_upgraded":3,"win_rate":0.0,"timestamp":1608627393,"path_taken":["M","M","?","M","M","R","?","M","T","R","?","$","R","?","R","BOSS","M","?","$","M","?","E"],"items_purchased_type":["Relic","Card"],"build_version":"2020-12-13","purchased_purges":1,"victory":false,"max_hp_per_floor":[66,66,66,66,66,66,66,66,66,66,66,66,66,66,66,66,66,66,66,66,66,66,66,66],"card_choices":[{"not_picked":["Bane","Dagger Throw"],"picked":"Deflect","floor":1},{"not_picked":["Backflip","Catalyst"],"picked":"Well Laid Plans","floor":2},{"not_picked":["Expertise","Acrobatics"],"picked":"Deflect","floor":4},{"not_picked":["Dash","Prepared"],"picked":"Concentrate","floor":5},{"not_picked":["Acrobatics","Distraction"],"picked":"Outmaneuver","floor":7},{"not_picked":["Quick Slash","Reflex"],"picked":"Bouncing Flask","floor":8},{"not_picked":["Die Die Die","Venomology"],"picked":"Adrenaline","floor":16},{"not_picked":["Dagger Throw","Sucker Punch","Flying Knee"],"picked":"SKIP","floor":18},{"not_picked":["Quick Slash","Skewer"],"picked":"Underhanded Strike","floor":21}],"player_experience":4353793,"relics_obtained":[{"floor":9,"key":"Centennial Puzzle"}],"event_choices":[{"damage_healed":0,"gold_gain":0,"player_choice":"Bought 2 Potions","damage_taken":0,"max_hp_gain":0,"max_hp_loss":0,"event_name":"The Woman in Blue","floor":3,"gold_loss":0},{"damage_healed":0,"gold_gain":0,"player_choice":"Upgraded","damage_taken":0,"max_hp_gain":0,"max_hp_loss":0,"event_name":"Upgrade Shrine","floor":11,"gold_loss":0,"cards_upgraded":["Bouncing Flask"]},{"damage_healed":0,"gold_gain":0,"cards_transformed":["Strike_G"],"player_choice":"Transformed","damage_taken":0,"max_hp_gain":0,"max_hp_loss":0,"event_name":"Transmorgrifier","floor":14,"gold_loss":0,"cards_obtained":["Escape Plan"]},{"damage_healed":0,"gold_gain":50,"player_choice":"Stole From Cult","damage_taken":0,"max_hp_gain":0,"max_hp_loss":0,"event_name":"Nest","floor":19,"gold_loss":0},{"damage_healed":0,"gold_gain":0,"player_choice":"Traded Relic","damage_taken":0,"relics_obtained":["Nloth\u0027s Gift"],"max_hp_gain":0,"max_hp_loss":0,"event_name":"N\u0027loth","floor":22,"relics_lost":["Ring of the Snake"],"gold_loss":0}],"is_beta":false,"boss_relics":[{"not_picked":["Runic Pyramid","Black Star"],"picked":"HoveringKite"}],"items_purged_floors":[20],"is_endless":false,"potions_floor_spawned":[2,8,16,18,21],"killed_by":"Book of Stabbing","ascension_level":20}}