{"host":"3jpwrwmmgyabjceh","time":1608664361,"event":{"mods":["AchievementEnabler","BaseMod","Colored Map","Colored Powertips","Highlight Path","Minty Spire (QoL Compilation)","StSLib"],"gold_per_floor":[117,66,16,16,16,49,65,65,117,131,149,149,167,183,183,313,313,334,353,353,353,268,268,268,282,328,360,373,373,373],"floor_reached":29,"playtime":1103,"items_purged":[],"score":284,"play_id":"1fe0e141-9712-411c-ba20-49b96770ed89","local_time":"20201222221241","is_ascension_mode":true,"campfire_choices":[{"data":"PathToVictory","floor":12,"key":"SMITH"},{"data":"PathToVictory","floor":15,"key":"SMITH"},{"data":"Evaluate","floor":23,"key":"SMITH"}],"circlet_count":0,"master_deck":["Strike_P","Defend_P","Defend_P","Defend_P","Defend_P","Eruption","Vigilance","PathToVictory+1","PathToVictory+1","Evaluate+1","EmptyBody","WreathOfFlame","JustLucky+1","Perseverance","Wireheading"],"relics":["PureWater","NeowsBlessing","Kunai","TeardropLocket","Bloody Idol","Potion Belt","Busted Crown","MealTicket","Boot"],"acts_visited":["Exordium","TheCity"],"potions_floor_usage":[18,25,27],"damage_taken":[{"damage":0,"enemies":"Small Slimes","floor":1,"turns":1},{"damage":0,"enemies":"Gremlin Nob","floor":6,"turns":1},{"damage":0,"enemies":"2 Louse","floor":7,"turns":1},{"damage":0,"enemies":"Cultist","floor":10,"turns":2},{"damage":0,"enemies":"Large Slime","floor":11,"turns":3},{"damage":0,"enemies":"Blue Slaver","floor":13,"turns":3},{"damage":6,"enemies":"2 Fungi Beasts","floor":14,"turns":3},{"damage":7,"enemies":"The Guardian","floor":16,"turns":6},{"damage":0,"enemies":"3 Byrds","floor":18,"turns":4},{"damage":14,"enemies":"2 Thieves","floor":19,"turns":4},{"damage":5,"enemies":"Snake Plant","floor":25,"turns":3},{"damage":20,"enemies":"Book of Stabbing","floor":27,"turns":6},{"damage":26,"enemies":"3 Cultists","floor":28,"turns":6},{"damage":31,"enemies":"Chosen and Byrds","floor":29,"turns":8}],"seed_played":"-838160253188408651","potions_obtained":[{"floor":1,"key":"Dexterity Potion"},{"floor":7,"key":"SmokeBomb"},{"floor":11,"key":"SmokeBomb"},{"floor":16,"key":"Swift Potion"},{"floor":19,"key":"Weak Potion"}],"is_trial":false,"path_per_floor":["M","$","?","?","?","E","M","?","T","M","M","R","M","M","R","B",null,"M","M","?","?","?","R","?","M","T","E","M","M"],"character_chosen":"WATCHER","items_purchased":["PathToVictory"],"campfire_rested":0,"item_purchase_floors":[2],"current_hp_per_floor":[72,72,72,72,72,72,72,67,67,67,67,67,67,61,61,54,67,67,53,53,53,53,53,67,67,67,52,31,0,0],"gold":373,"neow_bonus":"THREE_ENEMY_KILL","is_daily":false,"chose_seed":false,"campfire_upgraded":3,"win_rate":0.0,"timestamp":1608664361,"path_taken":["M","$","?","?","?","E","?","?","T","M","M","R","M","M","R","BOSS","M","M","?","?","?","R","?","M","T","E","?","M"],"items_purchased_type":["Card"],"build_version":"2020-12-13","purchased_purges":0,"victory":false,"max_hp_per_floor":[72,72,72,72,72,72,72,67,67,67,67,67,67,67,67,67,67,67,67,67,67,67,67,67,67,67,67,67,67,67],"card_choices":[{"not_picked":["ThirdEye","Protect"],"picked":"Wallop","floor":1},{"not_picked":["FollowUp","WindmillStrike","Adaptation"],"picked":"SKIP","floor":6},{"not_picked":["FearNoEvil","SandsOfTime"],"picked":"PathToVictory","floor":7},{"not_picked":["Swivel","Weave"],"picked":"Evaluate","floor":10},{"not_picked":["SashWhip","CrushJoints","FlurryOfBlows"],"picked":"SKIP","floor":11},{"not_picked":["CrushJoints","Prostrate","Consecrate"],"picked":"SKIP","floor":13},{"not_picked":["CrushJoints","Adaptation","ForeignInfluence"],"picked":"SKIP","floor":14},{"not_picked":["MentalFortress"],"picked":"SKIP","floor":18},{"not_picked":["Fasting2"],"picked":"SKIP","floor":19},{"not_picked":[],"picked":"JustLucky+1","floor":25},{"not_picked":[],"picked":"Perseverance","floor":27},{"not_picked":[],"picked":"Wireheading","floor":28}],"player_experience":244337,"relics_obtained":[{"floor":6,"key":"TeardropLocket"},{"floor":9,"key":"Potion Belt"},{"floor":27,"key":"Boot"}],"event_choices":[{"cards_removed":["Strike_P"],"damage_healed":0,"gold_gain":0,"player_choice":"Card Removal","damage_taken":0,"max_hp_gain":0,"max_hp_loss":0,"event_name":"The Cleric","floor":3,"gold_loss":50},{"damage_healed":0,"gold_gain":0,"player_choice":"Ignored","damage_taken":0,"max_hp_gain":0,"max_hp_loss":0,"event_name":"Liars Game","floor":4,"gold_loss":0},{"cards_removed":["Wallop"],"damage_healed":0,"gold_gain":0,"player_choice":"Gave Card","damage_taken":0,"relics_obtained":["Kunai"],"max_hp_gain":0,"max_hp_loss":0,"event_name":"WeMeetAgain","floor":5,"gold_loss":0},{"damage_healed":0,"gold_gain":0,"player_choice":"Lose Max HP","damage_taken":0,"relics_obtained":["Golden Idol"],"max_hp_gain":0,"max_hp_loss":5,"event_name":"Golden Idol","floor":8,"gold_loss":0},{"damage_healed":0,"gold_gain":0,"cards_transformed":["Strike_P","Strike_P"],"player_choice":"Became Test Subject","damage_taken":0,"max_hp_gain":0,"max_hp_loss":0,"event_name":"Drug Dealer","floor":20,"gold_loss":0,"cards_obtained":["EmptyBody","WreathOfFlame"]},{"damage_healed":0,"gold_gain":0,"player_choice":"Gave Idol","damage_taken":0,"relics_obtained":["Bloody Idol"],"max_hp_gain":0,"max_hp_loss":0,"event_name":"Forgotten Altar","floor":21,"relics_lost":["Golden Idol"],"gold_loss":0},{"damage_healed":0,"gold_gain":0,"player_choice":"Obtained Relic","damage_taken":0,"relics_obtained":["MealTicket"],"max_hp_gain":0,"max_hp_loss":0,"event_name":"Addict","floor":22,"gold_loss":85},{"damage_healed":14,"gold_gain":0,"player_choice":"Full Heal","damage_taken":0,"max_hp_gain":0,"max_hp_loss":0,"event_name":"Wheel of Change","floor":24,"gold_loss":0}],"is_beta":false,"boss_relics":[{"not_picked":["Calling Bell","Fusion Hammer"],"picked":"Busted Crown"}],"items_purged_floors":[],"is_endless":false,"potions_floor_spawned":[1,7,11,16,19],"killed_by":"Chosen and Byrds","ascension_level":1}}