{"host":"og6lam4kt3nibbw0","time":1608611354,"event":{"mods":["AchievementEnabler","BaseMod","Colored Map","DeckTracker","Highlight Path","Keyboard Shortcuts","Minty Spire (QoL Compilation)","Permanent Neow","Quick Restart","StSLib","SuperFastMode"],"gold_per_floor":[17,17,27,27,27,27,59,59,359,388,402,287,321,321,321,392,392,411,424,436,455,471,471,471,223,247,247,264,264,91,110,110,184,184,203,220,235,57,57,57,57],"floor_reached":40,"playtime":1877,"items_purged":["Strike_B","Strike_B","Echo Form"],"score":812,"play_id":"f838c6e9-7cb9-4108-b634-40044fa14df1","local_time":"20201222132914","is_ascension_mode":true,"campfire_choices":[{"data":"Hyperbeam","floor":6.0,"key":"SMITH"},{"data":"Reprogram","floor":8.0,"key":"SMITH"},{"floor":15.0,"key":"REST"},{"floor":23.0,"key":"REST"},{"floor":29.0,"key":"REST"},{"floor":32.0,"key":"REST"}],"circlet_count":0,"master_deck":["AscendersBane","Zap","Dualcast","Hyperbeam+1","Coolheaded","Hologram","Reprogram+1","Fusion+1","Compile Driver","Self Repair","Skim","Rip and Tear+1","Madness","Conserve Battery","Echo Form","Reinforced Body","Purity","Seek","Defragment","Undo","BootSequence","BootSequence"],"relics":["Cracked Core","Dream Catcher","Old Coin","Ginger","Ice Cream","Runic Pyramid","Whetstone","Pandora\u0027s Box"],"acts_visited":["Exordium","TheCity","TheBeyond"],"potions_floor_usage":[40],"damage_taken":[{"damage":1.0,"enemies":"2 Louse","floor":1.0,"turns":2.0},{"damage":1.0,"enemies":"Cultist","floor":3.0,"turns":3.0},{"damage":11.0,"enemies":"Gremlin Nob","floor":7.0,"turns":3.0},{"damage":20.0,"enemies":"Lagavulin","floor":10.0,"turns":5.0},{"damage":0.0,"enemies":"Jaw Worm","floor":11.0,"turns":3.0},{"damage":11.0,"enemies":"Gremlin Nob","floor":13.0,"turns":3.0},{"damage":20.0,"enemies":"The Guardian","floor":16.0,"turns":9.0},{"damage":18.0,"enemies":"3 Byrds","floor":18.0,"turns":3.0},{"damage":11.0,"enemies":"Spheric Guardian","floor":19.0,"turns":3.0},{"damage":27.0,"enemies":"Centurion and Healer","floor":20.0,"turns":4.0},{"damage":14.0,"enemies":"Sentry and Sphere","floor":21.0,"turns":4.0},{"damage":17.0,"enemies":"Shelled Parasite and Fungi","floor":22.0,"turns":2.0},{"damage":22.0,"enemies":"Centurion and Healer","floor":28.0,"turns":4.0},{"damage":27.0,"enemies":"Snake Plant","floor":31.0,"turns":5.0},{"damage":37.0,"enemies":"Collector","floor":33.0,"turns":8.0},{"damage":21.0,"enemies":"Orb Walker","floor":35.0,"turns":6.0},{"damage":13.0,"enemies":"3 Shapes","floor":36.0,"turns":6.0},{"damage":3.0,"enemies":"3 Darklings","floor":37.0,"turns":3.0},{"damage":46,"enemies":"Nemesis","floor":40,"turns":9}],"seed_played":"-8035707812056092528","potions_obtained":[{"floor":1.0,"key":"BlessingOfTheForge"},{"floor":7.0,"key":"GamblersBrew"},{"floor":10.0,"key":"Swift Potion"},{"floor":13.0,"key":"Swift Potion"},{"floor":18.0,"key":"ColorlessPotion"},{"floor":19.0,"key":"DistilledChaos"},{"floor":20.0,"key":"Explosive Potion"},{"floor":33.0,"key":"ColorlessPotion"},{"floor":36.0,"key":"SkillPotion"}],"is_trial":false,"path_per_floor":["M","?","M","$","?","R","E","R","T","E","M","$","E","?","R","B",null,"M","M","M","M","M","R","?","$","T","?","M","R","$","M","R","B",null,"M","M","M","$","?","E"],"character_chosen":"DEFECT","items_purchased":["Self Repair","Madness","Conserve Battery","Reinforced Body","Purity","Weak Potion"],"campfire_rested":4,"item_purchase_floors":[12,25,25,30,30,38],"current_hp_per_floor":[63,63,62,62,62,62,51,51,51,31,31,31,27,27,48,35,62,51,47,27,20,10,31,31,31,31,31,16,37,37,24,45,8,55,41,42,46,46,46,0,0],"gold":57,"neow_bonus":"THREE_RARE_CARDS","is_daily":false,"chose_seed":false,"campfire_upgraded":2,"win_rate":0.0,"timestamp":1608611354,"path_taken":["M","?","?","$","?","R","E","R","T","E","M","$","E","?","R","BOSS","M","M","?","M","M","R","?","$","T","?","M","R","$","M","R","BOSS","M","M","?","?","?","E"],"items_purchased_type":["Card","Card","Card","Card","Card","Potion"],"build_version":"2020-12-13","purchased_purges":3,"victory":false,"max_hp_per_floor":[71,71,71,71,71,71,71,71,71,71,71,71,71,71,71,71,71,71,71,71,71,71,71,71,71,71,71,71,71,71,71,71,71,71,71,71,71,71,71,71,71],"card_choices":[{"not_picked":["Seek","Machine Learning"],"picked":"Hyperbeam","floor":0.0},{"not_picked":["Self Repair","Cold Snap"],"picked":"Coolheaded","floor":1.0},{"not_picked":["Aggregate","Streamline"],"picked":"Hologram","floor":3.0},{"not_picked":["Streamline","Cold Snap"],"picked":"Reprogram","floor":7.0},{"not_picked":["Compile Driver","Sweeping Beam"],"picked":"Fusion","floor":10.0},{"not_picked":["Aggregate","Thunder Strike"],"picked":"Compile Driver","floor":11.0},{"not_picked":["Loop","Creative AI"],"picked":"Skim","floor":13.0},{"not_picked":["Sweeping Beam+1","Compile Driver","Beam Cell"],"picked":"SKIP","floor":18.0},{"not_picked":["Ball Lightning","Barrage","Coolheaded"],"picked":"SKIP","floor":19.0},{"not_picked":["Sweeping Beam","Melter"],"picked":"Rip and Tear","floor":20.0},{"not_picked":["Consume","Redo","Hologram"],"picked":"SKIP","floor":21.0},{"not_picked":["Beam Cell","Go for the Eyes","Steam"],"picked":"SKIP","floor":22.0},{"not_picked":["Barrage","Skim","Heatsinks"],"picked":"SKIP","floor":28.0},{"not_picked":["Conserve Battery","Stack","Redo"],"picked":"SKIP","floor":31.0},{"not_picked":["Amplify","Buffer"],"picked":"Seek","floor":33.0},{"not_picked":["Rebound","Conserve Battery+1","Gash"],"picked":"SKIP","floor":35.0},{"not_picked":["Gash","Scrape"],"picked":"BootSequence","floor":36.0},{"not_picked":["Barrage","Darkness","Hello World"],"picked":"SKIP","floor":37.0}],"player_experience":812584,"relics_obtained":[{"floor":7.0,"key":"Dream Catcher"},{"floor":9.0,"key":"Old Coin"},{"floor":10.0,"key":"Ginger"},{"floor":13.0,"key":"Ice Cream"},{"floor":26.0,"key":"Whetstone"}],"event_choices":[{"cards_removed":["Defend_B"],"damage_healed":0.0,"max_hp_gain":0.0,"max_hp_loss":0.0,"gold_gain":0.0,"event_name":"Bonfire Elementals","player_choice":"Offered Basic","floor":2.0,"gold_loss":0.0,"damage_taken":0.0},{"cards_removed":["Strike_B"],"damage_healed":0.0,"max_hp_gain":0.0,"max_hp_loss":0.0,"gold_gain":0.0,"event_name":"Living Wall","player_choice":"Forget","floor":5.0,"gold_loss":0.0,"damage_taken":0.0},{"damage_healed":0.0,"max_hp_gain":0.0,"max_hp_loss":0.0,"gold_gain":0.0,"event_name":"Upgrade Shrine","player_choice":"Upgraded","floor":14.0,"gold_loss":0.0,"damage_taken":0.0,"cards_upgraded":["Fusion"]},{"damage_healed":0.0,"max_hp_gain":0.0,"max_hp_loss":0.0,"gold_gain":0.0,"event_name":"Ghosts","player_choice":"Ignored","floor":24.0,"gold_loss":0.0,"damage_taken":0.0},{"damage_healed":0.0,"max_hp_gain":0.0,"max_hp_loss":0.0,"gold_gain":0.0,"event_name":"Match and Keep!","player_choice":"1 cards matched","floor":27.0,"gold_loss":0.0,"damage_taken":0.0,"cards_obtained":["Echo Form"]},{"damage_healed":0.0,"max_hp_gain":0.0,"max_hp_loss":0.0,"gold_gain":0.0,"event_name":"Mysterious Sphere","player_choice":"Ignored","floor":39.0,"gold_loss":0.0,"damage_taken":0.0}],"is_beta":false,"boss_relics":[{"not_picked":["Snecko Eye","Philosopher\u0027s Stone"],"picked":"Runic Pyramid"},{"not_picked":["Black Star","Velvet Choker"],"picked":"Pandora\u0027s Box"}],"items_purged_floors":[12,25,38],"is_endless":false,"potions_floor_spawned":[1,7,10,13,18,19,20,33,36],"killed_by":"Nemesis","ascension_level":20}}