{"host":"eydwxg59205c3vtl","time":1608660844,"event":{"mods":["2.2 Compatiblity","BaseMod","Colored Map","Colored Powertips","Hubris","Minty Spire (QoL Compilation)","StSLib","The Necromancer"],"gold_per_floor":[113,113,20,30,46,46,72,72,140,154,154,185,197,225,225,299,349,367,277,277,129,129,129,129],"floor_reached":23,"playtime":1514,"items_purged":["Strike_W"],"score":342,"play_id":"4ce065b9-c4ae-48cc-8207-6dcd2c70bde9","local_time":"20201222131404","is_ascension_mode":true,"campfire_choices":[{"data":"Reap_The_Weak","floor":6,"key":"SMITH"},{"floor":8,"key":"REST"},{"floor":15,"key":"REST"}],"circlet_count":0,"master_deck":["AscendersBane","Strike_W+1","Strike_W+1","Defend_W","Defend_W","Defend_W","Defend_W","Negative_Energy_Arrows","Bone_Wall","Reap_The_Weak+1","Blood_Curse","Blood_Curse","Negative_Energy_Mist","Exploit","Bone_Bullets+1","Siphon_Strength","Vampiric_Strike","Scare+1","Consume_Illness","Negative_Energy_Shield","Cloudkill","Bone_Spikes","Necrotic_Claws","Hellfire","Decay"],"relics":["Vampire_Amulet","hubris:TinFlute","Bottled Lightning","WarpedTongs","Pantograph","Whetstone","Tiny House","Happy Flower","Meat on the Bone","Strawberry","Blood Vial"],"acts_visited":["Exordium","TheCity"],"potions_floor_usage":[10,14,16,23,23,23,23],"damage_taken":[{"damage":14,"enemies":"Jaw Worm","floor":1,"turns":5},{"damage":4,"enemies":"Cultist","floor":4,"turns":3},{"damage":0,"enemies":"Small Slimes","floor":5,"turns":4},{"damage":44,"enemies":"Lagavulin","floor":7,"turns":7},{"damage":5,"enemies":"Gremlin Gang","floor":10,"turns":4},{"damage":27,"enemies":"Gremlin Nob","floor":12,"turns":4},{"damage":2,"enemies":"Large Slime","floor":13,"turns":4},{"damage":11,"enemies":"Lagavulin","floor":14,"turns":5},{"damage":50,"enemies":"The Guardian","floor":16,"turns":11},{"damage":15,"enemies":"Shell Parasite","floor":18,"turns":6},{"damage":21,"enemies":"Gremlin Leader","floor":23,"turns":4}],"seed_played":"-3975621862359327986","potions_obtained":[{"floor":7,"key":"DistilledChaos"},{"floor":12,"key":"FearPotion"},{"floor":13,"key":"Block Potion"},{"floor":14,"key":"FearPotion"},{"floor":16,"key":"EntropicBrew"}],"is_trial":false,"path_per_floor":["M","?","$","M","M","R","E","R","T","M","?","E","M","E","R","B",null,"M","?","$","$","?","E"],"character_chosen":"NECROMANCER","items_purchased":["Blood_Curse","Negative_Energy_Mist","Happy Flower","Meat on the Bone","Strawberry","Blood Vial","Hellfire"],"campfire_rested":2,"item_purchase_floors":[3,3,20,20,20,20,21],"current_hp_per_floor":[56,56,56,54,58,58,16,38,38,41,41,18,20,14,36,16,65,52,52,13,13,13,0,0],"gold":129,"neow_bonus":"ONE_RANDOM_RARE_CARD","is_daily":false,"chose_seed":false,"campfire_upgraded":1,"win_rate":0.0,"timestamp":1608660844,"path_taken":["M","?","$","M","M","R","E","R","T","?","?","E","?","E","R","BOSS","M","?","?","?","?","E"],"items_purchased_type":["Card","Card","Relic","Relic","Relic","Relic","Card"],"build_version":"2020-12-13","purchased_purges":1,"victory":false,"max_hp_per_floor":[75,75,75,75,75,75,75,75,75,75,75,75,75,75,75,75,80,80,80,87,87,87,87,87],"card_choices":[{"not_picked":["Negative_Energy_Shield","Scare"],"picked":"Blood_Curse","floor":1},{"not_picked":["Bones_to_Steel","Slay_Living"],"picked":"Exploit","floor":4},{"not_picked":["Necromantic_Selection","Bone_Armory"],"picked":"Bone_Bullets","floor":5},{"not_picked":["Consume_Illness","Strike_from_Beyond"],"picked":"Siphon_Strength","floor":7},{"not_picked":["Exploit","Negative_Energy_Bomb"],"picked":"Vampiric_Strike","floor":10},{"not_picked":["Bone_Shift","Siphon_Strength"],"picked":"Scare","floor":12},{"not_picked":["Death_March_Dance","Slay_Living"],"picked":"Consume_Illness","floor":13},{"not_picked":["Shackles_Of_Pain","Grasp_Heart"],"picked":"Negative_Energy_Shield","floor":14},{"not_picked":["Blood_Magic","Summon_Death_Knight"],"picked":"Cloudkill","floor":16},{"not_picked":["Negative_Energy_Shield","Finger_Of_Death"],"picked":"Bone_Spikes","floor":17},{"not_picked":["Uncharnel","Death_Coil"],"picked":"Necrotic_Claws","floor":18}],"player_experience":550127,"relics_obtained":[{"floor":7,"key":"hubris:TinFlute"},{"floor":9,"key":"Bottled Lightning"},{"floor":12,"key":"Pantograph"},{"floor":14,"key":"Whetstone"}],"event_choices":[{"cards_removed":["Strike_W"],"damage_healed":0,"gold_gain":0,"player_choice":"Purged","damage_taken":0,"max_hp_gain":0,"max_hp_loss":0,"event_name":"Purifier","floor":2,"gold_loss":0},{"damage_healed":0,"gold_gain":0,"player_choice":"Rummage","damage_taken":0,"relics_obtained":["WarpedTongs"],"max_hp_gain":0,"max_hp_loss":0,"event_name":"Accursed Blacksmith","floor":11,"gold_loss":0,"cards_obtained":["Pain"]},{"cards_removed":["Pain"],"damage_healed":0,"gold_gain":0,"player_choice":"Upgrade and Remove","damage_taken":0,"max_hp_gain":0,"max_hp_loss":0,"event_name":"Designer","floor":19,"gold_loss":90,"cards_upgraded":["Scare"]},{"damage_healed":0,"gold_gain":0,"player_choice":"Smashed Altar","damage_taken":0,"max_hp_gain":0,"max_hp_loss":0,"event_name":"Forgotten Altar","floor":22,"gold_loss":0,"cards_obtained":["Decay"]}],"is_beta":false,"boss_relics":[{"not_picked":["hubris:CrackedHourglass","SacredBark"],"picked":"Tiny House"}],"items_purged_floors":[21],"is_endless":false,"potions_floor_spawned":[7,12,13,14,16,18],"killed_by":"Gremlin Leader","ascension_level":13}}