{"host":"69rply1jf2d1wbmp","time":1608669802,"event":{"mods":["BaseMod","Minty Spire (QoL Compilation)","Quick Restart"],"gold_per_floor":[113,113,125,144,144,172,172,185,233,233,250,323,343,353,353,353,353],"floor_reached":16,"playtime":397,"items_purged":[],"score":104,"play_id":"64f89c11-3faa-421f-b38c-1261ab75507a","local_time":"20201222154322","is_ascension_mode":false,"campfire_choices":[{"floor":7,"key":"REST"},{"floor":10,"key":"REST"},{"data":"Dualcast","floor":15,"key":"SMITH"}],"circlet_count":0,"master_deck":["Strike_B","Strike_B","Strike_B","Strike_B","Defend_B","Defend_B","Defend_B","Defend_B","Zap+1","Dualcast+1","Conserve Battery","Gash","Ball Lightning","BootSequence","Leap"],"relics":["Cracked Core","Ice Cream","Ornamental Fan","Matryoshka"],"acts_visited":["Exordium"],"potions_floor_usage":[6,16],"damage_taken":[{"damage":3,"enemies":"2 Louse","floor":1,"turns":3},{"damage":0,"enemies":"Small Slimes","floor":3,"turns":3},{"damage":0,"enemies":"Jaw Worm","floor":4,"turns":4},{"damage":34,"enemies":"Gremlin Nob","floor":6,"turns":4},{"damage":0,"enemies":"Looter","floor":8,"turns":2},{"damage":8,"enemies":"Lots of Slimes","floor":11,"turns":4},{"damage":2,"enemies":"Blue Slaver","floor":13,"turns":3},{"damage":1,"enemies":"Looter","floor":14,"turns":3},{"damage":67,"enemies":"Hexaghost","floor":16,"turns":11}],"seed_played":"4255941787986981393","potions_obtained":[{"floor":4,"key":"DuplicationPotion"},{"floor":6,"key":"Weak Potion"},{"floor":13,"key":"Block Potion"},{"floor":14,"key":"Energy Potion"}],"is_trial":false,"path_per_floor":["M","?","M","M","?","E","R","M","T","R","M","T","M","M","R","B"],"character_chosen":"DEFECT","items_purchased":[],"campfire_rested":2,"item_purchase_floors":[],"current_hp_per_floor":[72,65,65,65,65,31,53,53,53,75,67,67,65,64,64,0,0],"gold":353,"neow_bonus":"ONE_RARE_RELIC","is_daily":false,"chose_seed":false,"campfire_upgraded":1,"win_rate":0.0,"timestamp":1608669802,"path_taken":["M","?","M","M","?","E","R","M","T","R","M","?","M","M","R","BOSS"],"items_purchased_type":[],"build_version":"2020-12-13","purchased_purges":0,"victory":false,"max_hp_per_floor":[75,75,75,75,75,75,75,75,75,75,75,75,75,75,75,75,75],"card_choices":[{"not_picked":["Beam Cell","Go for the Eyes"],"picked":"Conserve Battery","floor":1},{"not_picked":["Sweeping Beam","Consume"],"picked":"Gash","floor":3},{"not_picked":["Heatsinks","Sweeping Beam"],"picked":"Ball Lightning","floor":4},{"not_picked":["Sweeping Beam","Beam Cell"],"picked":"BootSequence","floor":6},{"not_picked":["Ball Lightning","Thunder Strike"],"picked":"Leap","floor":8},{"not_picked":["Steam","Coolheaded","Compile Driver"],"picked":"SKIP","floor":11},{"not_picked":["Stack","Compile Driver","Rebound"],"picked":"SKIP","floor":13},{"not_picked":["BootSequence","Beam Cell","Double Energy"],"picked":"SKIP","floor":14}],"player_experience":385153,"relics_obtained":[{"floor":6,"key":"Ornamental Fan"},{"floor":12,"key":"Matryoshka"}],"event_choices":[{"cards_removed":["Injury"],"damage_healed":0,"gold_gain":0,"player_choice":"Card Removal","damage_taken":7,"max_hp_gain":0,"max_hp_loss":0,"event_name":"Golden Wing","floor":2,"gold_loss":0},{"damage_healed":0,"gold_gain":0,"player_choice":"Grow","damage_taken":0,"max_hp_gain":0,"max_hp_loss":0,"event_name":"Living Wall","floor":5,"gold_loss":0,"cards_upgraded":["Zap"]}],"is_beta":false,"boss_relics":[],"items_purged_floors":[],"is_endless":false,"potions_floor_spawned":[4,6,13,14],"killed_by":"Hexaghost","ascension_level":0}}