{"host":"frd3amdo59hhcgxk","time":1608603300,"event":{"mods":["AchievementEnabler","Alarm Clock","BaseMod","Block Reminder","Colored Powertips","Highlight Path","Minty Spire (QoL Compilation)","Random Character Button","Rare Cards Sparkle","Relic Sorter"],"gold_per_floor":[359,379,42,0,0,29,29,39,90,90,104,23,23,36,36,140,140,159,169,169,22,32,58,157,157,157,157,157],"floor_reached":27,"playtime":1333,"items_purged":["Doubt"],"score":266,"play_id":"9e13d5b4-1d38-48b5-b4ed-0e028b7ac211","local_time":"20201221211500","is_ascension_mode":true,"campfire_choices":[{"floor":10,"key":"REST"},{"floor":15,"key":"REST"},{"floor":25,"key":"REST"}],"circlet_count":0,"master_deck":["Strike_B","Strike_B+1","Strike_B","Strike_B+1","Defend_B","Defend_B","Defend_B","Defend_B","Zap","Dualcast","Leap","Redo","Static Discharge","Doom and Gloom","Capacitor","Static Discharge","Storm","Defragment","Cold Snap","Creative AI","Hello World","Hologram+1","Consume+1","Go for the Eyes+1"],"relics":["Cracked Core","DataDisk","Whetstone","Vajra","Shuriken","Lee\u0027s Waffle","Turnip","Ornamental Fan"],"acts_visited":["Exordium","TheCity"],"potions_floor_usage":[11,16,23,27],"damage_taken":[{"damage":8,"enemies":"Jaw Worm","floor":1,"turns":4},{"damage":12,"enemies":"Small Slimes","floor":2,"turns":3},{"damage":32,"enemies":"Gremlin Nob","floor":6,"turns":4},{"damage":1,"enemies":"Cultist","floor":8,"turns":3},{"damage":25,"enemies":"Gremlin Gang","floor":11,"turns":3},{"damage":9,"enemies":"Red Slaver","floor":14,"turns":3},{"damage":27,"enemies":"Slime Boss","floor":16,"turns":5},{"damage":22,"enemies":"Spheric Guardian","floor":18,"turns":4},{"damage":53,"enemies":"2 Thieves","floor":19,"turns":4},{"damage":45,"enemies":"Chosen and Byrds","floor":22,"turns":5},{"damage":21,"enemies":"Gremlin Leader","floor":23,"turns":5},{"damage":50,"enemies":"Slavers","floor":27,"turns":3}],"seed_played":"689834307833598545","potions_obtained":[{"floor":8,"key":"FocusPotion"},{"floor":11,"key":"BlessingOfTheForge"},{"floor":16,"key":"FocusPotion"},{"floor":19,"key":"SkillPotion"}],"is_trial":false,"path_per_floor":["M","M","$","?","?","E","$","M","T","R","M","$","?","M","R","B",null,"M","M","T","$","M","E","?","R","T","E"],"character_chosen":"DEFECT","items_purchased":["Static Discharge","Doom and Gloom","DataDisk","Defragment","Lee\u0027s Waffle"],"campfire_rested":3,"item_purchase_floors":[3,3,3,12,21],"current_hp_per_floor":[67,55,55,55,60,28,28,27,27,51,26,26,26,17,41,14,80,58,5,5,87,42,21,21,47,47,0,0],"gold":157,"neow_bonus":"TWO_FIFTY_GOLD","is_daily":false,"chose_seed":false,"campfire_upgraded":0,"win_rate":0.0,"timestamp":1608603300,"path_taken":["M","M","$","?","?","E","?","?","T","R","?","?","?","M","R","BOSS","M","M","?","$","?","E","?","R","T","E"],"items_purchased_type":["Card","Card","Relic","Card","Relic"],"build_version":"2020-12-13","purchased_purges":1,"victory":false,"max_hp_per_floor":[75,75,75,75,80,80,80,80,80,80,80,80,80,80,80,80,80,80,80,80,87,87,87,87,87,87,87,87],"card_choices":[{"not_picked":["Compile Driver","Scrape"],"picked":"Leap","floor":1},{"not_picked":["Go for the Eyes","Beam Cell"],"picked":"Redo","floor":2},{"not_picked":["Auto Shields","Seek"],"picked":"Capacitor","floor":6},{"not_picked":["Reprogram","Leap"],"picked":"Static Discharge","floor":8},{"not_picked":["Steam","Turbo"],"picked":"Storm","floor":11},{"not_picked":["Go for the Eyes","Streamline"],"picked":"Cold Snap","floor":14},{"not_picked":["Thunder Strike","Echo Form"],"picked":"Creative AI","floor":16},{"not_picked":["BootSequence","Steam+1"],"picked":"Hello World","floor":18},{"not_picked":["Reinforced Body","Leap"],"picked":"Hologram+1","floor":19},{"not_picked":["Turbo","Hologram+1"],"picked":"Consume+1","floor":22},{"not_picked":["Reboot","Coolheaded+1"],"picked":"Go for the Eyes+1","floor":23}],"player_experience":443006,"relics_obtained":[{"floor":6,"key":"Whetstone"},{"floor":9,"key":"Vajra"},{"floor":20,"key":"Shuriken"},{"floor":23,"key":"Turnip"},{"floor":26,"key":"Ornamental Fan"}],"event_choices":[{"damage_healed":0,"gold_gain":0,"player_choice":"Left Gold","damage_taken":0,"max_hp_gain":0,"max_hp_loss":0,"event_name":"World of Goop","floor":4,"gold_loss":42},{"damage_healed":0,"gold_gain":0,"player_choice":"Donut","damage_taken":0,"max_hp_gain":5,"max_hp_loss":0,"event_name":"Big Fish","floor":5,"gold_loss":0},{"damage_healed":0,"gold_gain":0,"player_choice":"Ignored","damage_taken":0,"max_hp_gain":0,"max_hp_loss":0,"event_name":"Purifier","floor":13,"gold_loss":0},{"damage_healed":0,"gold_gain":99,"player_choice":"Stole From Cult","damage_taken":0,"max_hp_gain":0,"max_hp_loss":0,"event_name":"Nest","floor":24,"gold_loss":0}],"is_beta":false,"boss_relics":[{"not_picked":["Ectoplasm","Fusion Hammer","Snecko Eye"]}],"items_purged_floors":[3],"is_endless":false,"potions_floor_spawned":[8,11,16,19],"killed_by":"Slavers","ascension_level":3}}