{"host":"sz8c8ni79nvzjmmg","time":1608604132,"event":{"mods":["AchievementEnabler","BaseMod","DeckTracker","Keyboard Shortcuts","Minty Spire (QoL Compilation)","SuperFastMode"],"gold_per_floor":[117,192,342,14,24,24,35,47,47,82,100,117,117,192,192,263,263,283,283,283,54,54,54,65,65,92,92,14,14,14,14,14,85,85,96,112,137,0,13,344,344,379,461,461,486,496,496,508,508,508,508,508,508,40,68,68],"floor_reached":57,"playtime":1685,"items_purged":["Doubt","Writhe","Strike_R"],"score":2941,"play_id":"49c2e89d-7770-4f6d-94f6-904b3493578b","local_time":"20201222112852","is_ascension_mode":true,"campfire_choices":[{"data":"Wild Strike","floor":6.0,"key":"SMITH"},{"floor":13.0,"key":"REST"},{"data":"Body Slam","floor":15.0,"key":"SMITH"},{"data":"Apotheosis","floor":23.0,"key":"SMITH"},{"floor":25.0,"key":"REST"},{"data":"Evolve","floor":30,"key":"SMITH"},{"data":"Barricade","floor":32,"key":"SMITH"},{"floor":41,"key":"RECALL"},{"data":"Burning Pact","floor":44,"key":"SMITH"},{"data":"Impervious","floor":47,"key":"SMITH"},{"data":"Entrench","floor":49,"key":"SMITH"},{"data":"Entrench","floor":53,"key":"SMITH"}],"circlet_count":0,"master_deck":["AscendersBane","Strike_R","Defend_R+1","Defend_R","Defend_R+1","Defend_R","Bash","Wild Strike+1","Evolve+1","Body Slam+1","Inflame","Entrench+1","Barricade+1","Apotheosis+1","Shrug It Off","Clothesline","Finesse","Impervious+1","Entrench+1","Burning Pact+1","Battle Trance"],"relics":["Burning Blood","Bag of Preparation","Pantograph","Matryoshka","Bottled Tornado","Shuriken","Mark of Pain","The Courier","Toy Ornithopter","Omamori","Coffee Dripper","Calipers","Red Mask","Old Coin","War Paint","PreservedInsect","Pocketwatch","Blood Vial"],"acts_visited":["Exordium","TheCity","TheBeyond","TheEnding"],"potions_floor_usage":[29,37,48,50,55,56,56],"damage_taken":[{"damage":4.0,"enemies":"Jaw Worm","floor":1.0,"turns":6.0},{"damage":4.0,"enemies":"Small Slimes","floor":5.0,"turns":3.0},{"damage":0.0,"enemies":"2 Louse","floor":7.0,"turns":2.0},{"damage":11.0,"enemies":"Looter","floor":8.0,"turns":4.0},{"damage":30.0,"enemies":"Lagavulin","floor":10.0,"turns":7.0},{"damage":16.0,"enemies":"Lots of Slimes","floor":11.0,"turns":4.0},{"damage":25.0,"enemies":"Large Slime","floor":12.0,"turns":6.0},{"damage":44.0,"enemies":"Slime Boss","floor":16.0,"turns":10.0},{"damage":31.0,"enemies":"2 Thieves","floor":18.0,"turns":4.0},{"damage":28.0,"enemies":"3 Byrds","floor":24.0,"turns":6.0},{"damage":0,"enemies":"3 Cultists","floor":29,"turns":1},{"damage":28,"enemies":"Automaton","floor":33,"turns":10},{"damage":7,"enemies":"Orb Walker","floor":35,"turns":3},{"damage":0,"enemies":"3 Darklings","floor":36,"turns":7},{"damage":0,"enemies":"Mind Bloom Boss Battle","floor":37,"turns":5},{"damage":32,"enemies":"Jaw Worm Horde","floor":39,"turns":6},{"damage":0,"enemies":"Giant Head","floor":40,"turns":5},{"damage":0,"enemies":"Nemesis","floor":42,"turns":7},{"damage":1,"enemies":"4 Shapes","floor":46,"turns":4},{"damage":0,"enemies":"Maw","floor":48,"turns":4},{"damage":0,"enemies":"Time Eater","floor":50,"turns":8},{"damage":2,"enemies":"Awakened One","floor":51,"turns":7},{"damage":13,"enemies":"Shield and Spear","floor":55,"turns":7},{"damage":0,"enemies":"The Heart","floor":56,"turns":9}],"seed_played":"-2119499671686428156","potions_obtained":[{"floor":8.0,"key":"SkillPotion"},{"floor":11.0,"key":"Weak Potion"},{"floor":16.0,"key":"SmokeBomb"},{"floor":24.0,"key":"Weak Potion"},{"floor":36,"key":"BloodPotion"},{"floor":37,"key":"DistilledChaos"},{"floor":48,"key":"DistilledChaos"},{"floor":55,"key":"Fire Potion"}],"is_trial":false,"path_per_floor":["M","?","?","$","M","R","M","M","T","E","M","M","R","T","R","B",null,"M","?","?","$","?","R","M","R","T","?","$","M","R","$","R","B",null,"M","M","?","?","M","E","R","E","T","R","T","M","R","M","R","B","B",null,"R","$","E","B",null],"character_chosen":"IRONCLAD","items_purchased":["Evolve","Bag of Preparation","Apotheosis","Finesse","Battle Trance","Pocketwatch","DuplicationPotion"],"campfire_rested":2,"item_purchase_floors":[4,4,21,28,54,54,54],"current_hp_per_floor":[70,59,59,59,61,61,67,62,62,38,28,9,31,31,31,18,61,36,36,36,36,36,36,14,36,36,36,36,47,47,47,47,50,69,68,74,75,75,49,55,55,61,61,61,61,66,66,75,75,75,75,75,75,75,68,75],"gold":68,"neow_bonus":"REMOVE_CARD","is_daily":false,"chose_seed":false,"campfire_upgraded":9,"win_rate":0.0,"timestamp":1608604132,"path_taken":["M","?","?","$","M","R","M","M","T","E","M","M","R","?","R","BOSS","M","?","?","$","?","R","M","R","T","?","?","M","R","$","R","BOSS","M","?","?","?","M","E","R","E","T","R","?","M","R","M","R","BOSS","BOSS","R","$","E","BOSS"],"items_purchased_type":["Card","Relic","Card","Card","Card","Relic","Potion"],"build_version":"2020-12-13","purchased_purges":3,"victory":true,"max_hp_per_floor":[75,75,75,75,75,75,75,75,75,75,75,75,75,75,75,75,75,75,75,75,75,75,75,75,75,75,75,75,75,75,75,75,75,75,75,75,75,75,75,75,75,75,75,75,75,75,75,75,75,75,75,75,75,75,75,75],"card_choices":[{"not_picked":["True Grit","Warcry"],"picked":"Wild Strike","floor":1.0},{"not_picked":["Rupture","Heavy Blade"],"picked":"Body Slam","floor":5.0},{"not_picked":["Thunderclap","Clash","Spot Weakness"],"picked":"SKIP","floor":7.0},{"not_picked":["Iron Wave","Spot Weakness"],"picked":"Inflame","floor":8.0},{"not_picked":["Headbutt","Anger"],"picked":"Entrench","floor":10.0},{"not_picked":["Rupture","Inflame","Clash"],"picked":"SKIP","floor":11.0},{"not_picked":["Inflame","Thunderclap","Iron Wave"],"picked":"SKIP","floor":12.0},{"not_picked":["Corruption","Bludgeon"],"picked":"Barricade","floor":16.0},{"not_picked":["Pommel Strike","Hemokinesis","Fire Breathing"],"picked":"SKIP","floor":18.0},{"not_picked":["Thunderclap","Pommel Strike","Twin Strike+1"],"picked":"SKIP","floor":24.0},{"not_picked":["Demon Form","Double Tap"],"picked":"Impervious","floor":33},{"not_picked":["Wild Strike","Heavy Blade+1","Flex+1"],"picked":"SKIP","floor":35},{"not_picked":["Wild Strike+1","Pummel","Armaments+1"],"picked":"SKIP","floor":36},{"not_picked":["Clothesline+1","Cleave"],"picked":"Entrench","floor":39},{"not_picked":["Searing Blow","Clash","Reckless Charge"],"picked":"SKIP","floor":40},{"not_picked":["Carnage","Metallicize"],"picked":"Burning Pact","floor":42},{"not_picked":["Metallicize","Anger+1","Clothesline+1"],"picked":"SKIP","floor":46},{"not_picked":["Heavy Blade","Anger","Sword Boomerang+1"],"picked":"SKIP","floor":48},{"not_picked":["Twin Strike","Rampage","Rupture"],"picked":"SKIP","floor":55}],"player_experience":1206993,"relics_obtained":[{"floor":9.0,"key":"Pantograph"},{"floor":10.0,"key":"Matryoshka"},{"floor":14.0,"key":"Bottled Tornado"},{"floor":14.0,"key":"Shuriken"},{"floor":26.0,"key":"Toy Ornithopter"},{"floor":26.0,"key":"Omamori"},{"floor":37,"key":"Calipers"},{"floor":40,"key":"Old Coin"},{"floor":42,"key":"War Paint"},{"floor":45,"key":"PreservedInsect"},{"floor":55,"key":"Blood Vial"}],"event_choices":[{"damage_healed":0.0,"max_hp_gain":0.0,"max_hp_loss":0.0,"gold_gain":75.0,"event_name":"World of Goop","player_choice":"Gather Gold","floor":2.0,"gold_loss":0.0,"damage_taken":11.0},{"damage_healed":0.0,"max_hp_gain":0.0,"max_hp_loss":0.0,"gold_gain":150.0,"event_name":"Liars Game","player_choice":"AGREE","floor":3.0,"gold_loss":0.0,"damage_taken":0.0,"cards_obtained":["Doubt"]},{"damage_healed":0.0,"max_hp_gain":0.0,"max_hp_loss":0.0,"gold_gain":0.0,"event_name":"The Mausoleum","player_choice":"Opened","floor":19.0,"gold_loss":0.0,"damage_taken":0.0,"relics_obtained":["The Courier"],"cards_obtained":["Writhe"]},{"damage_healed":0.0,"max_hp_gain":0.0,"max_hp_loss":0.0,"gold_gain":0.0,"event_name":"Vampires","player_choice":"Ignored","floor":20.0,"gold_loss":0.0,"damage_taken":0.0},{"damage_healed":0.0,"max_hp_gain":0.0,"max_hp_loss":0.0,"gold_gain":0.0,"cards_transformed":["Strike_R","Strike_R"],"event_name":"Drug Dealer","player_choice":"Became Test Subject","floor":27.0,"gold_loss":0.0,"damage_taken":0.0,"cards_obtained":["Shrug It Off","Clothesline"]},{"damage_healed":0,"gold_gain":0,"player_choice":"Fight","damage_taken":0,"max_hp_gain":0,"max_hp_loss":0,"event_name":"MindBloom","floor":37,"gold_loss":0},{"damage_healed":0,"gold_gain":0,"player_choice":"Paid","damage_taken":0,"relics_obtained":["Red Mask"],"max_hp_gain":0,"max_hp_loss":0,"event_name":"Tomb of Lord Red Mask","floor":38,"gold_loss":137}],"is_beta":false,"boss_relics":[{"not_picked":["Pandora\u0027s Box","Runic Cube"],"picked":"Mark of Pain"},{"not_picked":["Tiny House","Philosopher\u0027s Stone"],"picked":"Coffee Dripper"}],"items_purged_floors":[4,21,54],"is_endless":false,"potions_floor_spawned":[8,11,16,24,36,37,48,55],"ascension_level":20}}