{"host":"7khtwbkyze7y134w","time":1608674516,"event":{"mods":["AchievementEnabler","BaseMod","Bestiary","Colored Map","Colored Powertips","Highlight Path","Minty Spire (QoL Compilation)","Quick Restart","Relic Stats","StSLib","SuperFastMode"],"gold_per_floor":[114,124,134,150,167,167,198,198,198,217,235,45,45,45,45,142,142,160,177,189,207,207,240,240,251,251,251,265,281,307,324,324,425,425,437,450,321,321,321,353,353,365,365,397,417,431,431,96,96,96,96],"floor_reached":50,"playtime":3428,"items_purged":["Strike_P","Defend_P"],"score":650,"play_id":"8631deb9-45b5-406b-b30d-5fd4b818effd","local_time":"20201222220156","is_ascension_mode":false,"campfire_choices":[{"data":"FlurryOfBlows","floor":6.0,"key":"SMITH"},{"data":"FlurryOfBlows","floor":13.0,"key":"SMITH"},{"data":"FlurryOfBlows","floor":15.0,"key":"SMITH"},{"floor":27,"key":"REST"},{"floor":32,"key":"REST"},{"data":"TalkToTheHand","floor":41,"key":"SMITH"},{"floor":49,"key":"RECALL"}],"circlet_count":0,"master_deck":["Strike_P","Strike_P","Defend_P","Defend_P","Eruption+1","Vigilance","FlurryOfBlows+1","EmptyFist","InnerPeace","EmptyBody","FlurryOfBlows+1","FlurryOfBlows+1","EmptyFist","Indignation","EmptyBody","Crescendo","FearNoEvil","EmptyBody","TalkToTheHand+1","FlurryOfBlows+1","Crescendo","TalkToTheHand+1","Adaptation+1","ClearTheMind","EmptyBody+1","FlurryOfBlows+1","Adaptation+1"],"relics":["PureWater","NeowsBlessing","Bag of Preparation","Blood Vial","Lee\u0027s Waffle","Sozu","Lantern","Frozen Egg 2","Empty Cage","Toy Ornithopter","Darkstone Periapt","Strawberry","DollysMirror"],"acts_visited":["Exordium","TheCity","TheBeyond"],"potions_floor_usage":[],"damage_taken":[{"damage":0.0,"enemies":"2 Louse","floor":1.0,"turns":1.0},{"damage":0.0,"enemies":"Cultist","floor":2.0,"turns":1.0},{"damage":0.0,"enemies":"Small Slimes","floor":3.0,"turns":2.0},{"damage":7.0,"enemies":"2 Fungi Beasts","floor":4.0,"turns":3.0},{"damage":9.0,"enemies":"Exordium Thugs","floor":5.0,"turns":4.0},{"damage":28.0,"enemies":"3 Sentries","floor":7.0,"turns":5.0},{"damage":8.0,"enemies":"Looter","floor":10.0,"turns":3.0},{"damage":0.0,"enemies":"Large Slime","floor":11.0,"turns":2.0},{"damage":44.0,"enemies":"Hexaghost","floor":16.0,"turns":6.0},{"damage":2.0,"enemies":"Spheric Guardian","floor":18.0,"turns":3.0},{"damage":0.0,"enemies":"Shell Parasite","floor":19.0,"turns":2.0},{"damage":0.0,"enemies":"Centurion and Healer","floor":20.0,"turns":3.0},{"damage":14.0,"enemies":"Snecko","floor":21.0,"turns":4.0},{"damage":25.0,"enemies":"Slavers","floor":23.0,"turns":4.0},{"damage":20,"enemies":"Snake Plant","floor":25,"turns":4},{"damage":9,"enemies":"Centurion and Healer","floor":28,"turns":4},{"damage":1,"enemies":"3 Cultists","floor":29,"turns":3},{"damage":0,"enemies":"Gremlin Leader","floor":30,"turns":4},{"damage":4,"enemies":"Shelled Parasite and Fungi","floor":31,"turns":4},{"damage":64,"enemies":"Automaton","floor":33,"turns":8},{"damage":15,"enemies":"3 Darklings","floor":35,"turns":4},{"damage":2,"enemies":"3 Shapes","floor":36,"turns":2},{"damage":3,"enemies":"Giant Head","floor":40,"turns":7},{"damage":6,"enemies":"3 Darklings","floor":42,"turns":3},{"damage":34,"enemies":"Nemesis","floor":44,"turns":7},{"damage":0,"enemies":"Transient","floor":45,"turns":5},{"damage":0,"enemies":"Writhing Mass","floor":46,"turns":4},{"damage":82,"enemies":"Awakened One","floor":50,"turns":12}],"seed_played":"-2298114671035387186","potions_obtained":[{"floor":2.0,"key":"Fruit Juice"},{"floor":4.0,"key":"DistilledChaos"},{"floor":7.0,"key":"BlessingOfTheForge"}],"is_trial":false,"path_per_floor":["M","M","M","M","M","R","E","?","T","M","M","$","R","$","R","B",null,"M","M","M","M","?","E","?","M","T","R","M","M","E","M","R","B",null,"M","M","$","?","?","E","R","M","T","E","M","M","?","$","R","B"],"character_chosen":"WATCHER","items_purchased":["EmptyFist","Lee\u0027s Waffle","ClearTheMind","DollysMirror","Adaptation+1"],"campfire_rested":2,"item_purchase_floors":[12,12,37,48,48],"current_hp_per_floor":[72,72,72,65,56,56,28,72,72,64,66,84,84,84,84,40,84,82,84,84,70,70,47,47,29,29,54,47,48,50,48,73,11,84,69,69,69,69,69,68,68,64,64,39,41,43,76,76,76,0,0],"gold":96,"neow_bonus":"THREE_ENEMY_KILL","is_daily":false,"chose_seed":false,"campfire_upgraded":4,"win_rate":0.0,"timestamp":1608674516,"path_taken":["M","M","M","M","M","R","E","?","T","M","?","$","R","?","R","BOSS","M","M","M","M","?","E","?","M","T","R","M","M","E","M","R","BOSS","M","M","$","?","?","E","R","M","T","E","M","M","?","$","R","BOSS"],"items_purchased_type":["Card","Relic","Card","Relic","Card"],"build_version":"2020-12-13","purchased_purges":2,"victory":false,"max_hp_per_floor":[72,72,72,72,72,72,72,72,72,72,72,84,84,84,84,84,84,84,84,84,84,84,84,84,84,84,84,84,84,84,84,84,84,84,84,84,84,80,80,80,80,80,80,87,87,87,76,76,76,76,76],"relic_stats":{"Blood Vial":30,"Sozu":7,"Darkstone Periapt":0,"Lee\u0027s Waffle":13,"counters":[28,114],"Bag of Preparation":[44],"obtain_stats":[{"Darkstone Periapt":43,"Lee\u0027s Waffle":12,"Lantern":23,"NeowsBlessing":0,"Bag of Preparation":7,"Frozen Egg 2":30,"Empty Cage":34,"Blood Vial":9,"Sozu":17,"DollysMirror":48,"Strawberry":44,"PureWater":0,"Toy Ornithopter":40},{"Darkstone Periapt":24,"Lee\u0027s Waffle":8,"Lantern":14,"NeowsBlessing":0,"Bag of Preparation":6,"Frozen Egg 2":18,"Empty Cage":20,"Blood Vial":6,"Sozu":9,"DollysMirror":27,"Strawberry":25,"PureWater":0,"Toy Ornithopter":23},{"Darkstone Periapt":86,"Lee\u0027s Waffle":21,"Lantern":43,"NeowsBlessing":0,"Bag of Preparation":16,"Frozen Egg 2":58,"Empty Cage":70,"Blood Vial":16,"Sozu":27,"DollysMirror":102,"Strawberry":93,"PureWater":0,"Toy Ornithopter":83}],"Toy Ornithopter":0},"card_choices":[{"not_picked":["Protect","MentalFortress"],"picked":"FlurryOfBlows","floor":1.0},{"not_picked":["Evaluate","CrushJoints"],"picked":"EmptyFist","floor":2.0},{"not_picked":["Consecrate","FollowUp"],"picked":"Meditate","floor":3.0},{"not_picked":["CrushJoints","Brilliance","Evaluate"],"picked":"SKIP","floor":4.0},{"not_picked":["DeceiveReality","Weave"],"picked":"InnerPeace","floor":5.0},{"not_picked":["Consecrate","BowlingBash"],"picked":"EmptyBody","floor":7.0},{"not_picked":["Sanctity","Evaluate"],"picked":"FlurryOfBlows","floor":10.0},{"not_picked":["Collect","Vengeance"],"picked":"FlurryOfBlows","floor":11.0},{"not_picked":["SignatureMove","FollowUp+1"],"picked":"Indignation","floor":18.0},{"not_picked":["Weave","CrushJoints"],"picked":"EmptyBody","floor":19.0},{"not_picked":["CarveReality","Indignation"],"picked":"Crescendo","floor":20.0},{"not_picked":["JustLucky","ThirdEye"],"picked":"FearNoEvil","floor":21.0},{"not_picked":["Meditate+1","SashWhip","Conclude"],"picked":"SKIP","floor":23},{"not_picked":["Devotion","EmptyFist"],"picked":"TalkToTheHand+1","floor":25},{"not_picked":["BowlingBash+1","CutThroughFate+1","FlyingSleeves+1"],"picked":"SKIP","floor":28},{"not_picked":["ClearTheMind","Adaptation+1"],"picked":"FlurryOfBlows+1","floor":29},{"not_picked":["FollowUp","MasterReality+1"],"picked":"Crescendo","floor":30},{"not_picked":["BattleHymn+1","Prostrate","Pray"],"picked":"SKIP","floor":31},{"not_picked":["CrushJoints","Weave"],"picked":"TalkToTheHand","floor":35},{"not_picked":["Prostrate+1","EmptyFist"],"picked":"Adaptation+1","floor":36},{"not_picked":["Weave+1","Consecrate+1"],"picked":"EmptyBody+1","floor":40},{"not_picked":["Protect+1","Prostrate","SashWhip+1"],"picked":"SKIP","floor":42},{"not_picked":["Nirvana+1","JustLucky","ThirdEye"],"picked":"SKIP","floor":44},{"not_picked":["Prostrate+1","PathToVictory+1","Protect"],"picked":"SKIP","floor":45},{"not_picked":["FollowUp","Conclude","Perseverance"],"picked":"SKIP","floor":46}],"player_experience":37523,"relics_obtained":[{"floor":7.0,"key":"Bag of Preparation"},{"floor":9.0,"key":"Blood Vial"},{"floor":23,"key":"Lantern"},{"floor":30,"key":"Frozen Egg 2"},{"floor":40,"key":"Toy Ornithopter"},{"floor":43,"key":"Darkstone Periapt"},{"floor":44,"key":"Strawberry"}],"event_choices":[{"cards_removed":["Meditate"],"damage_healed":44.0,"max_hp_gain":0.0,"max_hp_loss":0.0,"gold_gain":0.0,"event_name":"Bonfire Elementals","player_choice":"Offered Uncommon","floor":8.0,"gold_loss":0.0,"damage_taken":0.0},{"damage_healed":0.0,"max_hp_gain":0.0,"max_hp_loss":0.0,"gold_gain":0.0,"event_name":"The Library","player_choice":"Read","floor":22.0,"gold_loss":0.0,"damage_taken":0.0,"cards_obtained":["EmptyBody"]},{"damage_healed":0,"gold_gain":0,"player_choice":"Upgraded","damage_taken":0,"max_hp_gain":0,"max_hp_loss":0,"event_name":"Upgrade Shrine","floor":24,"gold_loss":0,"cards_upgraded":["Eruption"]},{"damage_healed":0,"gold_gain":0,"player_choice":"Max HP","damage_taken":0,"max_hp_gain":0,"max_hp_loss":4,"event_name":"Winding Halls","floor":38,"gold_loss":0},{"damage_healed":0,"gold_gain":0,"player_choice":"Memory 1","damage_taken":0,"max_hp_gain":0,"max_hp_loss":0,"event_name":"SensoryStone","floor":39,"gold_loss":0},{"damage_healed":76,"gold_gain":0,"player_choice":"Heal","damage_taken":0,"max_hp_gain":0,"max_hp_loss":11,"event_name":"The Moai Head","floor":47,"gold_loss":0}],"is_beta":false,"boss_relics":[{"not_picked":["VioletLotus","Coffee Dripper"],"picked":"Sozu"},{"not_picked":["SlaversCollar","HolyWater"],"picked":"Empty Cage"}],"items_purged_floors":[37,48],"is_endless":false,"potions_floor_spawned":[2,4,7,10,18,19,28,29,33,35,40,45],"killed_by":"Awakened One","ascension_level":0}}