{"host":"ufl0k2so27eic2iy","time":1608631410,"event":{"mods":["BaseMod","Minty Spire (QoL Compilation)","StSLib","The Animator"],"gold_per_floor":[114,142,33,59,59,59,90,128,128,160,177,202,241,261,261,340,340,354,378,197,217,234,264,264,293,293,293,330,360,360,413,413,494,494,520,543,274,290,310,345,345,379,460,482,537,537,567,273,273,273,273,273,3,34,38],"floor_reached":56,"playtime":4349,"items_purged":["animator:Strike","animator:Strike","animator:Defend","animator:Defend","animator:Strike_GoblinSlayer"],"score":2214,"play_id":"e252f360-ba1f-4db7-bc35-e784b919aa59","local_time":"20201222100330","is_ascension_mode":true,"campfire_choices":[{"data":"animator:DwarfShaman","floor":6,"key":"SMITH"},{"data":"animator:Guren","floor":15,"key":"SMITH"},{"data":"animator:Priestess","floor":24,"key":"SMITH"},{"data":"animator:ShidoItsuka","floor":27,"key":"SMITH"},{"floor":32,"key":"REST"},{"data":"animator:OrigamiTobiichi","floor":41,"key":"SMITH"},{"floor":46,"key":"RECALL"},{"data":"animator:HiiragiShinya","floor":49,"key":"SMITH"},{"data":"animator:ShidoItsuka","floor":52,"key":"SMITH"}],"circlet_count":0,"master_deck":["AscendersBane","animator:Defend_GoblinSlayer","animator:Defend","animator:LizardPriest","animator:DwarfShaman+1","animator:Mitsuba","animator:Chung","animator:GuildGirl","animator:Shigure","animator:Priestess+1","animator:Yuuichirou","animator:MetalKnight","animator:ShidoItsuka+1","animator:DwarfShaman","animator:Guren+1","animator:Boros","animator:Shinoa","animator:HiiragiShinya+1","animator:Yusa","animator:ShidoItsuka+1","animator:YamaiSisters","animator:LizardPriest","animator:GoblinSlayer","animator:Rena","animator:OrigamiTobiichi+1","animator:HiiragiShinya","Parasite","animator:Mikaela+1","animator:Priestess","animator:Shinoa","animator:Priestess"],"relics":["animator:LivingPicture","animator:TheMissingPiece","Bag of Marbles","GremlinMask","Oddly Smooth Stone","Paper Crane","Pocketwatch","Mark of Pain","MealTicket","Pear","Mercury Hourglass","Red Mask","Sundial","SlaversCollar","Eternal Feather","Question Card","animator:EngravedStaff","ClockworkSouvenir","animator:Buoy"],"acts_visited":["Exordium","TheCity","TheBeyond","TheEnding"],"potions_floor_usage":[12,16,23,28,50,54,55],"damage_taken":[{"damage":0,"enemies":"2 Louse","floor":1,"turns":3},{"damage":0,"enemies":"Cultist","floor":2,"turns":3},{"damage":0,"enemies":"Small Slimes","floor":4,"turns":5},{"damage":4,"enemies":"3 Louse","floor":7,"turns":4},{"damage":14,"enemies":"Lagavulin","floor":8,"turns":9},{"damage":0,"enemies":"2 Fungi Beasts","floor":10,"turns":4},{"damage":0,"enemies":"Exordium Wildlife","floor":11,"turns":4},{"damage":9,"enemies":"Exordium Thugs","floor":12,"turns":6},{"damage":18,"enemies":"3 Sentries","floor":13,"turns":10},{"damage":0,"enemies":"Blue Slaver","floor":14,"turns":5},{"damage":0,"enemies":"The Guardian","floor":16,"turns":9},{"damage":6,"enemies":"Shell Parasite","floor":18,"turns":6},{"damage":0,"enemies":"Spheric Guardian","floor":19,"turns":5},{"damage":3,"enemies":"Snecko","floor":21,"turns":5},{"damage":0,"enemies":"Snake Plant","floor":22,"turns":5},{"damage":8,"enemies":"Book of Stabbing","floor":23,"turns":6},{"damage":2,"enemies":"3 Cultists","floor":25,"turns":6},{"damage":22,"enemies":"Slavers","floor":28,"turns":5},{"damage":28,"enemies":"Masked Bandits","floor":29,"turns":4},{"damage":0,"enemies":"animator:HornedBat","floor":31,"turns":6},{"damage":2,"enemies":"Champ","floor":33,"turns":11},{"damage":0,"enemies":"3 Shapes","floor":35,"turns":5},{"damage":23,"enemies":"3 Darklings","floor":36,"turns":6},{"damage":27,"enemies":"Spire Growth","floor":38,"turns":7},{"damage":22,"enemies":"Writhing Mass","floor":39,"turns":7},{"damage":3,"enemies":"Nemesis","floor":40,"turns":7},{"damage":0,"enemies":"Giant Head","floor":42,"turns":7},{"damage":3,"enemies":"Maw","floor":44,"turns":9},{"damage":43,"enemies":"2 Orb Walkers","floor":45,"turns":7},{"damage":0,"enemies":"3 Darklings","floor":47,"turns":6},{"damage":33,"enemies":"Time Eater","floor":50,"turns":10},{"damage":0,"enemies":"Shield and Spear","floor":54,"turns":7},{"damage":17,"enemies":"The Heart","floor":55,"turns":9}],"seed_played":"5176531570461332588","potions_obtained":[{"floor":4,"key":"CultistPotion"},{"floor":7,"key":"PowerPotion"},{"floor":10,"key":"Regen Potion"},{"floor":14,"key":"animator:FalseLifePotion"},{"floor":18,"key":"DuplicationPotion"},{"floor":31,"key":"SteroidPotion"},{"floor":33,"key":"Dexterity Potion"},{"floor":35,"key":"FearPotion"},{"floor":39,"key":"PowerPotion"},{"floor":54,"key":"DuplicationPotion"}],"is_trial":false,"path_per_floor":["M","M","$","M","?","R","M","E","T","M","M","M","E","M","R","B",null,"M","M","$","M","M","E","R","M","T","R","E","?","?","E","R","B",null,"M","M","$","M","M","E","R","E","T","M","?","R","M","$","R","B",null,"R","$","E","B",null],"character_chosen":"THE_ANIMATOR","items_purchased":["animator:GuildGirl","animator:HiiragiShinya","animator:OrigamiTobiichi","animator:HiiragiShinya","ClockworkSouvenir","animator:Shinoa","animator:FalseLifePotion"],"campfire_rested":1,"item_purchase_floors":[3,20,37,37,48,53,53],"current_hp_per_floor":[54,54,54,54,54,54,50,36,36,36,36,42,24,24,24,25,52,52,52,52,49,55,53,53,56,66,66,49,21,21,26,47,52,67,68,51,66,45,23,25,43,49,49,52,14,32,35,50,68,41,65,73,73,73,59],"gold":38,"neow_bonus":"RANDOM_COMMON_RELIC","is_daily":false,"chose_seed":true,"campfire_upgraded":7,"win_rate":0.0,"timestamp":1608631410,"path_taken":["M","M","$","M","?","R","M","E","T","M","M","M","E","M","R","BOSS","M","M","$","M","?","E","R","M","T","R","E","?","?","E","R","BOSS","M","M","$","?","M","E","R","E","T","M","?","R","M","$","R","BOSS","R","$","E","BOSS"],"items_purchased_type":["Card","Card","Card","Card","Relic","Card","Potion"],"build_version":"2020-12-13","purchased_purges":5,"victory":true,"max_hp_per_floor":[60,60,60,60,60,60,60,60,60,60,60,60,60,60,60,61,61,61,61,61,61,61,61,61,61,71,71,71,71,71,71,71,72,72,73,73,73,73,73,73,73,73,73,73,73,73,73,73,73,73,73,73,73,73,73],"card_choices":[{"not_picked":["animator:Ciel","animator:LizardPriest"],"picked":"animator:Mitsuba","floor":1},{"not_picked":["animator:Sonic","animator:YuiTsuruno"],"picked":"animator:Chung","floor":2},{"not_picked":["animator:Lu","animator:HidekiHinata"],"picked":"animator:Shigure","floor":4},{"not_picked":["animator:HighElfArcher","animator:LizardPriest"],"picked":"animator:Priestess","floor":7},{"not_picked":["animator:Shinoa","animator:CowGirl"],"picked":"animator:Yuuichirou","floor":8},{"not_picked":["animator:KyokoSakura","animator:Elsword"],"picked":"animator:MetalKnight","floor":10},{"not_picked":["animator:YoshinoHimekawa","animator:MikuIzayoi"],"picked":"animator:ShidoItsuka","floor":11},{"not_picked":["animator:Raven","animator:MasamiIwasawa"],"picked":"animator:DwarfShaman","floor":13},{"not_picked":["animator:ReineMurasame","animator:KrulTepes"],"picked":"animator:Guren","floor":14},{"not_picked":["animator:HomuraAkemi","animator:KanadeTachibana"],"picked":"animator:Boros","floor":16},{"not_picked":["animator:YamaiSisters","animator:Laby","animator:Yoichi"],"picked":"SKIP","floor":18},{"not_picked":["animator:Mitsuba","animator:Shigure"],"picked":"animator:Shinoa","floor":19},{"not_picked":["animator:YachiyoNanami+1","animator:YoshinoHimekawa","animator:NiaHonjou"],"picked":"SKIP","floor":21},{"not_picked":["animator:Ciel","animator:Ara+1","animator:HighElfArcher"],"picked":"SKIP","floor":22},{"not_picked":["animator:Godan","animator:KanadeTachibana","animator:KyokoSakura"],"picked":"SKIP","floor":23},{"not_picked":["animator:SuzuneAmano","animator:Spearman"],"picked":"animator:Yusa","floor":28},{"not_picked":["animator:Spearman","animator:MumenRider"],"picked":"animator:ShidoItsuka","floor":29},{"not_picked":["animator:HighElfArcher","animator:TohkaYatogami"],"picked":"animator:LizardPriest","floor":31},{"not_picked":["animator:Saitama","animator:Kyubey"],"picked":"animator:GoblinSlayer","floor":33},{"not_picked":["animator:Genos+1","animator:SilverFang"],"picked":"animator:Rena","floor":35},{"not_picked":["animator:Shigure","animator:HighElfArcher","animator:Genos"],"picked":"SKIP","floor":38},{"not_picked":["animator:EriShiina","animator:Chaa+1"],"picked":"animator:Mikaela+1","floor":39},{"not_picked":["animator:CowGirl","animator:KurumiTokisaki"],"picked":"animator:Priestess","floor":40},{"not_picked":["animator:DwarfShaman","animator:Elsword","animator:NagisaMomoe+1","animator:Witch"],"picked":"SKIP","floor":44},{"not_picked":["animator:Noda","animator:MamiTomoe","animator:NiaHonjou","animator:Raven"],"picked":"SKIP","floor":47},{"not_picked":["animator:DwarfShaman+1","animator:Genos","animator:Boros"],"picked":"animator:Priestess","floor":54}],"player_experience":2347475,"relics_obtained":[{"floor":8,"key":"Oddly Smooth Stone"},{"floor":9,"key":"Paper Crane"},{"floor":13,"key":"Pocketwatch"},{"floor":23,"key":"MealTicket"},{"floor":26,"key":"Pear"},{"floor":28,"key":"Mercury Hourglass"},{"floor":29,"key":"Red Mask"},{"floor":31,"key":"Sundial"},{"floor":40,"key":"Eternal Feather"},{"floor":42,"key":"Question Card"},{"floor":45,"key":"animator:EngravedStaff"},{"floor":54,"key":"animator:Buoy"}],"event_choices":[{"damage_healed":0,"gold_gain":0,"player_choice":"Trade","damage_taken":0,"relics_obtained":["GremlinMask"],"max_hp_gain":0,"max_hp_loss":0,"event_name":"FaceTrader","floor":5,"gold_loss":0},{"damage_healed":0,"gold_gain":0,"player_choice":"Fought Bandits","damage_taken":0,"max_hp_gain":0,"max_hp_loss":0,"event_name":"Masked Bandits","floor":29,"gold_loss":0},{"damage_healed":0,"gold_gain":0,"cards_transformed":["animator:Strike"],"player_choice":"Transformed","damage_taken":0,"max_hp_gain":0,"max_hp_loss":0,"event_name":"Transmorgrifier","floor":30,"gold_loss":0,"cards_obtained":["animator:YamaiSisters"]},{"damage_healed":0,"gold_gain":0,"player_choice":"Fight","damage_taken":0,"max_hp_gain":0,"max_hp_loss":0,"event_name":"Mysterious Sphere","floor":45,"gold_loss":0}],"is_beta":false,"boss_relics":[{"not_picked":["Pandora\u0027s Box","Calling Bell"],"picked":"Mark of Pain"},{"not_picked":["Coffee Dripper","Philosopher\u0027s Stone"],"picked":"SlaversCollar"}],"items_purged_floors":[3,20,37,48,53],"is_endless":false,"potions_floor_spawned":[4,7,10,11,14,18,22,31,33,35,36,39,42,54],"ascension_level":15}}