{"host":"x039aayur7qovk2d","time":1608679966,"event":{"mods":["AchievementEnabler","BaseMod","Block Reminder","Colored Map","Colored Powertips","DeckTracker","Googly Eyes","Highlight Path","Minty Spire (QoL Compilation)","Permanent Neow","Quick Restart","Random Character Button","Rare Cards Sparkle","Relic Sorter","Relic Stats"],"gold_per_floor":[16,32,43,43,58,89,11,46,46,11,11,22,36,48,48,144,144,158,173,173,183,0,0,0],"floor_reached":23,"playtime":2016,"items_purged":[],"score":205,"play_id":"a1ae5ebf-d03d-4ecb-8222-0c81e131e3f7","local_time":"20201222153246","is_ascension_mode":false,"campfire_choices":[{"data":"1","floor":11,"key":"LIFT"},{"data":"2","floor":15,"key":"LIFT"}],"circlet_count":0,"master_deck":["Strike_R","Strike_R","Strike_R","Strike_R","Strike_R","Defend_R","Defend_R","Defend_R","Defend_R","Bash","Shrug It Off","Rage","Pummel","Battle Trance","Warcry","Twin Strike","Fiend Fire","Flex","Limit Break","Twin Strike","Dual Wield","Cleave+1"],"relics":["Burning Blood","Girya","Bird Faced Urn","Lantern","Meat on the Bone","Fusion Hammer"],"acts_visited":["Exordium","TheCity"],"potions_floor_usage":[6,8,12,16,16,16,18,21],"damage_taken":[{"damage":1,"enemies":"Jaw Worm","floor":1,"turns":5},{"damage":2,"enemies":"Small Slimes","floor":2,"turns":5},{"damage":6,"enemies":"Cultist","floor":3,"turns":3},{"damage":13,"enemies":"Red Slaver","floor":5,"turns":5},{"damage":30,"enemies":"Lagavulin","floor":6,"turns":8},{"damage":24,"enemies":"3 Sentries","floor":8,"turns":11},{"damage":5,"enemies":"Lots of Slimes","floor":12,"turns":5},{"damage":14,"enemies":"Exordium Thugs","floor":13,"turns":6},{"damage":0,"enemies":"2 Fungi Beasts","floor":14,"turns":3},{"damage":52,"enemies":"Slime Boss","floor":16,"turns":16},{"damage":22,"enemies":"Chosen","floor":18,"turns":5},{"damage":13,"enemies":"Spheric Guardian","floor":19,"turns":4},{"damage":18,"enemies":"3 Cultists","floor":21,"turns":4},{"damage":61,"enemies":"Book of Stabbing","floor":23,"turns":5}],"seed_played":"-1866420422210322755","potions_obtained":[{"floor":2,"key":"ElixirPotion"},{"floor":5,"key":"AttackPotion"},{"floor":8,"key":"Block Potion"},{"floor":14,"key":"EntropicBrew"},{"floor":19,"key":"Explosive Potion"},{"floor":21,"key":"BloodPotion"}],"is_trial":false,"path_per_floor":["M","M","M","$","M","E","$","E","T","?","R","M","M","M","R","B",null,"M","M","?","M","?","E"],"character_chosen":"IRONCLAD","items_purchased":["LiquidBronze"],"campfire_rested":0,"item_purchase_floors":[7],"current_hp_per_floor":[80,80,80,80,73,49,49,31,31,51,51,52,56,62,62,28,80,64,57,57,57,57,0,0],"gold":0,"neow_bonus":"ONE_RARE_RELIC","is_daily":false,"chose_seed":false,"campfire_upgraded":0,"win_rate":0.0,"timestamp":1608679966,"path_taken":["M","M","M","$","M","E","$","E","T","?","R","M","M","M","R","BOSS","M","M","?","M","?","E"],"items_purchased_type":["Potion"],"build_version":"2020-12-13","purchased_purges":0,"victory":false,"max_hp_per_floor":[80,80,80,80,80,80,80,80,80,80,80,80,80,80,80,80,80,80,80,80,80,80,80,80],"relic_stats":{"counters":[14,85],"Bird Faced Urn":[0],"obtain_stats":[{"Girya":0,"Lantern":8,"Bird Faced Urn":6,"Fusion Hammer":17,"Burning Blood":0,"Meat on the Bone":9},{"Girya":0,"Lantern":6,"Bird Faced Urn":5,"Fusion Hammer":10,"Burning Blood":0,"Meat on the Bone":6},{"Girya":0,"Lantern":37,"Bird Faced Urn":26,"Fusion Hammer":67,"Burning Blood":0,"Meat on the Bone":37}],"Burning Blood":69,"Meat on the Bone":36},"card_choices":[{"not_picked":["Body Slam","Havoc"],"picked":"Shrug It Off","floor":1},{"not_picked":["Feel No Pain","Intimidate","Entrench"],"picked":"SKIP","floor":2},{"not_picked":["Armaments","Hemokinesis"],"picked":"Rage","floor":3},{"not_picked":["Shockwave","Perfected Strike"],"picked":"Pummel","floor":5},{"not_picked":["Iron Wave","Thunderclap"],"picked":"Battle Trance","floor":6},{"not_picked":["Sword Boomerang","True Grit"],"picked":"Warcry","floor":8},{"not_picked":["Hemokinesis","Disarm"],"picked":"Twin Strike","floor":12},{"not_picked":["Warcry","Headbutt"],"picked":"Fiend Fire","floor":13},{"not_picked":["Headbutt","Sever Soul"],"picked":"Flex","floor":14},{"not_picked":["Immolate","Fiend Fire"],"picked":"Limit Break","floor":16},{"not_picked":["Fire Breathing","Hemokinesis"],"picked":"Twin Strike","floor":18},{"not_picked":["Uppercut","Iron Wave+1"],"picked":"Dual Wield","floor":19},{"not_picked":["Flex+1","Dark Embrace"],"picked":"Cleave+1","floor":21}],"player_experience":189670,"relics_obtained":[{"floor":6,"key":"Bird Faced Urn"},{"floor":8,"key":"Lantern"},{"floor":9,"key":"Meat on the Bone"}],"event_choices":[{"damage_healed":20,"gold_gain":0,"player_choice":"Healed","damage_taken":0,"max_hp_gain":0,"max_hp_loss":0,"event_name":"The Cleric","floor":10,"gold_loss":35},{"damage_healed":0,"gold_gain":0,"player_choice":"Ignored","damage_taken":0,"max_hp_gain":0,"max_hp_loss":0,"event_name":"Beggar","floor":20,"gold_loss":0},{"damage_healed":0,"gold_gain":0,"player_choice":"Paid Fearfully","damage_taken":0,"max_hp_gain":0,"max_hp_loss":0,"event_name":"Masked Bandits","floor":22,"gold_loss":183}],"is_beta":false,"boss_relics":[{"not_picked":["Black Blood","Runic Pyramid"],"picked":"Fusion Hammer"}],"items_purged_floors":[],"is_endless":false,"potions_floor_spawned":[2,5,8,14,19,21],"killed_by":"Book of Stabbing","ascension_level":0}}