{"host":"jzjaw782v8gfe8gb","time":1608658638,"event":{"mods":["BaseMod","Better Match","Better Note","Better Third Choice","Energized Spire","Minty Spire (QoL Compilation)","StSLib","The Administrix"],"gold_per_floor":[119,136,136,156,171,171,205,205,251,282,282,128,144,163,163,260,260,276,276,293,293,311,342,355,387,436,436,446,446,462,481,481,582,582,600,650,661,561,581,581,608,608,608,661,696,696,796,815,815,815,815,815,392,417,417],"floor_reached":56,"playtime":17455,"items_purged":["AdministrixMod:Strike_Administrix","AdministrixMod:Strike_Administrix","AdministrixMod:Defend_Administrix"],"score":1334,"play_id":"d1378096-5c07-4e7f-9240-c41bb604476c","local_time":"20201222093718","is_ascension_mode":false,"campfire_choices":[{"data":"AdministrixMod:TouchOfCinnabar","floor":6.0,"key":"SMITH"},{"data":"AdministrixMod:Transition","floor":8.0,"key":"SMITH"},{"data":"AdministrixMod:BloodBargain","floor":11.0,"key":"SMITH"},{"data":"AdministrixMod:CenturiesAscent","floor":15.0,"key":"SMITH"},{"data":"AdministrixMod:CastOffRegrets","floor":27.0,"key":"SMITH"},{"floor":29.0,"key":"RECALL"},{"data":"AdministrixMod:RisingSunPrince","floor":32.0,"key":"SMITH"},{"data":"1","floor":40,"key":"LIFT"},{"data":"2","floor":42,"key":"LIFT"},{"data":"3","floor":46,"key":"LIFT"},{"floor":49,"key":"REST"},{"data":"AdministrixMod:SyncreticSurge","floor":52,"key":"SMITH"}],"circlet_count":0,"master_deck":["AdministrixMod:Strike_Administrix","AdministrixMod:RedCloak+1","AdministrixMod:Defend_Administrix+1","AdministrixMod:Defend_Administrix","AdministrixMod:Defend_Administrix+1","AdministrixMod:BlueCloak","AdministrixMod:TouchOfCinnabar+1","AdministrixMod:BloodBargain+1","AdministrixMod:SyncreticSurge+1","AdministrixMod:Transition+1","AdministrixMod:RisingSunPrince+1","AdministrixMod:CastOffRegrets+1","AdministrixMod:CenturiesAscent+1","AdministrixMod:XianArts","AdministrixMod:ChooseYourEnd","AdministrixMod:HarmonicReverence","AdministrixMod:FaithfulFlames","AdministrixMod:CastOffRegrets+1","AdministrixMod:SipOfSparks","AdministrixMod:BishamonBlessing+1","AdministrixMod:StarSwordSoul","AdministrixMod:BishamonBlessing+1","AdministrixMod:FiendishCrimson+1"],"relics":["AdministrixMod:ConductorRitualBaton","Sundial","Pen Nib","Art of War","Black Star","Mummified Hand","Pocketwatch","Darkstone Periapt","Nunchaku","Cursed Key","Girya","Ice Cream","War Paint","FossilizedHelix","Boot","StrikeDummy","Lantern","Bag of Preparation","Blood Vial","Ginger"],"acts_visited":["Exordium","TheCity","TheBeyond","TheEnding"],"potions_floor_usage":[50,50,50,50],"damage_taken":[{"damage":0.0,"enemies":"Small Slimes","floor":1.0,"turns":4.0},{"damage":1.0,"enemies":"2 Louse","floor":2.0,"turns":3.0},{"damage":0.0,"enemies":"Jaw Worm","floor":4.0,"turns":4.0},{"damage":9.0,"enemies":"3 Louse","floor":5.0,"turns":3.0},{"damage":11.0,"enemies":"Gremlin Nob","floor":7.0,"turns":3.0},{"damage":5.0,"enemies":"Lagavulin","floor":10.0,"turns":8.0},{"damage":6.0,"enemies":"2 Fungi Beasts","floor":13.0,"turns":4.0},{"damage":6.0,"enemies":"Large Slime","floor":14.0,"turns":5.0},{"damage":0.0,"enemies":"Hexaghost","floor":16.0,"turns":11.0},{"damage":0.0,"enemies":"Shell Parasite","floor":18.0,"turns":6.0},{"damage":0.0,"enemies":"3 Byrds","floor":20.0,"turns":3.0},{"damage":0.0,"enemies":"Snake Plant","floor":22.0,"turns":5.0},{"damage":19.0,"enemies":"Book of Stabbing","floor":23.0,"turns":8.0},{"damage":8.0,"enemies":"Centurion and Healer","floor":24.0,"turns":7.0},{"damage":4.0,"enemies":"Gremlin Leader","floor":25.0,"turns":7.0},{"damage":6.0,"enemies":"Chosen and Byrds","floor":28.0,"turns":6.0},{"damage":0.0,"enemies":"3 Cultists","floor":30.0,"turns":5.0},{"damage":0.0,"enemies":"Shelled Parasite and Fungi","floor":31.0,"turns":4.0},{"damage":0.0,"enemies":"Champ","floor":33.0,"turns":10.0},{"damage":0.0,"enemies":"3 Shapes","floor":35.0,"turns":8.0},{"damage":11,"enemies":"Mind Bloom Boss Battle","floor":36,"turns":6},{"damage":6,"enemies":"3 Darklings","floor":37,"turns":5},{"damage":0,"enemies":"Maw","floor":39,"turns":7},{"damage":16,"enemies":"Nemesis","floor":41,"turns":7},{"damage":25,"enemies":"2 Orb Walkers","floor":44,"turns":4},{"damage":0,"enemies":"Giant Head","floor":45,"turns":6},{"damage":0,"enemies":"Transient","floor":48,"turns":5},{"damage":20,"enemies":"Time Eater","floor":50,"turns":9},{"damage":0,"enemies":"Shield and Spear","floor":54,"turns":5},{"damage":35,"enemies":"The Heart","floor":55,"turns":8}],"seed_played":"9003553615650687215","potions_obtained":[{"floor":1.0,"key":"CultistPotion"},{"floor":5.0,"key":"GamblersBrew"},{"floor":10.0,"key":"FearPotion"},{"floor":13.0,"key":"Energy Potion"},{"floor":16.0,"key":"EntropicBrew"},{"floor":20.0,"key":"FairyPotion"},{"floor":24.0,"key":"SkillPotion"},{"floor":28.0,"key":"Energy Potion"},{"floor":54,"key":"DuplicationPotion"}],"is_trial":false,"path_per_floor":["M","M","?","M","M","R","E","R","T","E","R","$","M","M","R","B",null,"M","?","M","?","M","E","M","E","T","R","M","R","M","M","R","B",null,"M","?","M","$","M","R","E","R","T","?","E","R","?","M","R","B",null,"R","$","E","B",null],"character_chosen":"TheAdministrix","items_purchased":["AdministrixMod:CastOffRegrets","Lantern","Bag of Preparation"],"campfire_rested":1,"item_purchase_floors":[12,53,53],"current_hp_per_floor":[65,64,64,64,55,55,44,44,44,39,39,39,33,27,27,27,65,65,65,65,65,65,46,38,34,34,34,28,28,28,28,28,28,65,65,54,48,48,48,48,32,32,32,7,7,7,7,7,26,6,65,65,65,65,31],"gold":417,"neow_bonus":"UPGRADE_CARD","is_daily":false,"chose_seed":false,"campfire_upgraded":7,"win_rate":0.0,"timestamp":1608658638,"path_taken":["M","M","?","M","M","R","E","R","T","E","R","$","M","M","R","BOSS","M","?","M","?","M","E","M","E","T","R","M","R","M","M","R","BOSS","M","?","M","$","M","R","E","R","T","?","E","R","?","M","R","BOSS","R","$","E","BOSS"],"items_purchased_type":["Card","Relic","Relic"],"build_version":"2020-12-13","purchased_purges":3,"victory":true,"max_hp_per_floor":[65,65,65,65,65,65,65,65,65,65,65,65,65,65,65,65,65,65,65,65,65,65,65,65,65,65,65,65,65,65,65,65,65,65,65,65,65,65,65,65,65,65,65,65,65,65,65,65,65,65,65,65,65,65,65],"card_choices":[{"not_picked":["AdministrixMod:SipOfSparks","AdministrixMod:LightOfYourLife"],"picked":"AdministrixMod:TouchOfCinnabar","floor":1.0},{"not_picked":["AdministrixMod:JustRewards","AdministrixMod:RebukeDesires"],"picked":"AdministrixMod:BloodBargain","floor":2.0},{"not_picked":["AdministrixMod:Transcension","AdministrixMod:SyncreticPlunge","AdministrixMod:TouchOfCinnabar"],"picked":"SKIP","floor":4.0},{"not_picked":["AdministrixMod:AmassedMasks","AdministrixMod:UnstableVigor"],"picked":"AdministrixMod:SyncreticSurge","floor":5.0},{"not_picked":["AdministrixMod:Overdrive","AdministrixMod:HarmonicReverence"],"picked":"AdministrixMod:Transition","floor":7.0},{"not_picked":["AdministrixMod:RebukeDesires","AdministrixMod:SyncreticPlunge"],"picked":"AdministrixMod:RisingSunPrince","floor":10.0},{"not_picked":["AdministrixMod:SipOfSparks","AdministrixMod:SealAway"],"picked":"AdministrixMod:CenturiesAscent","floor":13.0},{"not_picked":["AdministrixMod:SyncreticSurge","AdministrixMod:JustRewards"],"picked":"AdministrixMod:XianArts","floor":14.0},{"not_picked":["AdministrixMod:ShadowPlay","AdministrixMod:ImmortalPurity","AdministrixMod:CastOffRegrets"],"picked":"SKIP","floor":18.0},{"not_picked":["AdministrixMod:QuietConspiracy","AdministrixMod:SeventeenArticleLaser"],"picked":"AdministrixMod:ChooseYourEnd","floor":20.0},{"not_picked":["AdministrixMod:PassageOfAges","AdministrixMod:QuietConspiracy"],"picked":"AdministrixMod:HarmonicReverence","floor":22.0},{"not_picked":["AdministrixMod:PassageOfAges","AdministrixMod:PlateOfAntiquity+1"],"picked":"AdministrixMod:FaithfulFlames","floor":23.0},{"not_picked":["AdministrixMod:ExtolVirtue","AdministrixMod:Katabasis"],"picked":"AdministrixMod:CastOffRegrets+1","floor":24.0},{"not_picked":["AdministrixMod:UnstableVigor","AdministrixMod:PassageOfAges"],"picked":"AdministrixMod:SipOfSparks","floor":25.0},{"not_picked":["AdministrixMod:ExtolVirtue","AdministrixMod:PlateOfAntiquity","AdministrixMod:TouchOfCinnabar"],"picked":"SKIP","floor":28.0},{"not_picked":["AdministrixMod:CastOffRegrets+1","AdministrixMod:SeventeenArticleLaser"],"picked":"AdministrixMod:BishamonBlessing+1","floor":30.0},{"not_picked":["AdministrixMod:CrackingPangu","AdministrixMod:PlateOfAntiquity","AdministrixMod:SipOfSparks+1"],"picked":"SKIP","floor":31.0},{"not_picked":["AdministrixMod:CosmosControl","AdministrixMod:NewbornDivinity"],"picked":"AdministrixMod:StarSwordSoul","floor":33.0},{"not_picked":["AdministrixMod:TouchOfCinnabar","AdministrixMod:CenturiesAscent","AdministrixMod:Metempsychosis+1"],"picked":"SKIP","floor":35.0},{"not_picked":["AdministrixMod:WickedPunishment+1","AdministrixMod:CastOffRegrets+1","AdministrixMod:BloodlessSapphire+1"],"picked":"SKIP","floor":37},{"not_picked":["AdministrixMod:Untouchable+1","AdministrixMod:PassageOfAges+1","AdministrixMod:PlateOfAntiquity"],"picked":"SKIP","floor":39},{"not_picked":["AdministrixMod:Overdrive+1","AdministrixMod:Transition+1","AdministrixMod:TouchOfCinnabar+1"],"picked":"SKIP","floor":41},{"not_picked":["AdministrixMod:HaveItAll","AdministrixMod:RebukeDesires+1"],"picked":"AdministrixMod:BishamonBlessing+1","floor":44},{"not_picked":["AdministrixMod:Transcension","AdministrixMod:UnstableVigor+1","AdministrixMod:LightOfYourLife"],"picked":"SKIP","floor":45},{"not_picked":["AdministrixMod:TouchOfCinnabar+1","AdministrixMod:XianArts+1","AdministrixMod:FuneraryRites+1"],"picked":"SKIP","floor":48},{"not_picked":["AdministrixMod:UnstableVigor","AdministrixMod:SealAway"],"picked":"AdministrixMod:FiendishCrimson+1","floor":54}],"player_experience":1909396,"relics_obtained":[{"floor":7.0,"key":"Sundial"},{"floor":9.0,"key":"Pen Nib"},{"floor":10.0,"key":"Art of War"},{"floor":23.0,"key":"Mummified Hand"},{"floor":23.0,"key":"Pocketwatch"},{"floor":25.0,"key":"Darkstone Periapt"},{"floor":25.0,"key":"Nunchaku"},{"floor":36,"key":"Girya"},{"floor":41,"key":"Ice Cream"},{"floor":41,"key":"War Paint"},{"floor":44,"key":"FossilizedHelix"},{"floor":45,"key":"Boot"},{"floor":45,"key":"StrikeDummy"},{"floor":54,"key":"Blood Vial"},{"floor":54,"key":"Ginger"}],"event_choices":[{"damage_healed":0.0,"max_hp_gain":0.0,"max_hp_loss":0.0,"gold_gain":0.0,"event_name":"betterThird:BetterSerpent","player_choice":"Ignored","floor":3.0,"gold_loss":0.0,"damage_taken":136.0},{"damage_healed":0.0,"max_hp_gain":0.0,"max_hp_loss":0.0,"gold_gain":0.0,"event_name":"betterNote:BetterNote","player_choice":"Ignored","floor":19.0,"gold_loss":0.0,"damage_taken":0.0,"cards_obtained":["Wallop"]},{"cards_removed":["AdministrixMod:Strike_Administrix"],"damage_healed":0.0,"max_hp_gain":0.0,"max_hp_loss":0.0,"gold_gain":0.0,"event_name":"betterThird:BetterWriting","player_choice":"Elegance","floor":21.0,"gold_loss":0.0,"damage_taken":0.0},{"damage_healed":0,"gold_gain":0,"player_choice":"Fight","damage_taken":0,"max_hp_gain":0,"max_hp_loss":0,"event_name":"MindBloom","floor":36,"gold_loss":0},{"damage_healed":0,"gold_gain":0,"player_choice":"Fight","damage_taken":0,"max_hp_gain":0,"max_hp_loss":0,"event_name":"Mysterious Sphere","floor":44,"gold_loss":0},{"damage_healed":0,"gold_gain":100,"player_choice":"Pray","damage_taken":0,"max_hp_gain":0,"max_hp_loss":0,"event_name":"Golden Shrine","floor":47,"gold_loss":0}],"is_beta":false,"boss_relics":[{"not_picked":["Runic Pyramid","energizedSpire:EnergizedDie"],"picked":"Black Star"},{"not_picked":["Astrolabe","Coffee Dripper"],"picked":"Cursed Key"}],"items_purged_floors":[12,38,53],"is_endless":false,"potions_floor_spawned":[1,5,10,13,16,20,24,28,31,37,41,44,45,54],"ascension_level":0}}