{"host":"adv1uqz3812gqgbw","time":1608673527,"event":{"mods":["BaseMod","Better Note","Better Third Choice","Colored Powertips","Custom Start","Dio Mod","GifTheSpireLib","Hermit","Minty Spire (QoL Compilation)","Robot Space Explorer","StSLib","The Runesmith","Uncapped"],"gold_per_floor":[111,130,205,205,205,205,223,223,223,240,22,36,36,54,54,159,159,172,205,205,49,62,62,77,77,156,172,50,50,75,25,25,129,129,144,144,161,177,62,62,62],"floor_reached":40,"playtime":2095,"items_purged":["hermit:Covet","RobotSpaceExplorer:Defend"],"score":496,"play_id":"90acfa64-183a-4e14-8448-99304defd06f","local_time":"20201222194527","is_ascension_mode":false,"campfire_choices":[{"data":"RobotSpaceExplorer:MiniBoosters","floor":6,"key":"SMITH"},{"data":"RobotSpaceExplorer:MiniLasers","floor":8,"key":"SMITH"},{"data":"RobotSpaceExplorer:MiniDrones","floor":15,"key":"SMITH"},{"data":"RobotSpaceExplorer:Pulsar","floor":23,"key":"SMITH"},{"floor":25,"key":"REST"},{"floor":32,"key":"REST"}],"circlet_count":0,"master_deck":["RobotSpaceExplorer:Strike","RobotSpaceExplorer:Strike","RobotSpaceExplorer:Strike","RobotSpaceExplorer:Strike","RobotSpaceExplorer:Defend","RobotSpaceExplorer:Defend","RobotSpaceExplorer:Defend","RobotSpaceExplorer:Scan","RobotSpaceExplorer:MiniLasers+1","RobotSpaceExplorer:MiniBoosters+1","RobotSpaceExplorer:ScrapMissile","RobotSpaceExplorer:GlueShot","RobotSpaceExplorer:MiniDrones+1","RobotSpaceExplorer:Pulsar+1","RobotSpaceExplorer:ScrapToss+1","RobotSpaceExplorer:MiniDrones"],"relics":["RobotSpaceExplorer:TurboCore","Matryoshka","RobotSpaceExplorer:SlideRule","Red Mask","Boot","The Courier","Singing Bowl","Regal Pillow","Mango","MealTicket","RobotSpaceExplorer:SearchSpecs","Runesmith:Nanobots","RobotSpaceExplorer:ClockworkSextant"],"acts_visited":["Exordium","TheCity","TheBeyond"],"potions_floor_usage":[27,27,33,33,40],"damage_taken":[{"damage":5,"enemies":"Small Slimes","floor":1,"turns":5},{"damage":0,"enemies":"2 Louse","floor":2,"turns":2},{"damage":1,"enemies":"Cultist","floor":7,"turns":3},{"damage":4,"enemies":"3 Louse","floor":10,"turns":3},{"damage":1,"enemies":"Looter","floor":12,"turns":2},{"damage":3,"enemies":"Exordium Wildlife","floor":14,"turns":5},{"damage":55,"enemies":"Hexaghost","floor":16,"turns":15},{"damage":10,"enemies":"Spheric Guardian","floor":18,"turns":4},{"damage":11,"enemies":"Masked Bandits","floor":19,"turns":5},{"damage":0,"enemies":"2 Thieves","floor":22,"turns":3},{"damage":41,"enemies":"Sentry and Sphere","floor":24,"turns":8},{"damage":0,"enemies":"Snecko","floor":27,"turns":4},{"damage":49,"enemies":"Gremlin Leader","floor":30,"turns":6},{"damage":0,"enemies":"Champ","floor":33,"turns":11},{"damage":16,"enemies":"Orb Walker","floor":35,"turns":4},{"damage":65,"enemies":"3 Shapes","floor":37,"turns":4},{"damage":10,"enemies":"3 Darklings","floor":38,"turns":4},{"damage":51,"enemies":"Reptomancer","floor":40,"turns":5}],"seed_played":"-4733054674593799754","potions_obtained":[{"floor":7,"key":"FearPotion"},{"floor":14,"key":"BlessingOfTheForge"},{"floor":16,"key":"DistilledChaos"},{"floor":18,"key":"DistilledChaos"},{"floor":30,"key":"Strength Potion"},{"floor":33,"key":"SteroidPotion"},{"floor":38,"key":"RobotSpaceExplorer:LiquidFusion"}],"is_trial":false,"path_per_floor":["M","M","?","?","?","R","M","R","T","M","$","M","?","M","R","B",null,"M","?","?","$","M","R","M","R","T","M","$","T","E","?","R","B",null,"M","T","M","M","$","E"],"character_chosen":"RobotSpaceExplorer","items_purchased":["RobotSpaceExplorer:SlideRule","Boot","RobotSpaceExplorer:MiniDrones","RobotSpaceExplorer:ClockworkSextant"],"campfire_rested":2,"item_purchase_floors":[11,21,28,39],"current_hp_per_floor":[77,77,66,66,66,66,65,65,65,61,61,60,60,57,57,2,82,72,61,61,61,61,61,20,44,44,46,46,60,13,13,58,60,102,88,88,25,17,32,0,0],"gold":62,"neow_bonus":"TEN_PERCENT_HP_BONUS","is_daily":false,"chose_seed":false,"campfire_upgraded":4,"win_rate":0.0,"timestamp":1608673527,"path_taken":["M","M","?","?","?","R","M","R","T","M","$","?","?","M","R","BOSS","M","?","?","?","M","R","?","R","T","M","$","?","E","?","R","BOSS","M","?","?","M","$","E"],"items_purchased_type":["Relic","Relic","Card","Relic"],"build_version":"2020-12-13","purchased_purges":2,"victory":false,"max_hp_per_floor":[82,82,82,82,82,82,82,82,82,82,82,82,82,82,82,82,82,82,82,82,82,82,82,82,82,82,84,84,98,100,100,100,102,102,104,104,106,108,108,108,108],"card_choices":[{"not_picked":["RobotSpaceExplorer:ImprovisedAttack","RobotSpaceExplorer:GlueShot"],"picked":"RobotSpaceExplorer:MiniBoosters","floor":1},{"not_picked":["RobotSpaceExplorer:Probe","RobotSpaceExplorer:SurgingShield"],"picked":"RobotSpaceExplorer:ScrapMissile","floor":2},{"not_picked":["RobotSpaceExplorer:SlimeMissile","RobotSpaceExplorer:ScrapShield"],"picked":"RobotSpaceExplorer:GlueShot","floor":7},{"not_picked":["RobotSpaceExplorer:ImprovisedAttack","RobotSpaceExplorer:Counterblock"],"picked":"RobotSpaceExplorer:MiniDrones","floor":10},{"not_picked":["RobotSpaceExplorer:ExhaustFan","RobotSpaceExplorer:BigMissile","RobotSpaceExplorer:GlueSpray"],"picked":"SKIP","floor":12},{"not_picked":["RobotSpaceExplorer:Counterblock","RobotSpaceExplorer:LaserBurst"],"picked":"RobotSpaceExplorer:Pulsar","floor":14},{"not_picked":["RobotSpaceExplorer:Pulsar","RobotSpaceExplorer:GlueSpray","RobotSpaceExplorer:BigMissile"],"picked":"SKIP","floor":18},{"not_picked":["RobotSpaceExplorer:Ammunition+1","RobotSpaceExplorer:Pulsar","RobotSpaceExplorer:ScrapToss"],"picked":"SKIP","floor":22},{"not_picked":["RobotSpaceExplorer:MakeshiftVolley+1","RobotSpaceExplorer:LaserBurst"],"picked":"RobotSpaceExplorer:ScrapToss+1","floor":24},{"not_picked":["RobotSpaceExplorer:MiniDrones","RobotSpaceExplorer:FranticSearch","RobotSpaceExplorer:MetalStrike"],"picked":"Singing Bowl","floor":27},{"not_picked":["RobotSpaceExplorer:SurgingStrike","RobotSpaceExplorer:ShockKick","RobotSpaceExplorer:Accelerator"],"picked":"Singing Bowl","floor":30},{"not_picked":["RobotSpaceExplorer:DroneSwarm","RobotSpaceExplorer:Arsenal","RobotSpaceExplorer:Asteroid"],"picked":"Singing Bowl","floor":33},{"not_picked":["RobotSpaceExplorer:PowerGlove","RobotSpaceExplorer:ImprovisedAttack+1","RobotSpaceExplorer:Discharger"],"picked":"Singing Bowl","floor":35},{"not_picked":["RobotSpaceExplorer:StunGrenade","RobotSpaceExplorer:FranticSearch+1","RobotSpaceExplorer:Pulsar"],"picked":"Singing Bowl","floor":37},{"not_picked":["RobotSpaceExplorer:StunGrenade+1","RobotSpaceExplorer:ScrapShield","RobotSpaceExplorer:LuckyStrike"],"picked":"Singing Bowl","floor":38}],"player_experience":300485,"relics_obtained":[{"floor":9,"key":"Matryoshka"},{"floor":19,"key":"Red Mask"},{"floor":26,"key":"The Courier"},{"floor":26,"key":"Singing Bowl"},{"floor":29,"key":"Regal Pillow"},{"floor":29,"key":"Mango"},{"floor":30,"key":"MealTicket"},{"floor":36,"key":"Runesmith:Nanobots"}],"event_choices":[{"damage_healed":0,"gold_gain":75,"player_choice":"Gold","damage_taken":11,"max_hp_gain":0,"max_hp_loss":0,"event_name":"betterThird:BetterGoop","floor":3,"gold_loss":0},{"damage_healed":0,"gold_gain":0,"player_choice":"Ignored","damage_taken":205,"max_hp_gain":0,"max_hp_loss":0,"event_name":"betterThird:BetterSerpent","floor":4,"gold_loss":0},{"damage_healed":0,"gold_gain":0,"player_choice":"Take","damage_taken":0,"max_hp_gain":0,"max_hp_loss":0,"event_name":"betterNote:BetterNote","floor":5,"gold_loss":0,"cards_obtained":["hermit:Covet"]},{"damage_healed":60,"gold_gain":0,"player_choice":"Leave","damage_taken":0,"max_hp_gain":0,"max_hp_loss":82,"event_name":"betterThird:BetterShining","floor":13,"gold_loss":0},{"damage_healed":0,"gold_gain":0,"player_choice":"Fought Bandits","damage_taken":0,"max_hp_gain":0,"max_hp_loss":0,"event_name":"Masked Bandits","floor":19,"gold_loss":0},{"damage_healed":0,"gold_gain":0,"player_choice":"Ignored","damage_taken":0,"max_hp_gain":0,"max_hp_loss":0,"event_name":"Cursed Tome","floor":20,"gold_loss":0},{"damage_healed":0,"gold_gain":0,"player_choice":"Bet on Owner","damage_taken":0,"max_hp_gain":0,"max_hp_loss":0,"event_name":"The Joust","floor":31,"gold_loss":50}],"is_beta":false,"boss_relics":[{"not_picked":["RobotSpaceExplorer:Reprocessor","Velvet Choker"],"picked":"RobotSpaceExplorer:TurboCore"},{"not_picked":["Sozu","Tiny House"],"picked":"RobotSpaceExplorer:SearchSpecs"}],"items_purged_floors":[11,28],"is_endless":false,"potions_floor_spawned":[7,14,16,18,30,33,38],"killed_by":"Reptomancer","ascension_level":0}}