{"host":"3vwlzs9j0t5i9rxy","time":1608597002,"event":{"mods":["A Magickal Journey","Astrologer","BaseMod","Better Third Choice","Clockwork Mod","Colored Map","Conspire","Dio Mod","Energized Spire","Halation","Hermit","Hubris","Infinite Spire","Mimic Mod","Minty Spire (QoL Compilation)","Permanent Neow","Potionbrewer","Rare Cards Sparkle","Relic Stats","Replay The Spire","Shade Mod","Shop Mod","Small Relic Pack","Somnambulant","Spicy Shops","Spikes Relics","StSLib","The Clintock","The Cursed","The Druid","The Exalted","The Florist","The Juggle","The Jungle","The Runesmith","The Servant 0.9.4","The Spell Scribe","The Valiant","TheVacant"],"gold_per_floor":[115,129,129,129,167,167,92,108,134,154,82,66,80,92,92,92,92],"floor_reached":16,"playtime":955,"items_purged":["PeacefulStance"],"score":92,"play_id":"8771d120-6b0f-4673-bbfb-b30161eee525","local_time":"20201221193002","is_ascension_mode":false,"campfire_choices":[{"data":"theDruid:ApexPredator","floor":6,"key":"SMITH"},{"floor":15,"key":"DIG"}],"circlet_count":0,"master_deck":["Shade:Strike_Shade","Shade:Defend_Shade","Shade:Defend_Shade","Shade:Defend_Shade","Shade:AnimateDead","Shade:CarefulCut","Shade:GreaterAnimation","Shade:Premonition","Shade:CoffinDance","relicPack:TruthCard","theDruid:ApexPredator+1","Clockwork:ZeroPointEnergy","Shade:SkeletonArmy","Shade:FingerOfDeath","Shade:AncientSpear","Shade:GraveStillness","Shade:LichForm"],"relics":["Shade:YorickSkull","relicPack:EdsArm","hubris:SlimyHat","Nunchaku","Bromod:ArcanePistoleer"],"acts_visited":["Exordium"],"potions_floor_usage":[],"damage_taken":[{"damage":0,"enemies":"conspire:RoseBush","floor":1,"turns":2},{"damage":2,"enemies":"Small Slimes","floor":2,"turns":3},{"damage":10,"enemies":"2 Louse","floor":5,"turns":20},{"damage":2,"enemies":"2 Louse","floor":8,"turns":4},{"damage":9,"enemies":"Blue Slaver","floor":10,"turns":3},{"damage":13,"enemies":"3 Louse","floor":13,"turns":5},{"damage":3,"enemies":"2 Fungi Beasts","floor":14,"turns":4},{"damage":31,"enemies":"Slime Boss","floor":16,"turns":3}],"seed_played":"-4653748838921623789","potions_obtained":[{"floor":8,"key":"potionbrewer:ToxicPotion"},{"floor":13,"key":"SpeedPotion"}],"is_trial":false,"path_per_floor":["M","M","?","?","MIM","R","$","M","T","M","$","$","M","M","R_BF","B"],"character_chosen":"SHADE","items_purchased":["Shade:GraveStillness","Shade:LichForm"],"campfire_rested":0,"item_purchase_floors":[11,12],"current_hp_per_floor":[65,63,63,60,50,50,50,48,48,39,39,39,26,23,23,0,0],"gold":92,"neow_bonus":"THREE_RARE_CARDS","is_daily":false,"chose_seed":false,"campfire_upgraded":1,"win_rate":0.0,"timestamp":1608597002,"path_taken":["M","M","?","?","?","R","$","M","T","M","?","$","M","M","R_BF","BOSS"],"items_purchased_type":["Card","Card"],"build_version":"2020-12-13","purchased_purges":1,"victory":false,"max_hp_per_floor":[65,65,65,60,60,60,60,60,60,60,60,60,60,60,60,60,60],"relic_stats":{"Nunchaku":[0],"counters":[8,42],"obtain_stats":[{"relicPack:EdsArm":4,"Nunchaku":9,"Shade:YorickSkull":0,"Bromod:ArcanePistoleer":15,"hubris:SlimyHat":5},{"relicPack:EdsArm":2,"Nunchaku":4,"Shade:YorickSkull":0,"Bromod:ArcanePistoleer":7,"hubris:SlimyHat":3},{"relicPack:EdsArm":4,"Nunchaku":27,"Shade:YorickSkull":0,"Bromod:ArcanePistoleer":39,"hubris:SlimyHat":24}]},"card_choices":[{"not_picked":["Shade:SelfBurial","Shade:Coordination"],"picked":"Shade:GreaterAnimation","floor":0},{"not_picked":["Shade:SkeletonHug","Shade:Patience"],"picked":"Shade:Premonition","floor":1},{"not_picked":["Shade:RitualOffering","Shade:DangerousRitual"],"picked":"Shade:CoffinDance","floor":2},{"not_picked":["Shade:Trample","Shade:SpectralStrikes"],"picked":"Shade:SkeletonArmy","floor":5},{"not_picked":["Shade:Patience","Shade:PoundOfFlesh"],"picked":"Shade:FingerOfDeath","floor":8},{"not_picked":["Shade:Frenzy","Shade:FleshOffering"],"picked":"Shade:AncientSpear","floor":10},{"not_picked":["Shade:WallOfFlesh","Shade:OpenGraves","Shade:CommandSoldier"],"picked":"SKIP","floor":13},{"not_picked":["Shade:SkeletonHug","Shade:Trample","Shade:Awaken"],"picked":"SKIP","floor":14}],"player_experience":27519,"relics_obtained":[{"floor":5,"key":"hubris:SlimyHat"},{"floor":9,"key":"Nunchaku"},{"floor":15,"key":"Bromod:ArcanePistoleer"}],"event_choices":[{"damage_healed":0,"gold_gain":0,"player_choice":"Leave","damage_taken":0,"max_hp_gain":0,"max_hp_loss":0,"event_name":"conspire:Investor","floor":3,"gold_loss":0}],"is_beta":false,"boss_relics":[],"items_purged_floors":[7],"is_endless":false,"potions_floor_spawned":[8,13],"killed_by":"Slime Boss","ascension_level":0}}