{"host":"cop8ymgpsji2w9by","time":1608671909,"event":{"mods":["2.2 Compatiblity","Act Like it!","Astrologer","Bard","BaseMod","Beaked The Cultist","Better Third Choice","BetterRewards","CapriCore","CatGirl Mod","ChefMod","Colored Map","Colored Powertips","Conspire","Curses Come First","DeckTracker","Downfall","Elementarium","Energized Spire","Fiend Mod","Friendly Minions","Gensokyo","Hallownest","Hermit","Hubris","Infinite Spire","Mad Scientist","Marisa????????","Marked Mod","Menagerie","Mimic Mod","Minty Spire (QoL Compilation)","READ ME - Guardian Mod","Random Character Button","Rare Cards Sparkle","Replay The Spire","Robot Space Explorer","Shade Mod","Somnambulant","Spicy Shops","StSLib","The Accelerator","The Blackbeard","The Bladedancer","The Blue Laboratory","The Bug Knight","The Clintock","The Construct","The Cursed","The Death Knight","The Disciple","The Elementalist","The Factory","The Forsaken","The Gatherer","The Hayseed","The Hierophant","The Immortal","The Judge","The Jungle","The Marked","The Mystic","The Necromancer","The Poker Player","The Runesmith","The Servant 0.9.4","TheFirefly","TheSwordswoman","TheVacant","Wandering Minibosses","thorton"],"gold_per_floor":[119,194,194,215,0,40,40,64,91,52,52,75,75,99,99,99,99],"floor_reached":16,"playtime":1155,"items_purged":[],"score":125,"play_id":"c838af61-2193-43a6-8500-e5f79dfff12b","local_time":"20201222161829","is_ascension_mode":false,"campfire_choices":[{"floor":13,"key":"REST"},{"floor":15,"key":"REST"}],"circlet_count":0,"master_deck":["Corpse Explosion","conspire:GhostlyStrike","conspire:GhostlyStrike","conspire:GhostlyStrike","conspire:GhostlyStrike","conspire:GhostlyStrike","conspire:GhostlyDefend","conspire:GhostlyDefend","conspire:GhostlyDefend","chefmod:QuickThaw","chefmod:TodaysSpecial","chefmod:FreezeSolid","chefmod:CleanHouse","chefmod:HotSoup","chefmod:IcePick","Injury","chefmod:Granita","Enlightenment","chefmod:IcePick","chefmod:Gelato","chefmod:FryPan+1","chefmod:QuickChop","chefmod:Sorbet"],"relics":["chefmod:TrustyPot","conspire:TreasureMap","infinitespire:EmpoweringShard","Bag of Marbles","Bottled Lightning","Golden Idol","hubris:DeckOfHolding"],"acts_visited":["Exordium"],"potions_floor_usage":[16],"damage_taken":[{"damage":1,"enemies":"Jaw Worm","floor":1,"turns":3},{"damage":0,"enemies":"Small Slimes","floor":4,"turns":2},{"damage":17,"enemies":"3 Sentries","floor":6,"turns":5},{"damage":0,"enemies":"conspire:RoseBush","floor":8,"turns":3},{"damage":0,"enemies":"Lots of Slimes","floor":12,"turns":1},{"damage":0,"enemies":"Looter","floor":14,"turns":3},{"damage":76,"enemies":"Fading Forest","floor":16,"turns":9}],"seed_played":"1559682310266071988","potions_obtained":[{"floor":6,"key":"blueLaboratory:AbyssPotion"},{"floor":11,"key":"blueLaboratory:ExaltedPotion"},{"floor":11,"key":"blueLaboratory:LouseDecoction"}],"is_trial":false,"path_per_floor":["M","?","?","M","?","E","?","M","T","$","?","M","R","M","R","B"],"character_chosen":"THE_CHEF","items_purchased":["chefmod:FreezeSolid","conspire:TreasureMap","infinitespire:EmpoweringShard","Bag of Marbles","chefmod:CleanHouse","chefmod:HotSoup","Bottled Lightning","chefmod:FryPan+1"],"campfire_rested":2,"item_purchase_floors":[0,0,0,0,0,0,0,10],"current_hp_per_floor":[40,29,29,29,35,18,18,18,18,18,18,18,42,42,66,0,0],"gold":99,"neow_bonus":"","is_daily":false,"chose_seed":false,"campfire_upgraded":0,"win_rate":0.0,"timestamp":1608671909,"path_taken":["M","?","?","M","?","E","?","M","T","$","?","M","R","M","R","BOSS"],"items_purchased_type":["Card","Relic","Relic","Relic","Card","Card","Relic","Card"],"build_version":"2020-12-13","purchased_purges":0,"victory":false,"max_hp_per_floor":[76,76,76,76,82,82,82,82,82,82,82,82,82,82,82,82,82],"card_choices":[{"not_picked":["chefmod:Fillet","chefmod:BaoBuns"],"picked":"chefmod:IcePick","floor":1},{"not_picked":["chefmod:SliceAndDice","chefmod:Defrost"],"picked":"chefmod:Granita","floor":4},{"not_picked":["chefmod:SliceAndDice","chefmod:DimSum"],"picked":"chefmod:IcePick","floor":6},{"not_picked":["chefmod:Ratatouille","chefmod:Sorbet"],"picked":"chefmod:Gelato","floor":8},{"not_picked":["chefmod:Granita","chefmod:Fillet"],"picked":"chefmod:QuickChop","floor":12},{"not_picked":["chefmod:Bruschetta","chefmod:DinoKale"],"picked":"chefmod:Sorbet","floor":14}],"player_experience":376087,"relics_obtained":[{"floor":6,"key":"hubris:DeckOfHolding"}],"event_choices":[{"damage_healed":0,"gold_gain":75,"player_choice":"Gold","damage_taken":11,"max_hp_gain":0,"max_hp_loss":0,"event_name":"betterThird:BetterGoop","floor":2,"gold_loss":0},{"damage_healed":0,"gold_gain":0,"player_choice":"Take Wound","damage_taken":0,"relics_obtained":["Golden Idol"],"max_hp_gain":0,"max_hp_loss":0,"event_name":"Golden Idol","floor":3,"gold_loss":0,"cards_obtained":["Injury"]},{"damage_healed":0,"gold_gain":0,"player_choice":"RENOUNCE","damage_taken":215,"max_hp_gain":0,"max_hp_loss":0,"event_name":"betterThird:BetterSerpent","floor":5,"gold_loss":215,"cards_obtained":["Enlightenment"]},{"damage_healed":0,"gold_gain":0,"player_choice":"Agree","damage_taken":0,"max_hp_gain":0,"max_hp_loss":0,"event_name":"conspire:LoneGhost","floor":7,"gold_loss":0},{"damage_healed":0,"gold_gain":0,"player_choice":"Got Potions","damage_taken":0,"max_hp_gain":0,"max_hp_loss":0,"event_name":"Lab","floor":11,"gold_loss":0}],"is_beta":false,"boss_relics":[],"items_purged_floors":[],"is_endless":false,"potions_floor_spawned":[6,12],"killed_by":"Fading Forest","ascension_level":0}}