{"host":"8u7tvcybuv0u72fd","time":1608616051,"event":{"mods":["BaseMod","BetterRewards","Colored Map","Colored Powertips","Minty Spire (QoL Compilation)","Quick Restart","Shop Mod"],"gold_per_floor":[41,56,56,56,131,131,96,113,113,132,87,117,131,148,148,247,247,231,231,243,8,19,19,36,36,61,72,72,72,72,91,91,192,192,205,251,126,142,154,171,171,0,0,0,19,19,19,19,19,19],"floor_reached":51,"playtime":3393,"items_purged":["Strike_R","Strike_R","Decay"],"score":949,"play_id":"8e3eac91-053d-4995-9ffd-5da6f43a17b8","local_time":"20201222004731","is_ascension_mode":false,"campfire_choices":[{"data":"Uppercut","floor":6.0,"key":"SMITH"},{"data":"Bash","floor":15.0,"key":"SMITH"},{"data":"Barricade","floor":23.0,"key":"SMITH"},{"data":"Body Slam","floor":30.0,"key":"SMITH"},{"data":"Berserk","floor":32.0,"key":"SMITH"},{"data":"Double Tap","floor":41.0,"key":"SMITH"},{"data":"Shrug It Off","floor":44,"key":"SMITH"},{"data":"Defend_R","floor":47,"key":"SMITH"},{"data":"Defend_R","floor":49,"key":"SMITH"}],"circlet_count":0,"master_deck":["Strike_R","Strike_R","Strike_R","Defend_R","Defend_R+1","Defend_R+1","Defend_R+1","Bash+1","Battle Trance+1","Uppercut+1","Shrug It Off+1","Barricade+1","Headbutt+1","Body Slam+1","Double Tap+1"],"relics":["Burning Blood","Blood Vial","ClockworkSouvenir","Champion Belt","Happy Flower","Strawberry","Sundial","Red Skull","Runic Pyramid","Lantern","Busted Crown","Pocketwatch","Red Mask","Bottled Tornado"],"acts_visited":["TheCity","TheBeyond"],"potions_floor_usage":[45,50,50],"damage_taken":[{"damage":3.0,"enemies":"2 Louse","floor":1.0,"turns":4.0},{"damage":2.0,"enemies":"Small Slimes","floor":2.0,"turns":3.0},{"damage":0.0,"enemies":"Cultist","floor":8.0,"turns":2.0},{"damage":2.0,"enemies":"Looter","floor":10.0,"turns":3.0},{"damage":11.0,"enemies":"Lagavulin","floor":12.0,"turns":6.0},{"damage":2.0,"enemies":"Exordium Thugs","floor":13.0,"turns":5.0},{"damage":1.0,"enemies":"2 Fungi Beasts","floor":14.0,"turns":3.0},{"damage":16.0,"enemies":"The Guardian","floor":16.0,"turns":10.0},{"damage":18.0,"enemies":"2 Thieves","floor":18.0,"turns":4.0},{"damage":0.0,"enemies":"Spheric Guardian","floor":20.0,"turns":6.0},{"damage":0.0,"enemies":"Shelled Parasite and Fungi","floor":22.0,"turns":5.0},{"damage":13.0,"enemies":"Snake Plant","floor":24.0,"turns":6.0},{"damage":5.0,"enemies":"Centurion and Healer","floor":27.0,"turns":4.0},{"damage":2.0,"enemies":"Chosen and Byrds","floor":31.0,"turns":6.0},{"damage":13.0,"enemies":"Collector","floor":33.0,"turns":11.0},{"damage":12.0,"enemies":"Orb Walker","floor":35.0,"turns":3.0},{"damage":41.0,"enemies":"2 Orb Walkers","floor":36.0,"turns":5.0},{"damage":23.0,"enemies":"3 Darklings","floor":38.0,"turns":6.0},{"damage":0.0,"enemies":"Maw","floor":39.0,"turns":6.0},{"damage":0.0,"enemies":"Transient","floor":40.0,"turns":5.0},{"damage":15,"enemies":"3 Darklings","floor":45,"turns":7},{"damage":39,"enemies":"Donu and Deca","floor":50,"turns":8}],"seed_played":"5543489462894451656","potions_obtained":[{"floor":2.0,"key":"Explosive Potion"},{"floor":10.0,"key":"Dexterity Potion"},{"floor":13.0,"key":"EntropicBrew"},{"floor":16.0,"key":"HeartOfIron"},{"floor":19.0,"key":"EntropicBrew"},{"floor":22.0,"key":"BloodPotion"},{"floor":33.0,"key":"DistilledChaos"},{"floor":36.0,"key":"SpeedPotion"},{"floor":39.0,"key":"Block Potion"},{"floor":40.0,"key":"Regen Potion"}],"is_trial":false,"path_per_floor":["M","M","?","?","?","R","?","M","T","M","$","E","M","M","R","B",null,"M","?","M","$","M","R","M","?","T","M","$","$","R","M","R","B",null,"M","?","$","M","M","M","R","?","T","R","M","?","R","$","R","B",null],"character_chosen":"IRONCLAD","items_purchased":["Blood Vial","ClockworkSouvenir","Happy Flower","Shrug It Off","Berserk"],"campfire_rested":0,"item_purchase_floors":[0,0,0,11,21],"current_hp_per_floor":[49,55,50,33,22,22,43,51,51,57,57,54,60,67,67,59,87,75,75,87,87,87,87,80,80,80,83,83,83,83,87,87,80,87,81,48,48,33,41,66,66,66,66,66,74,74,74,74,74,43],"gold":19,"neow_bonus":"","is_daily":false,"chose_seed":false,"campfire_upgraded":9,"win_rate":0.0,"timestamp":1608616051,"path_taken":["M","M","?","?","?","R","?","M","T","M","?","E","?","M","R","BOSS","M","?","M","$","?","R","M","?","T","M","?","$","R","M","R","BOSS","M","?","$","M","M","M","R","?","T","R","M","?","R","?","R","BOSS"],"items_purchased_type":["Relic","Relic","Relic","Card","Card"],"build_version":"2020-12-13","purchased_purges":3,"victory":true,"max_hp_per_floor":[80,80,87,87,87,87,87,87,87,87,87,87,87,87,87,87,87,87,87,87,87,87,87,87,87,87,87,87,87,87,87,87,87,87,87,87,87,87,87,87,87,87,87,87,87,87,87,87,87,87],"card_choices":[{"not_picked":["Perfected Strike","Thunderclap"],"picked":"Battle Trance","floor":1.0},{"not_picked":["Perfected Strike","Wild Strike"],"picked":"Uppercut","floor":2.0},{"not_picked":["Iron Wave","Flex","Armaments"],"picked":"SKIP","floor":8.0},{"not_picked":["Clothesline","Sever Soul","Dual Wield"],"picked":"SKIP","floor":10.0},{"not_picked":["Clothesline","Sword Boomerang","Uppercut"],"picked":"SKIP","floor":12.0},{"not_picked":["Perfected Strike","Flex","Disarm"],"picked":"SKIP","floor":13.0},{"not_picked":["Shockwave","Rupture","Metallicize"],"picked":"SKIP","floor":14.0},{"not_picked":["Feed","Impervious"],"picked":"Barricade","floor":16.0},{"not_picked":["Wild Strike","Perfected Strike","Anger"],"picked":"SKIP","floor":18.0},{"not_picked":["Anger","Shrug It Off+1"],"picked":"Headbutt+1","floor":20.0},{"not_picked":["Corruption","Headbutt"],"picked":"Body Slam","floor":22.0},{"not_picked":["Body Slam","Thunderclap","Pommel Strike"],"picked":"SKIP","floor":24.0},{"not_picked":["Thunderclap","Rupture+1","Bloodletting"],"picked":"SKIP","floor":27.0},{"not_picked":["Warcry","Feel No Pain","Hemokinesis"],"picked":"SKIP","floor":31.0},{"not_picked":["Bludgeon","Demon Form"],"picked":"Double Tap","floor":33.0},{"not_picked":["Infernal Blade"],"picked":"SKIP","floor":35.0},{"not_picked":["Shockwave"],"picked":"SKIP","floor":38.0},{"not_picked":["Rupture+1"],"picked":"SKIP","floor":39.0},{"not_picked":["Dark Embrace"],"picked":"SKIP","floor":40.0},{"not_picked":["Shrug It Off+1"],"picked":"SKIP","floor":45}],"player_experience":1196633,"relics_obtained":[{"floor":9.0,"key":"Sundial"},{"floor":12.0,"key":"Red Skull"},{"floor":26.0,"key":"Lantern"},{"floor":36.0,"key":"Pocketwatch"},{"floor":43,"key":"Bottled Tornado"}],"event_choices":[{"damage_healed":0.0,"max_hp_gain":0.0,"max_hp_loss":0.0,"gold_gain":0.0,"event_name":"Scrap Ooze","player_choice":"Success","floor":3.0,"gold_loss":0.0,"damage_taken":12.0,"relics_obtained":["Strawberry"]},{"damage_healed":0.0,"max_hp_gain":0.0,"max_hp_loss":0.0,"gold_gain":0.0,"event_name":"Shining Light","player_choice":"Entered Light","floor":4.0,"gold_loss":0.0,"damage_taken":17.0,"cards_upgraded":["Battle Trance","Defend_R"]},{"damage_healed":0.0,"max_hp_gain":0.0,"max_hp_loss":0.0,"gold_gain":75.0,"event_name":"World of Goop","player_choice":"Gather Gold","floor":5.0,"gold_loss":0.0,"damage_taken":11.0},{"damage_healed":21.0,"max_hp_gain":0.0,"max_hp_loss":0.0,"gold_gain":0.0,"event_name":"The Cleric","player_choice":"Healed","floor":7.0,"gold_loss":35.0,"damage_taken":0.0},{"damage_healed":0.0,"max_hp_gain":0.0,"max_hp_loss":0.0,"gold_gain":0.0,"event_name":"Lab","player_choice":"Got Potions","floor":19.0,"gold_loss":0.0,"damage_taken":0.0},{"damage_healed":0.0,"max_hp_gain":0.0,"max_hp_loss":0.0,"gold_gain":0.0,"event_name":"Wheel of Change","player_choice":"Cursed","floor":25.0,"gold_loss":0.0,"damage_taken":0.0,"cards_obtained":["Decay"]},{"damage_healed":0.0,"max_hp_gain":0.0,"max_hp_loss":0.0,"gold_gain":0.0,"event_name":"Mysterious Sphere","player_choice":"Fight","floor":36.0,"gold_loss":0.0,"damage_taken":0.0},{"damage_healed":0,"gold_gain":0,"player_choice":"Paid","damage_taken":0,"relics_obtained":["Red Mask"],"max_hp_gain":0,"max_hp_loss":0,"event_name":"Tomb of Lord Red Mask","floor":42,"gold_loss":171},{"cards_removed":["Berserk"],"damage_healed":0,"gold_gain":0,"player_choice":"Removed Power","damage_taken":0,"max_hp_gain":0,"max_hp_loss":0,"event_name":"Falling","floor":46,"gold_loss":0}],"is_beta":false,"boss_relics":[{"not_picked":["Runic Cube","Philosopher\u0027s Stone"],"picked":"Runic Pyramid"},{"not_picked":["Pandora\u0027s Box","Black Blood"],"picked":"Busted Crown"}],"items_purged_floors":[0,21,37],"is_endless":false,"potions_floor_spawned":[2,10,13,16,22,33,36,39,40],"ascension_level":0}}