{"host":"92108ef2q9tm8rod","time":1608662646,"event":{"mods":["BaseMod","Defuse TimeMaze Blight","Minty Spire (QoL Compilation)","StSLib","The Jungle"],"gold_per_floor":[114,34,44,54,65,65,65,65,140,157,157,157,171,185,185,292,342,355,280,292,292,307,307,339,350,350,365,365,365,365,392,392,502,502,512,171,183,210,190,221,221,65,65,84,84,103,121,150,150,150],"floor_reached":51,"playtime":3188,"items_purged":["Dash","PiercingWail"],"score":939,"play_id":"ca56d66b-cad9-4b89-aa8e-8c2a9f9597c0","local_time":"20201222184406","daily_mods":["SealedDeck","Vintage","Heirloom"],"is_ascension_mode":false,"campfire_choices":[{"data":"Noxious Fumes","floor":6,"key":"SMITH"},{"data":"Noxious Fumes","floor":8,"key":"SMITH"},{"data":"Bouncing Flask","floor":12,"key":"SMITH"},{"data":"Deflect","floor":15,"key":"SMITH"},{"data":"Envenom","floor":23,"key":"SMITH"},{"floor":28,"key":"REST"},{"floor":32,"key":"DIG"},{"floor":41,"key":"DIG"},{"data":"Bane","floor":45,"key":"SMITH"},{"data":"Deadly Poison","floor":49,"key":"SMITH"}],"circlet_count":0,"master_deck":["Dash+1","Deflect+1","Bane+1","Backflip+1","Backstab+1","Noxious Fumes+1","Bouncing Flask+1","Deadly Poison+1","Noxious Fumes+1","Envenom+1","After Image"],"relics":["Ring of the Snake","Tough Bandages","Blood Vial","CeramicFish","Thread and Needle","Omamori","Shuriken","Orichalcum","Blue Candle","Potion Belt","Calipers","Tiny House","Dream Catcher","Tiny Chest","Regal Pillow","Shovel","Mummified Hand","Pantograph","Anchor","InkBottle","Bird Faced Urn","Calling Bell","Art of War","Letter Opener","Ginger","Vajra","Oddly Smooth Stone","Pen Nib","PreservedInsect","Smiling Mask","Strawberry","Whetstone","Bottled Tornado","Gremlin Horn","Centennial Puzzle","Lizard Tail"],"acts_visited":["Exordium","Exordium","TheBeyond"],"potions_floor_usage":[25,35,35,36,40,50,50],"damage_taken":[{"damage":0,"enemies":"2 Louse","floor":1,"turns":2},{"damage":0,"enemies":"Cultist","floor":3,"turns":3},{"damage":0,"enemies":"Jaw Worm","floor":4,"turns":3},{"damage":0,"enemies":"Red Slaver","floor":5,"turns":3},{"damage":0,"enemies":"2 Fungi Beasts","floor":10,"turns":3},{"damage":0,"enemies":"Large Slime","floor":13,"turns":5},{"damage":0,"enemies":"Looter","floor":14,"turns":3},{"damage":15,"enemies":"Hexaghost","floor":16,"turns":7},{"damage":1,"enemies":"theJungle:MUSHROOMGANG","floor":18,"turns":4},{"damage":0,"enemies":"theJungle:GiantWrat","floor":20,"turns":5},{"damage":7,"enemies":"Snake Plant","floor":22,"turns":4},{"damage":38,"enemies":"theJungle:MamaSnecko","floor":24,"turns":6},{"damage":0,"enemies":"theJungle:SlimyTreeVines","floor":25,"turns":7},{"damage":0,"enemies":"theJungle:2_Flameangoes","floor":27,"turns":5},{"damage":3,"enemies":"theJungle:2_Phrogs","floor":31,"turns":6},{"damage":0,"enemies":"theJungle:FunGuy","floor":33,"turns":8},{"damage":4,"enemies":"3 Shapes","floor":35,"turns":4},{"damage":0,"enemies":"Orb Walker","floor":37,"turns":3},{"damage":0,"enemies":"Giant Head","floor":40,"turns":6},{"damage":0,"enemies":"Maw","floor":44,"turns":5},{"damage":0,"enemies":"Spire Growth","floor":46,"turns":4},{"damage":0,"enemies":"4 Shapes","floor":47,"turns":3},{"damage":0,"enemies":"Nemesis","floor":48,"turns":5},{"damage":0,"enemies":"Awakened One","floor":50,"turns":13}],"seed_played":"749827204031085588","potions_obtained":[{"floor":1,"key":"SneckoOil"},{"floor":3,"key":"CunningPotion"},{"floor":5,"key":"FairyPotion"},{"floor":17,"key":"SneckoOil"},{"floor":20,"key":"Ancient Potion"},{"floor":27,"key":"Weak Potion"},{"floor":31,"key":"Regen Potion"},{"floor":33,"key":"Explosive Potion"},{"floor":39,"key":"BlessingOfTheForge"},{"floor":40,"key":"LiquidBronze"},{"floor":46,"key":"GamblersBrew"}],"is_trial":true,"path_per_floor":["M","$","M","M","M","R","?","R","T","M","?","R","M","M","R","B",null,"M","$","M","?","M","R","E","M","T","M","R","?","?","E","R","B",null,"M","$","M","T","?","E","R","$","T","M","R","M","M","E","R","B",null],"character_chosen":"THE_SILENT","items_purchased":["Noxious Fumes","Oddly Smooth Stone","Fruit Juice","Whetstone"],"campfire_rested":1,"item_purchase_floors":[2,36,36,42],"current_hp_per_floor":[70,70,70,70,70,70,70,70,70,70,70,70,70,70,70,55,75,74,74,75,75,68,68,32,40,40,42,75,75,75,72,72,75,75,71,76,80,80,80,80,87,87,87,87,87,87,87,87,87,87],"gold":150,"neow_bonus":"","is_daily":false,"chose_seed":false,"campfire_upgraded":7,"win_rate":0.0,"timestamp":1608662646,"path_taken":["M","$","M","M","M","R","?","R","T","?","?","R","M","M","R","BOSS","M","$","M","?","M","R","E","M","T","M","R","?","?","E","R","BOSS","M","$","M","?","?","E","R","$","T","M","R","M","M","E","R","BOSS"],"items_purchased_type":["Card","Relic","Potion","Relic"],"build_version":"2020-12-13","purchased_purges":2,"victory":true,"max_hp_per_floor":[70,70,70,70,70,70,70,70,70,70,70,70,70,70,70,70,75,75,75,75,75,75,75,75,75,75,75,75,75,75,75,75,75,75,75,80,80,80,80,80,87,87,87,87,87,87,87,87,87,87],"card_choices":[{"not_picked":["Night Terror","After Image"],"picked":"Envenom","floor":16},{"not_picked":["Deflect","Bane","Cloak And Dagger+1"],"picked":"SKIP","floor":24},{"not_picked":["Cloak And Dagger","Backflip","Dagger Throw"],"picked":"SKIP","floor":31},{"not_picked":["Grand Finale","Phantasmal Killer"],"picked":"After Image","floor":33},{"not_picked":["Storm of Steel","Blade Dance","Blur+1"],"picked":"SKIP","floor":40},{"not_picked":["Setup","Crippling Poison","Burst"],"picked":"SKIP","floor":48}],"player_experience":3172325,"relics_obtained":[{"floor":1,"key":"Blood Vial"},{"floor":3,"key":"CeramicFish"},{"floor":4,"key":"Thread and Needle"},{"floor":5,"key":"Omamori"},{"floor":9,"key":"Shuriken"},{"floor":10,"key":"Orichalcum"},{"floor":13,"key":"Potion Belt"},{"floor":14,"key":"Calipers"},{"floor":18,"key":"Dream Catcher"},{"floor":20,"key":"Tiny Chest"},{"floor":22,"key":"Regal Pillow"},{"floor":24,"key":"Shovel"},{"floor":25,"key":"Mummified Hand"},{"floor":26,"key":"Pantograph"},{"floor":27,"key":"Anchor"},{"floor":31,"key":"InkBottle"},{"floor":32,"key":"Bird Faced Urn"},{"floor":34,"key":"Art of War"},{"floor":34,"key":"Letter Opener"},{"floor":34,"key":"Ginger"},{"floor":35,"key":"Vajra"},{"floor":37,"key":"Pen Nib"},{"floor":38,"key":"PreservedInsect"},{"floor":40,"key":"Smiling Mask"},{"floor":41,"key":"Strawberry"},{"floor":43,"key":"Bottled Tornado"},{"floor":44,"key":"Gremlin Horn"},{"floor":47,"key":"Centennial Puzzle"},{"floor":48,"key":"Lizard Tail"}],"event_choices":[{"damage_healed":0,"gold_gain":0,"player_choice":"Ignored","damage_taken":0,"max_hp_gain":0,"max_hp_loss":0,"event_name":"NoteForYourself","floor":7,"gold_loss":0},{"damage_healed":0,"gold_gain":0,"player_choice":"Gave Potion","damage_taken":0,"relics_obtained":["Blue Candle"],"max_hp_gain":0,"max_hp_loss":0,"event_name":"WeMeetAgain","floor":11,"gold_loss":0},{"damage_healed":0,"gold_gain":0,"player_choice":"Bought 1 Potion","damage_taken":0,"max_hp_gain":0,"max_hp_loss":0,"event_name":"The Woman in Blue","floor":39,"gold_loss":0}],"is_beta":false,"boss_relics":[{"not_picked":["Philosopher\u0027s Stone","Cursed Key"],"picked":"Tiny House"},{"not_picked":["Snecko Eye","Coffee Dripper"],"picked":"Calling Bell"}],"items_purged_floors":[19,36],"is_endless":false,"potions_floor_spawned":[1,3,5,20,27,31,33,40,46],"ascension_level":0}}