{"host":"1kq2ingo3j45gyyp","time":1608602590,"event":{"mods":["BaseMod","Better Note","Better Third Choice","Minty Spire (QoL Compilation)","StSLib"],"gold_per_floor":[115,131,142,142,142,142,168,168,217,249,103,103,117,134,134,231,231,231,231,13,0,0],"floor_reached":21,"playtime":821,"items_purged":[],"score":212,"play_id":"80489af1-767a-45b8-beca-bb478768cd4e","local_time":"20201221210310","daily_mods":["Draft","ControlledChaos","Binary"],"is_ascension_mode":false,"campfire_choices":[{"data":"Metallicize","floor":6,"key":"SMITH"},{"data":"Metallicize","floor":15,"key":"SMITH"}],"circlet_count":0,"master_deck":["Feel No Pain","Shrug It Off","Bloodletting","Havoc","Inflame","Intimidate","Fire Breathing","Flex","Flame Barrier","Flex","Second Wind","Evolve","Body Slam","Sentinel","Metallicize+1","Metallicize+1","Immolate","Flame Barrier","Barricade","Fiend Fire","Metallicize"],"relics":["Burning Blood","Frozen Eye","Bottled Lightning","Pocketwatch","Dream Catcher","Letter Opener","PreservedInsect","Ectoplasm","Oddly Smooth Stone"],"acts_visited":["Exordium","TheCity"],"potions_floor_usage":[],"damage_taken":[{"damage":1,"enemies":"Jaw Worm","floor":1,"turns":5},{"damage":13,"enemies":"Cultist","floor":2,"turns":5},{"damage":0,"enemies":"Small Slimes","floor":3,"turns":5},{"damage":4,"enemies":"3 Sentries","floor":7,"turns":6},{"damage":6,"enemies":"Lagavulin","floor":10,"turns":7},{"damage":12,"enemies":"Looter","floor":13,"turns":4},{"damage":6,"enemies":"Blue Slaver","floor":14,"turns":4},{"damage":32,"enemies":"Hexaghost","floor":16,"turns":8},{"damage":6,"enemies":"Shell Parasite","floor":18,"turns":11},{"damage":12,"enemies":"2 Thieves","floor":21,"turns":4}],"seed_played":"3583614477116919056","potions_obtained":[{"floor":1,"key":"FairyPotion"},{"floor":2,"key":"Ancient Potion"},{"floor":13,"key":"SneckoOil"}],"is_trial":true,"path_per_floor":["M","M","M","?","T","R","E","?","T","E","$","?","M","M","R","B",null,"M","?","$","M"],"character_chosen":"IRONCLAD","items_purchased":["PreservedInsect","Oddly Smooth Stone","Metallicize"],"campfire_rested":0,"item_purchase_floors":[11,20,20],"current_hp_per_floor":[80,73,79,79,79,79,80,80,80,80,80,85,79,79,79,53,85,85,85,85,73,73],"gold":0,"neow_bonus":"","is_daily":false,"chose_seed":false,"campfire_upgraded":2,"win_rate":0.0,"timestamp":1608602590,"path_taken":["M","M","?","?","?","R","E","?","T","E","$","?","M","M","R","BOSS","M","?","$","M"],"items_purchased_type":["Relic","Relic","Card"],"build_version":"2020-12-13","purchased_purges":0,"victory":false,"max_hp_per_floor":[80,80,80,80,80,80,80,80,80,80,80,85,85,85,85,85,85,85,85,85,85,85],"card_choices":[{"not_picked":["Flame Barrier","Iron Wave"],"picked":"Feel No Pain","floor":0},{"not_picked":["Warcry","Sword Boomerang"],"picked":"Shrug It Off","floor":0},{"not_picked":["Rampage","Perfected Strike"],"picked":"Bloodletting","floor":0},{"not_picked":["Burning Pact","Sword Boomerang"],"picked":"Havoc","floor":0},{"not_picked":["True Grit","Pommel Strike"],"picked":"Inflame","floor":0},{"not_picked":["Cleave","Clash"],"picked":"Intimidate","floor":0},{"not_picked":["Twin Strike","Headbutt"],"picked":"Fire Breathing","floor":0},{"not_picked":["Heavy Blade","Sword Boomerang"],"picked":"Flex","floor":0},{"not_picked":["Seeing Red","Shrug It Off"],"picked":"Flame Barrier","floor":0},{"not_picked":["Clash","True Grit"],"picked":"Flex","floor":0},{"not_picked":["Twin Strike","Cleave"],"picked":"Second Wind","floor":0},{"not_picked":["Searing Blow","Armaments"],"picked":"Evolve","floor":0},{"not_picked":["Anger","Warcry"],"picked":"Body Slam","floor":0},{"not_picked":["Flex","Cleave"],"picked":"Sentinel","floor":0},{"not_picked":["Sever Soul","Clothesline"],"picked":"Metallicize","floor":0},{"not_picked":["Pommel Strike","Combust"],"picked":"SKIP","floor":1},{"not_picked":["Headbutt"],"picked":"Metallicize","floor":2},{"not_picked":["Clothesline","Cleave"],"picked":"SKIP","floor":3},{"not_picked":["Power Through","Clothesline"],"picked":"SKIP","floor":7},{"not_picked":["Anger"],"picked":"Immolate","floor":10},{"not_picked":["Headbutt","Clothesline"],"picked":"SKIP","floor":13},{"not_picked":["Perfected Strike"],"picked":"Flame Barrier","floor":14},{"not_picked":["Double Tap"],"picked":"Barricade","floor":16},{"not_picked":["Rampage","Shrug It Off"],"picked":"SKIP","floor":18}],"player_experience":802017,"relics_obtained":[{"floor":5,"key":"Bottled Lightning"},{"floor":7,"key":"Pocketwatch"},{"floor":9,"key":"Dream Catcher"},{"floor":10,"key":"Letter Opener"}],"event_choices":[{"damage_healed":0,"gold_gain":0,"player_choice":"Leave","damage_taken":0,"max_hp_gain":0,"max_hp_loss":0,"event_name":"The Cleric","floor":4,"gold_loss":0},{"damage_healed":0,"gold_gain":0,"player_choice":"Ignored","damage_taken":0,"max_hp_gain":0,"max_hp_loss":0,"event_name":"Golden Wing","floor":8,"gold_loss":0},{"damage_healed":0,"gold_gain":0,"player_choice":"Donut","damage_taken":0,"max_hp_gain":5,"max_hp_loss":0,"event_name":"Big Fish","floor":12,"gold_loss":0},{"damage_healed":0,"gold_gain":0,"player_choice":"1 cards matched","damage_taken":0,"max_hp_gain":0,"max_hp_loss":0,"event_name":"Match and Keep!","floor":19,"gold_loss":0,"cards_obtained":["Fiend Fire"]}],"is_beta":false,"boss_relics":[{"not_picked":["Runic Dome","SlaversCollar"],"picked":"Ectoplasm"}],"items_purged_floors":[],"is_endless":false,"potions_floor_spawned":[1,2,13,18],"killed_by":"2 Thieves","ascension_level":0}}