{"host":"lmshf3swj20gmdor","time":1608678973,"event":{"mods":["Aspiration","BaseMod","Conspire","Downfall","Hubris","Mad Scientist","Minty Spire (QoL Compilation)","Replay The Spire","Spikes Relics","StSLib","Synergy Search","The Construct"],"gold_per_floor":[110,110,110,72,92,92,118,133,157,190,216,216,216,242,242,345,345,362,218,218,285,295,322,322,322,371,371,390,422,439,439,439,536,636,649,700,720,643,663,695,695,726,795,823,676,701,701,719,719,719],"floor_reached":51,"playtime":1370,"items_purged":[],"score":1295,"play_id":"6b928973-02bf-4885-901f-54ac19bf42c4","local_time":"20201222231613","is_ascension_mode":true,"campfire_choices":[{"data":"FTL","floor":6,"key":"SMITH"},{"data":"1","floor":12,"key":"LIFT"},{"floor":15,"key":"REST"},{"floor":25,"key":"REST"},{"data":"2","floor":27,"key":"LIFT"},{"data":"3","floor":32,"key":"LIFT"},{"data":"Barrage","floor":41,"key":"SMITH"},{"floor":47,"key":"REST"},{"data":"Echo Form","floor":49,"key":"SMITH"}],"circlet_count":0,"master_deck":["conspire:GhostlyStrike","conspire:GhostlyStrike","conspire:GhostlyStrike","conspire:GhostlyStrike","conspire:GhostlyDefend","conspire:GhostlyDefend","conspire:GhostlyDefend","conspire:GhostlyDefend","Zap+1","Dualcast","Ball Lightning","FTL+1","Gash","Echo Form+1","Ball Lightning","Barrage+1","hubris:Ukulele+1","Auto Shields+1","Self Repair","Lockon+1","hubris:PowerSurge+1"],"relics":["Cracked Core","NeowsBlessing","Regal Pillow","Bag of Preparation","Girya","Odd Mushroom","Strawberry","SuspiciousGoo","AncientExoskeleton","Replay:Baseball","hubris:Towel","Replay:Rubber Ducky","aspiration:EnhancedActuators","conspire:TopHat","Gremlin Horn","hubris:GlazedTorus","Replay:Wanted Poster","WizardHat","Toy Ornithopter","Oddly Smooth Stone","Blue Candle","Replay:Multitool","Runic Capacitor","BicycleWheel"],"acts_visited":["Exordium","TheCity","TheBeyond"],"potions_floor_usage":[14,22,33,36,50,50],"damage_taken":[{"damage":0,"enemies":"Small Slimes","floor":1,"turns":1},{"damage":0,"enemies":"2 Louse","floor":5,"turns":1},{"damage":0,"enemies":"3 Sentries","floor":7,"turns":1},{"damage":1,"enemies":"Cultist","floor":8,"turns":3},{"damage":16,"enemies":"Gremlin Nob","floor":10,"turns":3},{"damage":13,"enemies":"The Mushroom Lair","floor":11,"turns":3},{"damage":17,"enemies":"Lagavulin","floor":14,"turns":3},{"damage":0,"enemies":"Slime Boss","floor":16,"turns":5},{"damage":22,"enemies":"2 Thieves","floor":18,"turns":3},{"damage":3,"enemies":"3 Byrds","floor":22,"turns":3},{"damage":14,"enemies":"Gremlin Leader","floor":23,"turns":4},{"damage":0,"enemies":"3 Cultists","floor":28,"turns":4},{"damage":13,"enemies":"conspire:Head Lice","floor":29,"turns":4},{"damage":0,"enemies":"Chosen and Byrds","floor":30,"turns":3},{"damage":38,"enemies":"Collector","floor":33,"turns":5},{"damage":0,"enemies":"Orb Walker","floor":35,"turns":2},{"damage":15,"enemies":"2 Orb Walkers","floor":36,"turns":3},{"damage":9,"enemies":"3 Darklings","floor":37,"turns":3},{"damage":0,"enemies":"Transient","floor":39,"turns":5},{"damage":0,"enemies":"R_Hoarder","floor":40,"turns":5},{"damage":10,"enemies":"Giant Head","floor":42,"turns":6},{"damage":36,"enemies":"Reptomancer","floor":44,"turns":4},{"damage":8,"enemies":"R_Hoarder","floor":46,"turns":6},{"damage":0,"enemies":"4 Shapes","floor":48,"turns":3},{"damage":48,"enemies":"Awakened One","floor":50,"turns":6}],"seed_played":"608372370683980979","potions_obtained":[{"floor":5,"key":"BlessingOfTheForge"},{"floor":7,"key":"SneckoOil"},{"floor":8,"key":"Doom Potion"},{"floor":14,"key":"Weak Potion"},{"floor":28,"key":"ColorlessPotion"},{"floor":37,"key":"Guardian:BlockOnCardUsePotion"},{"floor":39,"key":"sneckomod:MuddlingPotion"}],"is_trial":false,"path_per_floor":["M","?","?","$","M","R","E","M","T","E","?","R","?","E","R","B",null,"M","$","?","?","M","E","?","R","T","R","M","E","M","T","R","B",null,"M","?","M","$","M","E","R","E","T","E","$","E","R","M","R","B",null],"character_chosen":"DEFECT","items_purchased":["FTL","Replay:Baseball","Self Repair","Runic Capacitor"],"campfire_rested":3,"item_purchase_floors":[4,19,38,45],"current_hp_per_floor":[68,68,68,68,68,68,68,67,67,51,38,38,45,28,67,67,78,56,56,56,36,33,19,19,58,58,58,58,45,45,45,45,15,65,65,50,41,41,48,62,62,59,59,30,30,29,68,75,75,37],"gold":719,"neow_bonus":"THREE_ENEMY_KILL","is_daily":false,"chose_seed":false,"campfire_upgraded":3,"win_rate":0.0,"timestamp":1608678973,"path_taken":["M","?","?","$","M","R","E","M","T","E","?","R","?","E","R","BOSS","M","$","?","?","M","E","?","R","T","R","?","E","M","?","R","BOSS","M","?","M","$","M","E","R","E","T","E","$","E","R","M","R","BOSS"],"items_purchased_type":["Card","Relic","Card","Relic"],"build_version":"2020-12-13","purchased_purges":0,"victory":true,"max_hp_per_floor":[75,75,75,75,75,75,75,75,75,75,75,75,82,82,82,82,82,82,82,82,82,82,82,82,82,82,82,82,82,82,82,82,82,82,82,82,82,82,82,82,82,82,82,82,82,82,82,82,82,82],"card_choices":[{"not_picked":["Redo","Panic Button"],"picked":"Ball Lightning","floor":1},{"not_picked":["Hologram","Barrage"],"picked":"Gash","floor":5},{"not_picked":["Hologram","Leap"],"picked":"Echo Form","floor":7},{"not_picked":["Steam Power","Barrage"],"picked":"Ball Lightning","floor":8},{"not_picked":["ReplayTheSpireMod:GoodbyeWorld","Turbo"],"picked":"Barrage","floor":10},{"not_picked":["Glacier","Leap","Panic Button"],"picked":"SKIP","floor":14},{"not_picked":["Steam Power","Beam Cell","Stack"],"picked":"SKIP","floor":18},{"not_picked":["Streamline+1","Rebound","ReplayTheSpireMod:Repulse"],"picked":"SKIP","floor":22},{"not_picked":["Blizzard+1","Hyperbeam","Panic Button"],"picked":"SKIP","floor":23},{"not_picked":["Streamline","Reboot","Conserve Battery+1"],"picked":"SKIP","floor":28},{"not_picked":["Reinforced Body","ReplaySolidLightProjector","conspire:Rain"],"picked":"SKIP","floor":29},{"not_picked":["Sweeping Beam+1","DiskWipe+1","Hello World+1"],"picked":"SKIP","floor":30},{"not_picked":["Leap","ReplaySolidLightProjector","Consume+1"],"picked":"SKIP","floor":35},{"not_picked":["Rebound+1","RefreshScreen+1"],"picked":"hubris:Ukulele+1","floor":36},{"not_picked":["Lockon","Darkness"],"picked":"Auto Shields+1","floor":37},{"not_picked":["Redo","RefreshScreen","Gash+1"],"picked":"SKIP","floor":39},{"not_picked":["Compile Driver","Sweeping Beam+1"],"picked":"Lockon+1","floor":40},{"not_picked":["Leap","ReplayTheSpireMod:System Scan+1","Hologram+1"],"picked":"SKIP","floor":42},{"not_picked":["Time Bomb","Hologram+1","Darkness"],"picked":"SKIP","floor":44},{"not_picked":["aspiration:Polymerization","BasicCrystalCard"],"picked":"hubris:PowerSurge+1","floor":46},{"not_picked":["Chaos+1","FTL+1","Sweeping Beam+1"],"picked":"SKIP","floor":48}],"player_experience":839281,"relics_obtained":[{"floor":7,"key":"Regal Pillow"},{"floor":9,"key":"Bag of Preparation"},{"floor":10,"key":"Girya"},{"floor":11,"key":"Odd Mushroom"},{"floor":13,"key":"Strawberry"},{"floor":14,"key":"SuspiciousGoo"},{"floor":21,"key":"Replay:Rubber Ducky"},{"floor":23,"key":"aspiration:EnhancedActuators"},{"floor":26,"key":"conspire:TopHat"},{"floor":29,"key":"Gremlin Horn"},{"floor":31,"key":"hubris:GlazedTorus"},{"floor":36,"key":"WizardHat"},{"floor":40,"key":"Toy Ornithopter"},{"floor":42,"key":"Oddly Smooth Stone"},{"floor":43,"key":"Blue Candle"},{"floor":44,"key":"Replay:Multitool"},{"floor":46,"key":"BicycleWheel"}],"event_choices":[{"damage_healed":0,"gold_gain":0,"player_choice":"Agree","damage_taken":0,"max_hp_gain":0,"max_hp_loss":0,"event_name":"conspire:LoneGhost","floor":2,"gold_loss":0},{"damage_healed":0,"gold_gain":0,"player_choice":"Fought Mushrooms","damage_taken":0,"max_hp_gain":0,"max_hp_loss":0,"event_name":"Mushrooms","floor":11,"gold_loss":0},{"damage_healed":0,"gold_gain":0,"player_choice":"Relic","damage_taken":0,"max_hp_gain":0,"max_hp_loss":0,"event_name":"Wheel of Change","floor":13,"gold_loss":0},{"damage_healed":0,"gold_gain":0,"player_choice":"Leave","damage_taken":0,"max_hp_gain":0,"max_hp_loss":0,"event_name":"conspire:Investor","floor":24,"gold_loss":0},{"damage_healed":0,"gold_gain":0,"player_choice":"Fight","damage_taken":0,"max_hp_gain":0,"max_hp_loss":0,"event_name":"Mysterious Sphere","floor":36,"gold_loss":0}],"is_beta":false,"boss_relics":[{"not_picked":["Ring of Chaos","SacredBark"],"picked":"AncientExoskeleton"},{"not_picked":["Runic Pyramid","Abe\u0027s Treasure"],"picked":"Replay:Wanted Poster"}],"items_purged_floors":[],"is_endless":false,"potions_floor_spawned":[5,7,8,10,14,28,29,37,39,42,48],"ascension_level":7}}