{"host":"tpbmol9dayg75a5s","time":1608652821,"event":{"mods":["2.2 Compatiblity","Act Like it!","BaseMod","Bestiary","Block Reminder","Colored Powertips","Downfall","Gensokyo","Minty Spire (QoL Compilation)","Relic Stats","StSLib"],"gold_per_floor":[117,34,46,63,19,19,39,56,56,86,86,104,104,124,124,196,196,216,232,69,69,89,89,123,123,123,141,141,171,71,71,71,148,148,168,11,11,21,35,63,63,94,118,133,8,8,8,8,8,8,8,8,8,8,8],"floor_reached":54,"playtime":4889,"items_purged":["Strike_G","Parasite","Bite"],"score":1407,"play_id":"48589d50-0e7d-4a49-bc89-908e5410f5eb","local_time":"20201222130021","is_ascension_mode":true,"campfire_choices":[{"data":"Noxious Fumes","floor":6.0,"key":"SMITH"},{"data":"Terror","floor":13,"key":"SMITH"},{"data":"Neutralize","floor":15,"key":"SMITH"},{"data":"Leg Sweep","floor":23,"key":"SMITH"},{"floor":25,"key":"REST"},{"data":"Noxious Fumes","floor":28,"key":"SMITH"},{"floor":32,"key":"REST"},{"data":"Wraith Form v2","floor":41,"key":"SMITH"},{"floor":46,"key":"RECALL"},{"data":"Gensokyo:GreaterSplit","floor":49,"key":"SMITH"},{"data":"Well Laid Plans","floor":52,"key":"SMITH"}],"circlet_count":0,"master_deck":["AscendersBane","Defend_G","Defend_G","Defend_G","Defend_G","Defend_G","Survivor","Neutralize+1","Poisoned Stab","Deadly Poison","Noxious Fumes+1","Terror+1","Flying Knee","Blade Dance","Blur","Crippling Poison","Bullet Time","Poisoned Stab","Leg Sweep+1","Well Laid Plans+1","Bite","Bite","Bite","Bite","Noxious Fumes+1","After Image","Grand Finale","Dodge and Roll+1","Bane","Wraith Form v2+1","Dagger Throw","Gensokyo:AllTheWorldsEvil","Acrobatics+1","Gensokyo:MorningMist","Gensokyo:GreaterSplit+1","Doubt"],"relics":["Ring of the Snake","Mango","Gremlin Horn","Gensokyo:OccultBall","Cursed Key","Guardian:PocketSentry","Ancient Tea Set","Lantern","Snecko Eye","Snake Skull","Boot","Regal Pillow"],"acts_visited":["Exordium","TheCity","TheCity","TheEnding"],"potions_floor_usage":[16,19,33,40,44,44,54],"damage_taken":[{"damage":2.0,"enemies":"Gensokyo:Python","floor":1.0,"turns":4.0},{"damage":7.0,"enemies":"Gensokyo:3_Fairies","floor":3.0,"turns":4.0},{"damage":6.0,"enemies":"Gensokyo:Gryphon","floor":4.0,"turns":4.0},{"damage":21.0,"enemies":"Gensokyo:3_Kodama","floor":7.0,"turns":4.0},{"damage":0.0,"enemies":"Gensokyo:LivingMonolith","floor":8.0,"turns":2.0},{"damage":15.0,"enemies":"Gensokyo:Mamizou","floor":10.0,"turns":8.0},{"damage":4,"enemies":"Gensokyo:Python_and_Kodama","floor":12,"turns":5},{"damage":0,"enemies":"Gensokyo:VengefulSpirit","floor":14,"turns":3},{"damage":20,"enemies":"Gensokyo:Kokoro","floor":16,"turns":9},{"damage":17,"enemies":"Spheric Guardian","floor":18,"turns":6},{"damage":23,"enemies":"2 Thieves","floor":19,"turns":4},{"damage":3,"enemies":"Chosen and Byrds","floor":22,"turns":5},{"damage":32,"enemies":"Book of Stabbing","floor":24,"turns":7},{"damage":5,"enemies":"3 Cultists","floor":27,"turns":7},{"damage":7,"enemies":"Slavers","floor":29,"turns":2},{"damage":7,"enemies":"Colosseum Slavers","floor":31,"turns":5},{"damage":11,"enemies":"Collector","floor":33,"turns":9},{"damage":23,"enemies":"Gensokyo:3_Boulders","floor":35,"turns":5},{"damage":3,"enemies":"Gensokyo:3_Bats","floor":38,"turns":5},{"damage":13,"enemies":"Gensokyo:3_Boulders","floor":39,"turns":3},{"damage":18,"enemies":"Gensokyo:Kasen","floor":40,"turns":7},{"damage":0,"enemies":"Gensokyo:Marisa","floor":42,"turns":6},{"damage":0,"enemies":"Gensokyo:Marisa","floor":44,"turns":8},{"damage":0,"enemies":"Gensokyo:Yuyuko","floor":50,"turns":11},{"damage":57,"enemies":"Shield and Spear","floor":54,"turns":6}],"seed_played":"-2077407547318480736","potions_obtained":[{"floor":3.0,"key":"PowerPotion"},{"floor":7.0,"key":"Block Potion"},{"floor":24,"key":"Block Potion"},{"floor":27,"key":"SpeedPotion"},{"floor":33,"key":"AttackPotion"},{"floor":35,"key":"EntropicBrew"}],"is_trial":false,"path_per_floor":["M","$","M","M","?","R","M","M","T","E","?","M","R","M","R","B",null,"M","M","$","?","M","R","E","R","T","M","R","E","$","?","R","B",null,"M","$","?","M","M","E","R","E","T","R","$","R","?","?","R","B",null,"R","$","E"],"character_chosen":"THE_SILENT","items_purchased":["Noxious Fumes","Well Laid Plans","Snake Skull"],"campfire_rested":2,"item_purchase_floors":[2,20,36],"current_hp_per_floor":[57,57,50,44,66,66,45,45,59,44,44,40,40,40,40,20,65,48,25,25,25,32,32,8,24,24,29,29,28,28,21,36,41,50,39,39,39,42,39,35,35,47,47,53,53,53,53,53,53,53,53,53,53,0,0],"gold":8,"neow_bonus":"THREE_CARDS","is_daily":false,"chose_seed":false,"campfire_upgraded":8,"win_rate":0.0,"timestamp":1608652821,"path_taken":["M","$","M","M","?","R","M","?","T","E","?","M","R","M","R","BOSS","M","M","$","?","M","R","E","R","T","M","R","E","$","?","R","BOSS","M","$","?","M","M","E","R","E","T","R","$","R","?","?","R","BOSS","R","$","E"],"items_purchased_type":["Card","Card","Relic"],"build_version":"2020-12-13","purchased_purges":3,"victory":false,"max_hp_per_floor":[66,66,66,66,66,66,66,66,80,80,80,80,80,80,80,80,80,80,80,80,56,56,56,56,56,56,56,56,56,53,53,53,53,53,53,53,53,53,53,53,53,53,53,53,53,53,53,53,53,53,53,53,53,53,53],"relic_stats":{"Regal Pillow":0,"Gremlin Horn":[18,20],"counters":[25,138],"Snecko Eye":[78,97,98,87],"Snake Skull":[107],"Cursed Key":2,"Boot":[10],"obtain_stats":[{"Lantern":29,"Regal Pillow":42,"Gremlin Horn":10,"Snecko Eye":34,"Mango":9,"Gensokyo:OccultBall":11,"Snake Skull":36,"Guardian:PocketSentry":24,"Cursed Key":17,"Ancient Tea Set":26,"Boot":40,"Ring of the Snake":0},{"Lantern":15,"Regal Pillow":22,"Gremlin Horn":6,"Snecko Eye":17,"Mango":5,"Gensokyo:OccultBall":6,"Snake Skull":18,"Guardian:PocketSentry":13,"Cursed Key":9,"Ancient Tea Set":13,"Boot":21,"Ring of the Snake":0},{"Lantern":74,"Regal Pillow":113,"Gremlin Horn":26,"Snecko Eye":87,"Mango":18,"Gensokyo:OccultBall":26,"Snake Skull":92,"Guardian:PocketSentry":65,"Cursed Key":43,"Ancient Tea Set":65,"Boot":107,"Ring of the Snake":0}],"Ring of the Snake":[44]},"card_choices":[{"not_picked":["Prepared","Acrobatics"],"picked":"Poisoned Stab","floor":0.0},{"not_picked":["Dodge and Roll","Acrobatics"],"picked":"Deadly Poison","floor":1.0},{"not_picked":["Prepared","Expertise"],"picked":"Terror","floor":3.0},{"not_picked":["Quick Slash","Backflip"],"picked":"Flying Knee","floor":4.0},{"not_picked":["Prepared","Dagger Throw"],"picked":"Blade Dance","floor":7.0},{"not_picked":["Escape Plan","Blade Dance"],"picked":"Dash","floor":8.0},{"not_picked":["Blade Dance","Dash"],"picked":"Blur","floor":10.0},{"not_picked":["Flying Knee","Grand Finale"],"picked":"Crippling Poison","floor":12},{"not_picked":["Backflip","Concentrate","Dodge and Roll"],"picked":"SKIP","floor":14},{"not_picked":["Unload","Burst"],"picked":"Bullet Time","floor":16},{"not_picked":["Deflect","Underhanded Strike"],"picked":"Poisoned Stab","floor":18},{"not_picked":["Acrobatics+1","Dodge and Roll"],"picked":"Leg Sweep","floor":19},{"not_picked":["Setup","Slice+1"],"picked":"Noxious Fumes","floor":22},{"not_picked":["Sucker Punch","Expertise","Eviscerate"],"picked":"SKIP","floor":24},{"not_picked":["Deadly Poison","Terror","Accuracy"],"picked":"SKIP","floor":27},{"not_picked":["Skewer","Blade Dance"],"picked":"After Image","floor":29},{"not_picked":["Tools of the Trade","Glass Knife"],"picked":"Grand Finale","floor":33},{"not_picked":["Deflect","Flechettes+1"],"picked":"Dodge and Roll+1","floor":35},{"not_picked":["Predator","Slice+1"],"picked":"Bane","floor":38},{"not_picked":["Underhanded Strike","PiercingWail"],"picked":"Wraith Form v2","floor":39},{"not_picked":["Bouncing Flask","Expertise"],"picked":"Dagger Throw","floor":40},{"not_picked":["Slice","Cloak And Dagger+1","Dagger Spray"],"picked":"SKIP","floor":42},{"not_picked":["Skewer","Dagger Spray"],"picked":"Acrobatics+1","floor":44},{"not_picked":["Gensokyo:NewMoon","Gensokyo:BrilliantDragonBullet"],"picked":"Gensokyo:MorningMist","floor":47}],"player_experience":959716,"relics_obtained":[{"floor":9.0,"key":"Mango"},{"floor":10.0,"key":"Gremlin Horn"},{"floor":14,"key":"Gensokyo:OccultBall"},{"floor":16,"key":"Gensokyo:OccultBall"},{"floor":19,"key":"Gensokyo:OccultBall"},{"floor":24,"key":"Guardian:PocketSentry"},{"floor":26,"key":"Ancient Tea Set"},{"floor":29,"key":"Lantern"},{"floor":33,"key":"Gensokyo:OccultBall"},{"floor":39,"key":"Gensokyo:OccultBall"},{"floor":40,"key":"Boot"},{"floor":42,"key":"Gensokyo:OccultBall"},{"floor":42,"key":"Regal Pillow"},{"floor":44,"key":"Gensokyo:OccultBall"}],"event_choices":[{"damage_healed":0,"gold_gain":0,"player_choice":"Became a vampire","damage_taken":0,"max_hp_gain":0,"max_hp_loss":24,"event_name":"Vampires","floor":21,"gold_loss":0,"cards_obtained":["Bite","Bite","Bite","Bite","Bite"]},{"damage_healed":0,"gold_gain":0,"player_choice":"Fight","damage_taken":0,"max_hp_gain":0,"max_hp_loss":0,"event_name":"Colosseum","floor":31,"gold_loss":0},{"damage_healed":0,"gold_gain":0,"player_choice":"Fled From Nobs","damage_taken":0,"max_hp_gain":0,"max_hp_loss":0,"event_name":"Colosseum","floor":31,"gold_loss":0}],"is_beta":false,"boss_relics":[{"not_picked":["WristBlade","Busted Crown"],"picked":"Cursed Key"},{"not_picked":["sneckomod:SneckoTalon","Coffee Dripper"],"picked":"Snecko Eye"}],"items_purged_floors":[20,30,45],"is_endless":false,"potions_floor_spawned":[3,7,8,10,24,27,33,35,39],"killed_by":"Shield and Spear","ascension_level":16}}