{"host":"wft71y6k5l1g7d5f","time":1608639059,"event":{"mods":["AchievementEnabler","Aspiration","Bard","BaseMod","Beaked The Cultist","Better Altar","Better Match","Better Note","Better Sensory Stone","Better Skull","BetterRewards","CCEM","Clawfect","Colored Map","Conspire","Downfall","Friendly Minions","GifTheSpireLib","Halation","Hermit","Highlight Path","Hubris","Hunter ??","Infinite Spire","Jedi Mod","Jorbs\u0027s Wanderer Trilogy","Mad Scientist","Marisa????????","Mimic Mod","Minty Spire (QoL Compilation)","Permanent Neow","Replay The Spire","Shade Mod","Shop Mod","Spicy Shops","StSLib","Stuff the Spire","The Administrix","The Blackbeard","The Bug Knight","The Construct","The Cursed","The Disciple","The Gatherer","The Hierophant","The IronCluck","The Jungle","The Mystic","The Necromancer","The Problem Sleuth","The Runesmith","The Servant 0.9.4","The Spell Scribe","The Witch","Unceasing Turn Reminder","everything is the same but u backflip on backflip","slay the spire mod where everything is the same but ironclad has a cowboy hat"],"gold_per_floor":[99,114,114,114,128,128,128,146,146,157,157,157,157,170,170,273,273,287,487,197,197,213,213,213,138,163,177,192,192,192,192,192,289,289,299,299,312,323,373,373,373,373,373,385,416,463,475,507,519,531,531],"floor_reached":50,"playtime":9259,"items_purged":[],"score":558,"play_id":"2fe3df40-65f9-4c34-ad91-1d50975bb364","local_time":"20201222041059","daily_mods":["Draft","Heirloom","Flight"],"is_ascension_mode":false,"campfire_choices":[{"data":"Summon_Undead","floor":6,"key":"SMITH"},{"data":"Shade:AuraOfUnlife","floor":7,"key":"SMITH"},{"data":"Shade:SkeletonArmy","floor":11,"key":"SMITH"},{"data":"Shade:FreshBones","floor":12,"key":"SMITH"},{"data":"Toxic_Smoke_Screen","floor":13,"key":"SMITH"},{"data":"Shade_Step","floor":15,"key":"SMITH"},{"data":"Summon_Death_Knight","floor":23,"key":"SMITH"},{"data":"Consume_Illness","floor":24,"key":"SMITH"},{"data":"Summon_Vampire_Lady","floor":29,"key":"SMITH"},{"data":"Shade:Brains","floor":30,"key":"SMITH"},{"data":"Summon_Lich","floor":32,"key":"SMITH"},{"data":"Bone_Bullets","floor":40,"key":"SMITH"},{"data":"Shade:Bonestorm","floor":41,"key":"SMITH"},{"data":"Bone_Armor","floor":44,"key":"SMITH"},{"data":"1","floor":47,"key":"LIFT"},{"data":"2","floor":49,"key":"LIFT"}],"circlet_count":0,"master_deck":["Spectral_Armor","Bone_Spikes","Life_Drain","Shade:FingerOfDeath","Bone_Bullets+1","Shade_Step+1","Shade:AuraOfUnlife+1","Shade:GraveStillness","Summon_Undead+1","Shade:ClawBack","Shade:WallOfFlesh","Death_Coil","Negative_Energy_Sphere","Shade:CoffinDance","Shade:Trample","Bone_Bullets","Toxic_Smoke_Screen+1","Shade:FreshBones+1","Shade:Premonition","Bone_Armor+1","Shade:SkeletonArmy+1","Skeleton_Dragon","Consume_Illness+1","Shade:Coordination","Summon_Death_Knight+1","Shade:CoffinDance+1","Shade:SoulToxin","Negative_Energy_Shield","Summon_Lich+1","Shade:Brains+1","Summon_Vampire_Lady+1","Negative_Energy_Javelin+1","Shade:Bonestorm+1","Scare","Parasite"],"relics":["Shade:YorickSkull","Coffee Dripper","jedi:battlestandard","replay:Trail_Library","hubris:BundleOfHerbs","Ancient Tea Set","Blue Doll","Matryoshka","hubris:Backtick","jedi:purplefairy","Orrery","ReplayTheSpireMod:Ninjato","Regal Pillow","halation:EternalFortune","Sozu","MealTicket","hubris:Zylophone","MawBank","hubris:DeckOfHolding","Girya"],"acts_visited":["Exordium","TheCity","TheBeyond"],"potions_floor_usage":[],"damage_taken":[{"damage":0,"enemies":"Cultist","floor":2,"turns":3},{"damage":0,"enemies":"conspire:RoseBush","floor":5,"turns":3},{"damage":0,"enemies":"2 Louse","floor":8,"turns":2},{"damage":0,"enemies":"Red Slaver","floor":10,"turns":2},{"damage":0,"enemies":"Large Slime","floor":14,"turns":4},{"damage":2,"enemies":"Fading Forest","floor":16,"turns":11},{"damage":0,"enemies":"Chosen","floor":18,"turns":4},{"damage":4,"enemies":"conspire:FuzzyDice","floor":22,"turns":10},{"damage":14,"enemies":"conspire:HollyBat","floor":27,"turns":9},{"damage":0,"enemies":"Snake Plant","floor":28,"turns":4},{"damage":41,"enemies":"hubris:MusketHawk","floor":33,"turns":10},{"damage":0,"enemies":"3 Shapes","floor":35,"turns":4},{"damage":0,"enemies":"Orb Walker","floor":37,"turns":3},{"damage":3,"enemies":"4 Shapes","floor":38,"turns":4},{"damage":5,"enemies":"Mind Bloom Boss Battle","floor":39,"turns":8},{"damage":0,"enemies":"Writhing Mass","floor":45,"turns":5},{"damage":51,"enemies":"Reptomancer","floor":46,"turns":7},{"damage":0,"enemies":"Jaw Worm Horde","floor":48,"turns":5},{"damage":42,"enemies":"Donu and Deca","floor":50,"turns":6}],"seed_played":"2670593090327986675","potions_obtained":[{"floor":5,"key":"champ:CounterPotion"},{"floor":8,"key":"Regen Potion"},{"floor":22,"key":"Regen Potion"}],"is_trial":true,"path_per_floor":["?","M","?","T","M","R","R","M","T","M","R","R","R","M","R","B",null,"M","?","$","?","M","R","R","?","T","M","M","R","R","?","R","B",null,"M","?","M","M","?","R","R","?","T","R","M","E","R","M","R","B"],"character_chosen":"SHADE","items_purchased":["Shade:Coordination","Orrery"],"campfire_rested":0,"item_purchase_floors":[20,20],"current_hp_per_floor":[65,65,47,47,53,53,53,59,59,65,65,65,65,65,65,65,65,65,65,65,65,65,65,65,65,65,59,59,60,65,68,68,30,68,71,71,71,71,70,71,71,71,71,71,71,26,26,32,32,0,0],"gold":531,"neow_bonus":"","is_daily":false,"chose_seed":false,"campfire_upgraded":14,"win_rate":0.0,"timestamp":1608639059,"path_taken":["?","?","?","?","M","R","R","M","T","?","R","R","R","M","R","BOSS","M","?","?","?","M","R","R","?","T","M","?","R","R","?","R","BOSS","M","?","?","M","?","R","R","?","T","R","?","E","R","M","R","BOSS"],"items_purchased_type":["Card","Relic"],"build_version":"2020-12-13","purchased_purges":0,"victory":false,"max_hp_per_floor":[65,65,65,65,65,65,65,65,65,65,65,65,65,65,65,65,65,65,65,65,65,65,65,65,65,65,65,65,65,65,68,68,68,68,71,71,71,71,71,71,71,71,71,71,71,71,71,71,71,71,71],"card_choices":[{"not_picked":["Shade:WallOfFlesh","Bone_Shift"],"picked":"Spectral_Armor","floor":0},{"not_picked":["Consume_Illness","Shade:LyeBath"],"picked":"Bone_Spikes","floor":0},{"not_picked":["Negative_Energy_Javelin","Shade:BoneShards"],"picked":"Life_Drain","floor":0},{"not_picked":["Scare","Epidemic"],"picked":"Shade:FingerOfDeath","floor":0},{"not_picked":["Shade:ScuttlingHand","Shade:Bite_Shade"],"picked":"Bone_Bullets","floor":0},{"not_picked":["Negative_Energy_Shield","Blood_Whip"],"picked":"Shade_Step","floor":0},{"not_picked":["Shade:FuneraryArmor","Life_Drain"],"picked":"Shade:AuraOfUnlife","floor":0},{"not_picked":["Bone_Bullets","Shade:Trample"],"picked":"Shade:GraveStillness","floor":0},{"not_picked":["Shade:Premonition","Blood_Shield"],"picked":"Summon_Undead","floor":0},{"not_picked":["Shade:DangerousRitual","Negative_Energy_Mist"],"picked":"Shade:ClawBack","floor":0},{"not_picked":["Shade:PoundOfFlesh","Shade:FleshToFlesh"],"picked":"Shade:WallOfFlesh","floor":0},{"not_picked":["Blood_Curse","Death_March_Dance"],"picked":"Death_Coil","floor":0},{"not_picked":["Chill_Blood","Bones_to_Steel"],"picked":"Negative_Energy_Sphere","floor":0},{"not_picked":["Uncharnel","Blood_Whip"],"picked":"Shade:CoffinDance","floor":0},{"not_picked":["Shade:FingerOfDeath","Shade:Asphyxiate"],"picked":"Shade:Trample","floor":0},{"not_picked":["Spectral_Armor","Vampiric_Strike"],"picked":"Bone_Bullets","floor":2},{"not_picked":["Shade:CallWraith","Shade:BoneShards"],"picked":"Toxic_Smoke_Screen","floor":5},{"not_picked":["Shade:ScuttlingHand","Blood_Curse"],"picked":"Shade:Premonition","floor":8},{"not_picked":["Shade:Premonition","Shackles_Of_Pain"],"picked":"Bone_Armor","floor":10},{"not_picked":["Pandemic","Shade:AncientSpear","Shade:CallOfTheGrave"],"picked":"SKIP","floor":14},{"not_picked":["Shade:LastGasp","Summon_Vampire_Lady"],"picked":"Skeleton_Dragon","floor":16},{"not_picked":["Shade:CommandSoldier","Shade:AncientSpear"],"picked":"Consume_Illness","floor":18},{"not_picked":["Shade:LyeBath+1","Shackles_Of_Pain"],"picked":"Shade:ClawBack","floor":20},{"not_picked":["Shade:FleshOffering","Shade:Premonition+1"],"picked":"Summon_Death_Knight","floor":20},{"not_picked":["Deaths_Shadow","Shade:FleshToFlesh"],"picked":"Shade:CoffinDance+1","floor":20},{"not_picked":["Shade:CoffinDance","Shade:RitualOffering"],"picked":"Shade:SoulToxin","floor":20},{"not_picked":["Shade:Excise","Consume_Illness"],"picked":"Negative_Energy_Shield","floor":20},{"not_picked":["Death_Coil+1","Shade:Haruspicy","Shade:AuraOfUnlife+1"],"picked":"SKIP","floor":22},{"not_picked":["Scare","Toxic_Smoke_Screen"],"picked":"Summon_Lich","floor":27},{"not_picked":["Shade:ClawBack","Shade:Frenzy"],"picked":"Shade:Brains","floor":28},{"not_picked":["Skeleton_Dragon","Hellfire"],"picked":"Grasp_Heart","floor":33},{"not_picked":["Shade:AncientSpear+1","Scare+1"],"picked":"Negative_Energy_Javelin+1","floor":35},{"not_picked":["Shackles_Of_Pain","Shade:FreshBones+1","Shade:Doomsay"],"picked":"SKIP","floor":37},{"not_picked":["Shade:Doomsay","Shade:Consume","Flesh_Made_Foul+1"],"picked":"SKIP","floor":38},{"not_picked":["Death_March_Dance+1","Thousand_Bone_Knives+1"],"picked":"Shade:Bonestorm","floor":39},{"not_picked":["Negative_Energy_Shield+1","Requiem","Shade:PotionOfRestlessness+1"],"picked":"SKIP","floor":45},{"not_picked":["Scare+1","Shade:CallWraith","Bone_Armor+1"],"picked":"SKIP","floor":46},{"not_picked":["Shade:Awaken+1","Shackles_Of_Pain","Epidemic"],"picked":"SKIP","floor":48}],"player_experience":160225,"relics_obtained":[{"floor":4,"key":"Blue Doll"},{"floor":9,"key":"Matryoshka"},{"floor":26,"key":"ReplayTheSpireMod:Ninjato"},{"floor":26,"key":"Regal Pillow"},{"floor":35,"key":"halation:EternalFortune"},{"floor":39,"key":"hubris:Zylophone"},{"floor":43,"key":"MawBank"},{"floor":43,"key":"hubris:DeckOfHolding"},{"floor":46,"key":"Girya"}],"event_choices":[{"damage_healed":0,"gold_gain":0,"player_choice":"Success","damage_taken":18,"relics_obtained":["Ancient Tea Set"],"max_hp_gain":0,"max_hp_loss":0,"event_name":"Scrap Ooze","floor":3,"gold_loss":0},{"damage_healed":0,"gold_gain":200,"player_choice":"Gold","damage_taken":0,"max_hp_gain":0,"max_hp_loss":0,"event_name":"Wheel of Change","floor":19,"gold_loss":0},{"damage_healed":0,"gold_gain":0,"player_choice":"Ignored","damage_taken":0,"max_hp_gain":0,"max_hp_loss":0,"event_name":"betterNote:BetterNote","floor":21,"gold_loss":0,"cards_obtained":["Bash"]},{"cards_removed":["Shade:ClawBack"],"damage_healed":0,"gold_gain":0,"player_choice":"Gave Gold","damage_taken":0,"max_hp_gain":0,"max_hp_loss":0,"event_name":"Beggar","floor":25,"gold_loss":75},{"damage_healed":0,"gold_gain":0,"player_choice":"Gave Potion","damage_taken":0,"relics_obtained":["MealTicket"],"max_hp_gain":0,"max_hp_loss":0,"event_name":"WeMeetAgain","floor":36,"gold_loss":0},{"damage_healed":0,"gold_gain":0,"player_choice":"Fight","damage_taken":0,"max_hp_gain":0,"max_hp_loss":0,"event_name":"MindBloom","floor":39,"gold_loss":0},{"cards_removed":["Grasp_Heart"],"damage_healed":0,"gold_gain":0,"player_choice":"Removed Attack","damage_taken":0,"max_hp_gain":0,"max_hp_loss":0,"event_name":"Falling","floor":42,"gold_loss":0}],"is_beta":false,"boss_relics":[{"not_picked":["hubris:RunicObelisk","StuffTheSpire:RunicConfusion"],"picked":"hubris:Backtick"},{"not_picked":["sneckomod:SneckoTalon","hubris:ScarierMask"],"picked":"Sozu"}],"items_purged_floors":[],"is_endless":false,"potions_floor_spawned":[5,8,22,33,35,46,48],"killed_by":"Donu and Deca","ascension_level":0}}