{"host":"ik8ww1p4uabx5gam","time":1608599246,"event":{"mods":["Always Whale","Aspiration","BaseMod","Better Third Choice","BetterRewards","Colored Map","Conspire","Energized Spire","FetchMod","Hubris","Infinite Spire","Jedi Mod","Minty Spire (QoL Compilation)","Random Character Button","Replay The Spire","Shop Mod","Spicy Shops","Spikes Relics","StSLib","The Blue Laboratory","Wandering Minibosses"],"gold_per_floor":[149,182,197,197,215,215,225,256,329,128,174,174,189,214,214,313,313,324,324,324,324,340,390,390,390,390,468,483,157,157,157,157,303,303,322,335,348,408,424,452,502,528,578,578,578,589,589,642,642,791,791,800,800,975,574,574,574,574,575,575,596,622,691,693,699,699,828,828,787,186,186,186,186,186,188,194,194,194,194,194,218,244,244,364,364,360,360,439,483,489,489,479,474,474,474,521,521,575,573,573,618,618,631,683,707,557,557,577,585,590,615,690,690,704,704,409,409,494,494,501,549,551,554,554,566,566,566,566,576,516,521,595,595,595,678,728,729,1022,1032,1085,1085,1098,1098,1218,1297,1306,1306,1323,1323,1323,1323,1396,1396,1396,1396,1415,1475],"floor_reached":158,"playtime":5160,"items_purged":["Injury","Backstab+1","Doubt","Parasite","Replay:Poison Smokescreen+1"],"score":5466,"play_id":"36d2392e-1910-4034-b1ea-9442723ec11b","local_time":"20201221190726","is_ascension_mode":true,"campfire_choices":[{"data":"infinitespire:Punishment","floor":6.0,"key":"SMITH"},{"data":"Dagger Spray","floor":12.0,"key":"SMITH"},{"data":"Sucker Punch","floor":15.0,"key":"SMITH"},{"data":"Survivor","floor":23.0,"key":"SMITH"},{"data":"infinitespire:UltimateForm","floor":25.0,"key":"SMITH"},{"data":"Flying Knee","floor":32.0,"key":"SMITH"},{"floor":41.0,"key":"RECALL"},{"data":"Machine Learning","floor":45.0,"key":"SMITH"},{"floor":49.0,"key":"DIG"},{"floor":57.0,"key":"REST"},{"floor":66.0,"key":"REST"},{"data":"ReplayTheSpireMod:From All Sides","floor":74.0,"key":"SMITH"},{"floor":78.0,"key":"REST"},{"floor":83.0,"key":"REST"},{"data":"infinitespire:Gouge","floor":91.0,"key":"SMITH"},{"floor":95.0,"key":"REST"},{"floor":97.0,"key":"REST"},{"floor":100.0,"key":"DIG"},{"data":"A Thousand Cuts","floor":113.0,"key":"SMITH"},{"data":"Strike_G+2","floor":115.0,"key":"SMITH"},{"data":"Strike_G+3","floor":117.0,"key":"SMITH"},{"data":"Strike_G+4","floor":126,"key":"SMITH"},{"data":"Strike_G+5","floor":134,"key":"SMITH"},{"data":"Strike_G+6","floor":143,"key":"SMITH"},{"data":"Strike_G+7","floor":149,"key":"SMITH"},{"data":"Strike_G+8","floor":151,"key":"SMITH"},{"data":"Strike_G+9","floor":154,"key":"SMITH"}],"circlet_count":0,"master_deck":["Strike_G+1","Strike_G+10","Strike_G+2","Strike_G+1","Strike_G+2","Defend_G+1","Defend_G+1","Defend_G+1","Defend_G+1","Defend_G+2","Neutralize+1","Sucker Punch+1","infinitespire:Punishment+1","Dagger Spray+1","Backflip+1","Blade Dance+1","jedi:studyshivs+1","Blur+1","infinitespire:UltimateForm+1","Corpse Explosion+1","Phantasmal Killer+1","Hidden Blade+1","Cloak And Dagger+1","Machine Learning+1","Escape Plan+1","ReplayTheSpireMod:Black Plague+1","Catalyst+1","ReplayTheSpireMod:From All Sides+1","Blade Dance+1","infinitespire:Execution+1","conspire:DoublingDagger+1","Double Energy+1","Adrenaline+1","infinitespire:Gouge+1","Leg Sweep+1","BlessedFruit+1","BlessedFruit+1","A Thousand Cuts+1","ReplayTheSpireMod:Exploit Weakness+1","m_Survivalism+1","Venomology+1","Choke+1","CurseOfTheBell","Pot Of Greed+1","Pot Of Greed+1","Pot Of Greed+1","Pot Of Greed+1","infinitespire:Punishment+1","Finesse+1","Terror+1"],"relics":["Tiny House","Toxic Egg 2","Shuriken","Blood Vial","hubris:MobiusCoin","Chemical X","Bag of Preparation","jedi:heavyjacket","aspiration:RandomNobGenerator","Akabeko","hubris:EmptyBottle","Bottled Lightning","jedi:HeartOfTheCards","Replay:Rubber Ducky","aspiration:RitualStick","aspiration:DefectSkillbook","wanderingMiniBosses:CarrionFlame","ReplayFunnel","jedi:sprinkler","Tiny Chest","Replay:Mystery Machine","hubris:ScarierMask","aspiration:SeaSaltIceCream","hubris:MedicalManual","aspiration:Lifesprig","Omamori","SnailShell","Onion Ring","Garlic","Juzu Bracelet","Happy Flower","Replay:Ancient Bell","Replay:Baseball","jedi:Pinwheel","aspiration:HatOfInfinitePower","Torii","Calipers","Orichalcum","conspire:Boomerang","Mirror","ReplayTheSpireMod:Lightbulb","Replay:Bottled Flurry","energizedSpire:NeverEndingSparkler","hubris:Reverence","CherryCoatedStake","aspiration:DSix","HeavenlyBonsai","Vajra","infinitespire:EmpoweringShard","Black Star","infinitespire:Lucky Rock","Anchor","Art of War","Simple Rune","Prayer Wheel","Blue Doll","SpikesRelics:DaevaFist","Whetstone","hubris:Backtick","hubris:TinFlute","Centennial Puzzle","conspire:RunicOctahedron","ExplosiveVial","jedi:gremlinknob","Eternal Feather","conspire:GiftBox","Pantograph","MiniBlackHole","aspiration:FetidBarrel","hubris:Metronome","Calling Bell","RollingBoulder","conspire:Flyswatter","Byrd Skull","hubris:NiceRug","Basket Of Snakes","ClockworkSouvenir","Grinning Jar","Replay:WaspNest","DollysMirror","Turnip","hubris:BottledRain","CeramicFish","hubris:AncientText","RetroEgg","Snack Pack","BrokenLever","Bottled Flame","Replay:Wax Seal","Bronze Scales","SacredBark","hubris:TenFootPole","ReplayTheSpireMod:TigerMarble"],"acts_visited":[],"potions_floor_usage":[129,132,135,135,138,138,138,138,144,144,157,157],"damage_taken":[{"damage":15.0,"enemies":"conspire:MimicChest","floor":2.0,"turns":7.0},{"damage":3.0,"enemies":"Small Slimes","floor":3.0,"turns":3.0},{"damage":0.0,"enemies":"2 Louse","floor":5.0,"turns":2.0},{"damage":1.0,"enemies":"Jaw Worm","floor":7.0,"turns":2.0},{"damage":3.0,"enemies":"Gremlin Nob","floor":8.0,"turns":3.0},{"damage":7.0,"enemies":"Exordium Thugs","floor":13.0,"turns":6.0},{"damage":0.0,"enemies":"Replay:BlueRogue","floor":14.0,"turns":4.0},{"damage":0.0,"enemies":"Hexaghost","floor":16.0,"turns":6.0},{"damage":0.0,"enemies":"Spheric Guardian","floor":18.0,"turns":2.0},{"damage":0.0,"enemies":"3 Byrds","floor":22.0,"turns":4.0},{"damage":3.0,"enemies":"Gremlin Leader","floor":27.0,"turns":4.0},{"damage":0.0,"enemies":"Shelled Parasite and Fungi","floor":28.0,"turns":3.0},{"damage":8.0,"enemies":"conspire:MysteriousRune","floor":33.0,"turns":5.0},{"damage":0.0,"enemies":"3 Darklings","floor":35.0,"turns":3.0},{"damage":0.0,"enemies":"Orb Walker","floor":36.0,"turns":2.0},{"damage":0.0,"enemies":"Jaw Worm Horde","floor":37.0,"turns":1.0},{"damage":0.0,"enemies":"Transient","floor":38.0,"turns":5.0},{"damage":4.0,"enemies":"Maw","floor":39.0,"turns":6.0},{"damage":0.0,"enemies":"Nightmare","floor":40.0,"turns":4.0},{"damage":0.0,"enemies":"R_Hoarder","floor":42.0,"turns":3.0},{"damage":0.0,"enemies":"3 Darklings","floor":46.0,"turns":1.0},{"damage":69.0,"enemies":"conspire:OrnateMirror","floor":50.0,"turns":5.0},{"damage":0.0,"enemies":"Cultist","floor":52.0,"turns":1.0},{"damage":0.0,"enemies":"Jaw Worm","floor":59.0,"turns":1.0},{"damage":0.0,"enemies":"3 Sentries","floor":61.0,"turns":2.0},{"damage":0.0,"enemies":"Gremlin Nob","floor":63.0,"turns":1.0},{"damage":0.0,"enemies":"Small Slimes","floor":64.0,"turns":2.0},{"damage":0.0,"enemies":"Lagavulin","floor":65.0,"turns":2.0},{"damage":0.0,"enemies":"Hexaghost","floor":67.0,"turns":3.0},{"damage":0.0,"enemies":"Spheric Guardian","floor":69.0,"turns":2.0},{"damage":0.0,"enemies":"3 Byrds","floor":75.0,"turns":3.0},{"damage":0.0,"enemies":"Book of Stabbing","floor":76.0,"turns":3.0},{"damage":0.0,"enemies":"Slavers","floor":82.0,"turns":2.0},{"damage":0.0,"enemies":"Automaton","floor":84.0,"turns":4.0},{"damage":0.0,"enemies":"3 Shapes","floor":86.0,"turns":1.0},{"damage":0.0,"enemies":"2 Orb Walkers","floor":89.0,"turns":1.0},{"damage":0.0,"enemies":"3 Darklings","floor":90.0,"turns":1.0},{"damage":0.0,"enemies":"R_Hoarder","floor":92.0,"turns":4.0},{"damage":0.0,"enemies":"Writhing Mass","floor":93.0,"turns":2.0},{"damage":0.0,"enemies":"Giant Head","floor":96.0,"turns":3.0},{"damage":0.0,"enemies":"Sphere and 2 Shapes","floor":98.0,"turns":1.0},{"damage":0.0,"enemies":"4 Shapes","floor":99.0,"turns":1.0},{"damage":0.0,"enemies":"Awakened One","floor":101.0,"turns":5.0},{"damage":0.0,"enemies":"2 Louse","floor":103.0,"turns":1.0},{"damage":0.0,"enemies":"Cultist","floor":104.0,"turns":1.0},{"damage":0.0,"enemies":"Lagavulin","floor":108.0,"turns":1.0},{"damage":0.0,"enemies":"Jaw Worm","floor":109.0,"turns":1.0},{"damage":0.0,"enemies":"2 Fungi Beasts","floor":110.0,"turns":1.0},{"damage":0.0,"enemies":"3 Sentries","floor":114.0,"turns":1.0},{"damage":0.0,"enemies":"Slime Boss","floor":118.0,"turns":2.0},{"damage":0.0,"enemies":"Shell Parasite","floor":120.0,"turns":1.0},{"damage":0.0,"enemies":"Chosen","floor":122.0,"turns":1.0},{"damage":0.0,"enemies":"Centurion and Healer","floor":123.0,"turns":2.0},{"damage":0,"enemies":"Replay:Snechameleon","floor":125,"turns":1},{"damage":0,"enemies":"Book of Stabbing","floor":129,"turns":2},{"damage":0,"enemies":"Snake Plant","floor":131,"turns":1},{"damage":0,"enemies":"Slavers","floor":132,"turns":1},{"damage":0,"enemies":"Collector","floor":135,"turns":2},{"damage":0,"enemies":"Orb Walker","floor":137,"turns":1},{"damage":0,"enemies":"hubris:Merchant","floor":138,"turns":2},{"damage":0,"enemies":"3 Darklings","floor":139,"turns":1},{"damage":0,"enemies":"2 Orb Walkers","floor":140,"turns":1},{"damage":0,"enemies":"R_Hoarder","floor":142,"turns":2},{"damage":0,"enemies":"Nightmare","floor":144,"turns":1},{"damage":0,"enemies":"R_Hoarder","floor":148,"turns":2},{"damage":0,"enemies":"infinitespire:MassOfShapes","floor":152,"turns":3},{"damage":0,"enemies":"Shield and Spear","floor":156,"turns":2},{"damage":0,"enemies":"The Heart","floor":157,"turns":5}],"seed_played":"-4111775024020810217","potions_obtained":[{"floor":0.0,"key":"jedi:mysterypotion"},{"floor":2.0,"key":"GamblersBrew"},{"floor":3.0,"key":"CultistPotion"},{"floor":13.0,"key":"blueLaboratory:ExaltedPotion"},{"floor":18.0,"key":"blueLaboratory:Virophage"},{"floor":36.0,"key":"blueLaboratory:HorrorPotion"},{"floor":40.0,"key":"blueLaboratory:EnvenomedCoating"},{"floor":42.0,"key":"blueLaboratory:FruitPunch"},{"floor":50.0,"key":"SkillPotion"},{"floor":64.0,"key":"jedi:StrikingPotion"},{"floor":75.0,"key":"blueLaboratory:FrostheartPotion"},{"floor":82.0,"key":"blueLaboratory:CorrosionFlask"},{"floor":96.0,"key":"blueLaboratory:SuffocatingSmog"},{"floor":104.0,"key":"SkillPotion"},{"floor":114.0,"key":"blueLaboratory:FruitPunch"},{"floor":125,"key":"SteroidPotion"},{"floor":132,"key":"Adrenaline Potion"},{"floor":138,"key":"blueLaboratory:BottleOfRum"},{"floor":140,"key":"blueLaboratory:BottleOfVodka"}],"is_trial":false,"path_per_floor":["?","?","M","?","M","R","M","E","T","$","T","R","M","E","R","B",null,"M","?","?","?","M","R","AVR","R","T","E","M","$","?","?","R","B",null,"M","M","M","M","M","NM","R","E","T","?","R","M","?","T","R_BF","B",null,"M","AVR","?","$","?","R","?","M","T","E","T","E","M","E","R","B",null,"M","$","?","?","AVR","R","M","E","T","R","?","$","T","E","R","B",null,"M","?","T","?","M","R","E","M","T","R","E","R","M","M","R_BF","B",null,"M","M","T","$","?","E","M","M","T","?","R","E","R","$","R","B",null,"M","T","M","M","AVR","E","R","?","T","E","?","M","E","$","R","B",null,"M","$","M","?","T","E","R","NM","T","?","T","E","R","$","R","B",null,"R","$","E","B",null],"character_chosen":"THE_SILENT","items_purchased":["Backflip+1","Chemical X","jedi:HeartOfTheCards","Replay:Rubber Ducky","aspiration:Lifesprig","Omamori","Torii","Calipers","Blade Dance+1","SpikesRelics:DaevaFist","Whetstone"],"campfire_rested":6,"item_purchase_floors":[10,10,29,29,55,55,70,70,70,116,116],"current_hp_per_floor":[75,60,57,38,38,38,37,34,34,34,34,34,29,31,31,33,75,75,75,75,75,75,75,75,75,75,72,74,74,74,59,59,53,75,75,75,75,75,71,73,73,75,75,75,75,75,71,71,71,6,75,75,75,75,75,75,75,75,75,75,75,75,75,75,75,75,75,75,75,72,72,72,72,72,72,72,72,72,72,72,72,72,72,72,72,72,72,72,72,72,72,72,72,72,72,76,76,76,76,76,80,80,80,82,82,82,82,84,84,84,84,73,73,75,75,75,75,81,88,90,90,90,90,90,92,92,92,92,96,96,96,96,96,96,98,98,100,100,100,100,100,102,102,102,102,92,92,102,102,102,102,104,104,104,104,106,110],"gold":1475,"neow_bonus":"BOSS_RELIC","is_daily":false,"chose_seed":false,"campfire_upgraded":18,"win_rate":0.0,"timestamp":1608599246,"path_taken":["?","?","M","?","?","R","M","E","T","$","?","R","M","E","R","BOSS","M","?","?","?","?","R","AVR","R","T","E","M","$","?","?","R","BOSS","M","M","M","M","M","NM","R","E","T","?","R","M","?","?","R_BF","BOSS","M","AVR","?","$","?","R","?","M","T","E","?","E","M","E","R","BOSS","M","$","?","?","AVR","R","M","E","T","R","?","$","?","E","R","BOSS","M","?","?","?","M","R","E","M","T","R","E","R","M","M","R_BF","BOSS","M","M","?","$","?","E","M","M","T","?","R","E","R","?","R","BOSS","M","?","M","M","AVR","E","R","?","T","E","?","M","E","$","R","BOSS","M","$","M","?","?","E","R","NM","T","?","?","E","R","?","R","BOSS","R","$","E","BOSS"],"items_purchased_type":["Card","Relic","Relic","Relic","Relic","Relic","Relic","Relic","Card","Relic","Relic"],"build_version":"2020-12-13","purchased_purges":5,"victory":true,"max_hp_per_floor":[75,75,75,75,75,75,75,75,75,75,75,75,75,75,75,75,75,75,75,75,75,75,75,75,75,75,75,75,75,75,75,75,75,75,75,75,75,75,75,75,75,75,75,75,75,75,71,71,71,75,75,75,75,75,75,75,75,75,75,75,75,75,75,75,75,75,75,75,75,72,72,72,72,72,72,72,72,72,72,72,72,72,72,72,72,72,72,72,72,72,72,72,72,72,72,76,76,76,76,76,80,80,80,82,82,82,82,84,84,84,84,84,84,84,84,84,84,88,88,90,90,90,90,90,92,92,92,92,96,96,96,96,96,96,98,98,100,100,100,100,100,102,102,102,102,102,102,102,102,102,102,104,104,104,104,106,110],"card_choices":[{"not_picked":["Accuracy","Setup"],"picked":"Flying Knee","floor":0.0},{"not_picked":["Pace+1","Finisher"],"picked":"Sucker Punch","floor":2.0},{"not_picked":["Dagger Spray","Quick Slash"],"picked":"Hidden Blade+1","floor":3.0},{"not_picked":["hubris:InfiniteBlow+3","infinitespire:Oblivion"],"picked":"infinitespire:Punishment","floor":4.0},{"not_picked":["Tactician+1","Riddle With Holes","Flying Knee"],"picked":"SKIP","floor":5.0},{"not_picked":["Underhanded Strike","Flying Knee"],"picked":"Dagger Spray","floor":7.0},{"not_picked":["Sucker Punch","Calculated Gamble+1"],"picked":"Replay:Poison Smokescreen+1","floor":8.0},{"not_picked":["hubris:SlightOfHand+1","Deadly Poison+1"],"picked":"Blade Dance+1","floor":13.0},{"not_picked":["Deadly Poison+1","ReplayTheSpireMod:Exploit Weakness+1","Flying Knee"],"picked":"SKIP","floor":14.0},{"not_picked":["Atom Bomb","Bullet Time+1"],"picked":"jedi:studyshivs+1","floor":16.0},{"not_picked":["Acrobatics+1","Flying Knee"],"picked":"Backstab+1","floor":18.0},{"not_picked":["Flying Knee","Eviscerate+1"],"picked":"Blur+1","floor":22.0},{"not_picked":["hubris:SlightOfHand+1","Deflect+1"],"picked":"Corpse Explosion+1","floor":27.0},{"not_picked":["ShadowRift+1","Flying Knee","ReplayTheSpireMod:Tripwire+1"],"picked":"SKIP","floor":28.0},{"not_picked":["Night Terror+1","jedi:brewingpoison+1"],"picked":"Phantasmal Killer+1","floor":33.0},{"not_picked":["Leap+1","Steam+1","Beam Cell"],"picked":"Hidden Blade+1","floor":35.0},{"not_picked":["Panic Button+1","jedi:pocketpoison+1","Chaos+1","Bullet Time+1"],"picked":"SKIP","floor":36.0},{"not_picked":["Dagger Throw+1","Eviscerate","Go for the Eyes","DiskWipe+1"],"picked":"SKIP","floor":37.0},{"not_picked":["Backflip+1","Heel Hook","hubris:PowerSurge"],"picked":"Cloak And Dagger+1","floor":38.0},{"not_picked":["Finisher+1","Defragment+1","ReplayTheSpireMod:Dual Polarity+1","jedi:BurstFrost+1"],"picked":"SKIP","floor":39.0},{"not_picked":["Pace+1","Go for the Eyes+1","Dodge and Roll+1","Footwork"],"picked":"SKIP","floor":40.0},{"not_picked":["Deadly Poison+1","ReplayTheSpireMod:Calculation Training+1","Redo+1"],"picked":"Machine Learning","floor":42.0},{"not_picked":["Turbo+1","Cold Snap","Hologram+1","jedi:blockon+1"],"picked":"SKIP","floor":46.0},{"not_picked":["Ball Lightning","Quick Slash","Conserve Battery+1"],"picked":"Escape Plan+1","floor":52.0},{"not_picked":["Go for the Eyes","Compile Driver","PiercingWail+1","Conserve Battery+1"],"picked":"SKIP","floor":59.0},{"not_picked":["Reprogram+1","Replay:Bag of Tricks+1","Outmaneuver+1","Finisher"],"picked":"SKIP","floor":61.0},{"not_picked":["Go for the Eyes","hubris:TrickCloak+1","Hologram+1","Slice"],"picked":"SKIP","floor":63.0},{"not_picked":["hubris:PowerSurge","jedi:poisonivy","Auto Shields+1"],"picked":"Catalyst+1","floor":64.0},{"not_picked":["Tactician+1","Cloak And Dagger+1","Blizzard","Slice"],"picked":"SKIP","floor":65.0},{"not_picked":["Amplify+1","Storm of Steel+1","Machine Learning"],"picked":"ReplayTheSpireMod:From All Sides","floor":67.0},{"not_picked":["Spreading Infection","Writhe","hubris:Wrath"],"picked":"ReplayTheSpireMod:Doomed","floor":68.0},{"not_picked":["hubris:Sloth","Notoriety","Writhe"],"picked":"Amnesia","floor":68.0},{"not_picked":["Sickly","Overencumbered","ReplayTheSpireMod:Restless Dread"],"picked":"ReplayTheSpireMod:IOU","floor":68.0},{"not_picked":["Rip and Tear","Steam+1","Conserve Battery+1","jedi:spotbugs+1"],"picked":"SKIP","floor":69.0},{"not_picked":["Escape Plan+1","conspire:Rain+1","Sucker Punch","Tactician+1"],"picked":"SKIP","floor":75.0},{"not_picked":["jedi:bruteforce+1","ReplayTheSpireMod:Repulse+1","ReplayTheSpireMod:GoodbyeWorld"],"picked":"conspire:DoublingDagger+1","floor":76.0},{"not_picked":["jedi:pocketpoison+1","Hologram+1","PiercingWail+1"],"picked":"Double Energy+1","floor":82.0},{"not_picked":["Die Die Die","Electrodynamics","Hyperbeam"],"picked":"Adrenaline+1","floor":84.0},{"not_picked":["infinitespire:NeuralNetwork","infinitespire:FinalStrike"],"picked":"infinitespire:Gouge","floor":84.0},{"not_picked":["jedi:overflow+1","DiskWipe","Beam Cell"],"picked":"Leg Sweep+1","floor":86.0},{"not_picked":["Doppelganger+1","Bane+1","Leg Sweep+1","jedi:hex+1"],"picked":"SKIP","floor":90.0},{"not_picked":["Rebound+1","Finisher+1","ReplayTheSpireMod:Dual Polarity+1","Gash"],"picked":"SKIP","floor":92.0},{"not_picked":["Rebound","Panic Button+1","Quick Slash","jedi:markofdeath+1"],"picked":"SKIP","floor":93.0},{"not_picked":["ReplayTheSpireMod:Shiv Toss+1","Flechettes+1","Lockon","Quick Slash"],"picked":"SKIP","floor":96.0},{"not_picked":["ReplayTheSpireMod:Shiv Toss+1","Flechettes+1","Lockon","Quick Slash"],"picked":"SKIP","floor":96.0},{"not_picked":["Calculated Gamble+1","Fluid Movement","Acrobatics+1","Leap+1"],"picked":"SKIP","floor":98.0},{"not_picked":["Recycle+1","jedi:unstablefumes+1","PiercingWail+1","Heatsinks+1"],"picked":"SKIP","floor":99.0},{"not_picked":["Fission+1","jedi:bruteforce+1","ReplayTheSpireMod:Fabricate Wheel+1"],"picked":"A Thousand Cuts","floor":101.0},{"not_picked":["ReplayTheSpireMod:Exploit Weakness+1","Hologram+1","Deflect+1","Dagger Spray"],"picked":"SKIP","floor":103.0},{"not_picked":["ReplayTheSpireMod:Exploit Weakness+1","Hologram+1","Deflect+1","Dagger Spray"],"picked":"SKIP","floor":103.0},{"not_picked":["Hologram+1","Deflect+1","Dagger Spray"],"picked":"ReplayTheSpireMod:Exploit Weakness+1","floor":103.0},{"not_picked":["Crystallizer","Beam Cell","RefreshScreen","Sucker Punch"],"picked":"SKIP","floor":104.0},{"not_picked":["jedi:studyfrost+1","Reflex+1","jedi:BurstLightning","Capacitor"],"picked":"SKIP","floor":108.0},{"not_picked":["Doom and Gloom","Outmaneuver+1","Panic Button+1","ReplayTheSpireMod:System Scan+1"],"picked":"SKIP","floor":109.0},{"not_picked":["Coolheaded+1","Leap+1","Dagger Spray","Underhanded Strike"],"picked":"SKIP","floor":110.0},{"not_picked":["Footwork","Backflip+1","jedi:BurstLightning","Well Laid Plans"],"picked":"SKIP","floor":114.0},{"not_picked":["jedi:rejectivetoxin+1","Tools of the Trade","hubris:DoWhile+1"],"picked":"Venomology+1","floor":118.0},{"not_picked":["PiercingWail+1","Prepared+1","Barrage+1","conspire:SharedLibrary"],"picked":"SKIP","floor":120.0},{"not_picked":["Underhanded Strike","Catalyst+1","Recycle+1","jedi:hex+1"],"picked":"SKIP","floor":120.0},{"not_picked":["Cloak And Dagger+1","Auto Shields+1","Steam+1","ShadowRift"],"picked":"SKIP","floor":122.0},{"not_picked":["Hologram+1","Time Bomb+1","Panic Button+1","Cold Snap"],"picked":"SKIP","floor":122.0},{"not_picked":["Steam+1","jedi:BurstLightning","Poisoned Stab+1","jedi:blockon+1"],"picked":"SKIP","floor":123.0},{"not_picked":["Prepared+1","BasicCrystalCard+1","Caltrops","Chaos+1"],"picked":"SKIP","floor":123.0},{"not_picked":["Go for the Eyes+1","ReplayTheSpireMod:Calculation Training+1","Cold Snap","Tempest+1"],"picked":"SKIP","floor":125},{"not_picked":["hubris:Ukulele","Defragment+1","Cold Snap","Cloak And Dagger+1"],"picked":"SKIP","floor":129},{"not_picked":["Atom Bomb","Hologram+1","PiercingWail+1"],"picked":"Choke+1","floor":131},{"not_picked":["Redo+1","Slice","jedi:hex+1","Rebound"],"picked":"SKIP","floor":131},{"not_picked":["jedi:BurstFrost+1","Blade Dance+1","White Noise+1","Dagger Throw"],"picked":"SKIP","floor":132},{"not_picked":["Heatsinks+1","Acrobatics+1","Deflect+1","Doom and Gloom+1"],"picked":"SKIP","floor":137},{"not_picked":["Fusion+1","Doom and Gloom+1","Coolheaded+1","ReplayTheSpireMod:Exploit Weakness+1"],"picked":"SKIP","floor":137},{"not_picked":["Heatsinks+1","Acrobatics+1","Deflect+1","Doom and Gloom+1"],"picked":"SKIP","floor":137},{"not_picked":["Fusion+1","Doom and Gloom+1","Coolheaded+1","ReplayTheSpireMod:Exploit Weakness+1"],"picked":"SKIP","floor":137},{"not_picked":["Dagger Spray"],"picked":"SKIP","floor":138},{"not_picked":["Grand Finale"],"picked":"SKIP","floor":138},{"not_picked":["Steam+1"],"picked":"SKIP","floor":138},{"not_picked":["Hidden Blade+1"],"picked":"SKIP","floor":138},{"not_picked":["Well Laid Plans"],"picked":"SKIP","floor":138},{"not_picked":["PanicButton+1"],"picked":"SKIP","floor":138},{"not_picked":["Feint+1"],"picked":"SKIP","floor":138},{"not_picked":["Bane","Hidden Blade+1","Blade Dance+1","jedi:locknload+1"],"picked":"SKIP","floor":139},{"not_picked":["Ball Lightning+1","Beam Cell","Compile Driver","Crystallizer+1"],"picked":"SKIP","floor":139},{"not_picked":["PiercingWail+1","Flying Knee+1","ReplayTheSpireMod:Exploit Weakness+1","jedi:BurstLightning+1"],"picked":"SKIP","floor":142},{"not_picked":["Panic Button+1","Fission+1","Deadly Poison+1","jedi:rejectivetoxin+1"],"picked":"SKIP","floor":144},{"not_picked":["Panic Button+1","Fission+1","Deadly Poison+1","jedi:rejectivetoxin+1"],"picked":"SKIP","floor":144},{"not_picked":["Replay:Sssssssssshield+1","Magnetism","Metamorphosis+1"],"picked":"Finesse+1","floor":146},{"not_picked":["ReplayTheSpireMod:GoodbyeWorld","Time Bomb+1","ReplayTheSpireMod:Dual Polarity+1","Ball Lightning+1"],"picked":"SKIP","floor":148},{"not_picked":["Steam Power+1","jedi:blockon+1","jedi:pocketpoison+1"],"picked":"Terror+1","floor":156}],"player_experience":888096,"relics_obtained":[{"floor":2.0,"key":"Shuriken"},{"floor":8.0,"key":"Blood Vial"},{"floor":9.0,"key":"hubris:MobiusCoin"},{"floor":11.0,"key":"Bag of Preparation"},{"floor":14.0,"key":"jedi:heavyjacket"},{"floor":20.0,"key":"Akabeko"},{"floor":27.0,"key":"Bottled Lightning"},{"floor":39.0,"key":"wanderingMiniBosses:CarrionFlame"},{"floor":40.0,"key":"ReplayFunnel"},{"floor":43.0,"key":"jedi:sprinkler"},{"floor":48.0,"key":"Tiny Chest"},{"floor":49.0,"key":"Replay:Mystery Machine"},{"floor":58.0,"key":"SnailShell"},{"floor":60.0,"key":"Onion Ring"},{"floor":61.0,"key":"Garlic"},{"floor":62.0,"key":"Juzu Bracelet"},{"floor":63.0,"key":"Happy Flower"},{"floor":76.0,"key":"conspire:Boomerang"},{"floor":77.0,"key":"Mirror"},{"floor":81.0,"key":"ReplayTheSpireMod:Lightbulb"},{"floor":82.0,"key":"Replay:Bottled Flurry"},{"floor":88.0,"key":"hubris:Reverence"},{"floor":89.0,"key":"CherryCoatedStake"},{"floor":92.0,"key":"aspiration:DSix"},{"floor":94.0,"key":"HeavenlyBonsai"},{"floor":96.0,"key":"Vajra"},{"floor":100.0,"key":"infinitespire:EmpoweringShard"},{"floor":105.0,"key":"infinitespire:Lucky Rock"},{"floor":108.0,"key":"Anchor"},{"floor":108.0,"key":"Art of War"},{"floor":111.0,"key":"Simple Rune"},{"floor":114.0,"key":"Prayer Wheel"},{"floor":114.0,"key":"Blue Doll"},{"floor":121.0,"key":"Centennial Puzzle"},{"floor":125,"key":"jedi:gremlinknob"},{"floor":125,"key":"Eternal Feather"},{"floor":128,"key":"conspire:GiftBox"},{"floor":129,"key":"Pantograph"},{"floor":129,"key":"MiniBlackHole"},{"floor":132,"key":"aspiration:FetidBarrel"},{"floor":132,"key":"hubris:Metronome"},{"floor":136,"key":"RollingBoulder"},{"floor":136,"key":"conspire:Flyswatter"},{"floor":136,"key":"Byrd Skull"},{"floor":138,"key":"Basket Of Snakes"},{"floor":138,"key":"ClockworkSouvenir"},{"floor":138,"key":"Grinning Jar"},{"floor":138,"key":"Replay:WaspNest"},{"floor":138,"key":"DollysMirror"},{"floor":140,"key":"Turnip"},{"floor":141,"key":"hubris:BottledRain"},{"floor":142,"key":"CeramicFish"},{"floor":142,"key":"hubris:AncientText"},{"floor":144,"key":"RetroEgg"},{"floor":144,"key":"Snack Pack"},{"floor":145,"key":"BrokenLever"},{"floor":147,"key":"Bottled Flame"},{"floor":148,"key":"Replay:Wax Seal"},{"floor":148,"key":"Bronze Scales"},{"floor":156,"key":"hubris:TenFootPole"},{"floor":156,"key":"ReplayTheSpireMod:TigerMarble"}],"event_choices":[{"damage_healed":0.0,"max_hp_gain":0.0,"max_hp_loss":0.0,"gold_gain":0.0,"event_name":"The Woman in Blue","player_choice":"Bought 0 Potions","floor":21.0,"gold_loss":0.0,"damage_taken":0.0},{"damage_healed":0.0,"max_hp_gain":0.0,"max_hp_loss":9.0,"gold_gain":0.0,"event_name":"betterThird:BetterWriting","player_choice":"Simplicity","floor":30.0,"gold_loss":0.0,"damage_taken":0.0},{"damage_healed":0.0,"max_hp_gain":0.0,"max_hp_loss":0.0,"gold_gain":0.0,"event_name":"Tomb of Lord Red Mask","player_choice":"Ignored","floor":44.0,"gold_loss":0.0,"damage_taken":0.0},{"damage_healed":0.0,"max_hp_gain":0.0,"max_hp_loss":4.0,"gold_gain":0.0,"event_name":"Winding Halls","player_choice":"Max HP","floor":47.0,"gold_loss":0.0,"damage_taken":0.0},{"damage_healed":0.0,"max_hp_gain":0.0,"max_hp_loss":0.0,"gold_gain":175.0,"event_name":"betterThird:BetterSerpent","player_choice":"AGREE","floor":54.0,"gold_loss":0.0,"damage_taken":800.0},{"damage_healed":0.0,"max_hp_gain":0.0,"max_hp_loss":0.0,"gold_gain":0.0,"event_name":"Transmorgrifier","player_choice":"Ignored","floor":71.0,"gold_loss":0.0,"damage_taken":0.0},{"damage_healed":0.0,"max_hp_gain":0.0,"max_hp_loss":0.0,"gold_gain":0.0,"event_name":"Beggar","player_choice":"Ignored","floor":72.0,"gold_loss":0.0,"damage_taken":0.0},{"damage_healed":0.0,"max_hp_gain":0.0,"max_hp_loss":0.0,"gold_gain":0.0,"event_name":"conspire:Investor","player_choice":"Leave","floor":79.0,"gold_loss":0.0,"damage_taken":0.0},{"cards_removed":["Flying Knee"],"damage_healed":0.0,"max_hp_gain":0.0,"max_hp_loss":0.0,"gold_gain":0.0,"event_name":"Falling","player_choice":"Removed Attack","floor":87.0,"gold_loss":0.0,"damage_taken":0.0},{"damage_healed":0.0,"max_hp_gain":0.0,"max_hp_loss":0.0,"gold_gain":0.0,"event_name":"Mysterious Sphere","player_choice":"Fight","floor":89.0,"gold_loss":0.0,"damage_taken":0.0},{"damage_healed":0.0,"max_hp_gain":1.0,"max_hp_loss":0.0,"gold_gain":75.0,"event_name":"betterThird:BetterGoop","player_choice":"Gold","floor":112.0,"gold_loss":0.0,"damage_taken":11.0},{"damage_healed":0,"gold_gain":0,"player_choice":"Bought 0 Potions","damage_taken":0,"max_hp_gain":0,"max_hp_loss":0,"event_name":"The Woman in Blue","floor":127,"gold_loss":0},{"damage_healed":0,"gold_gain":0,"player_choice":"Fight","damage_taken":0,"max_hp_gain":0,"max_hp_loss":0,"event_name":"Mysterious Sphere","floor":140,"gold_loss":0},{"damage_healed":0,"gold_gain":0,"player_choice":"Memory 3","damage_taken":10,"max_hp_gain":0,"max_hp_loss":0,"event_name":"SensoryStone","floor":146,"gold_loss":0}],"is_beta":false,"boss_relics":[{"not_picked":["energizedSpire:EnergizedDie","aspiration:FutureDiary"],"picked":"aspiration:RandomNobGenerator"},{"not_picked":["hubris:BlackHole","infinitespire:Cupcake"],"picked":"aspiration:DefectSkillbook"},{"not_picked":["energizedSpire:StickyHand","jedi:paperlyon"],"picked":"hubris:ScarierMask"},{"not_picked":["energizedSpire:OgreHead","energizedSpire:DeadBattery"],"picked":"Replay:Ancient Bell"},{"not_picked":["jedi:arcanewood","ReplayTheSpireMod:TigerMarble"],"picked":"Replay:Baseball"},{"not_picked":["conspire:BottledYoYo","RetroEgg"],"picked":"jedi:Pinwheel"},{"not_picked":["infinitespire:CursedDice","StoneCalendar"],"picked":"aspiration:HatOfInfinitePower"},{"not_picked":["CosmicIsotope","Astrolabe"],"picked":"energizedSpire:NeverEndingSparkler"},{"not_picked":["Snecko Scales","Sozu"],"picked":"Black Star"},{"not_picked":["hubris:RunicObelisk","Coffee Dripper"],"picked":"hubris:Backtick"},{"not_picked":["energizedSpire:OgreHead","Snecko Scales"],"picked":"Calling Bell"},{"not_picked":["ReplayTheSpireMod:SealedPack","energizedSpire:EnergizedDie"],"picked":"SacredBark"}],"items_purged_floors":[10,53,55,70,106],"is_endless":true,"potions_floor_spawned":[2,3,13,14,18,22,36,40,42,46,50,64,65,75,82,89,92,93,96,98,104,114,125,129,132,135,137,140,148,156],"ascension_level":1}}