{"host":"vumwfieg2b2mnrfl","time":1608665904,"event":{"mods":["AchievementEnabler","BaseMod","Minty Spire (QoL Compilation)","Rare Cards Sparkle","Relic Stats"],"gold_per_floor":[115,115,133,143,105,105,137,137,137,165,185,211,230,262,262,358,358,368,368,368,293,293,324,343,376,376,404,404,432,465,476,476,577,577,594,608,358,375,389,389,389,389,439,456,467,517,528,545,545,545],"floor_reached":51,"playtime":2649,"items_purged":["Strike_R","Writhe"],"score":1198,"play_id":"11208dd6-2003-4322-bf58-861f5044eb2d","local_time":"20201222133824","is_ascension_mode":true,"campfire_choices":[{"data":"Limit Break","floor":6.0,"key":"SMITH"},{"data":"Rampage","floor":8.0,"key":"SMITH"},{"floor":15.0,"key":"REST"},{"data":"Armaments","floor":28,"key":"SMITH"},{"floor":32,"key":"REST"},{"floor":40,"key":"REST"},{"data":"Fire Breathing","floor":42,"key":"SMITH"},{"data":"Armaments","floor":49,"key":"SMITH"}],"circlet_count":0,"master_deck":["AscendersBane","Strike_R","Strike_R","Strike_R","Strike_R","Defend_R","Defend_R","Defend_R","Defend_R","Bash","Limit Break+1","Carnage","Fiend Fire","Flame Barrier","Pommel Strike","Feel No Pain","Rampage+1","Shrug It Off","Armaments+1","Immolate","Power Through","Disarm","Berserk","Fire Breathing+1","RitualDagger","Reaper","Flame Barrier","Shrug It Off","Blood for Blood","Armaments+1","Flame Barrier","Fire Breathing+1","Dark Shackles","Purity","Pain","True Grit+1","Feel No Pain"],"relics":["Black Blood","Bottled Flame","Pear","Akabeko","Mercury Hourglass","Mummified Hand","Red Skull","Gremlin Horn","Darkstone Periapt","Ancient Tea Set","FossilizedHelix","InkBottle","Red Mask","Cursed Key","Bag of Marbles","Lantern","Du-Vu Doll"],"acts_visited":["Exordium","TheCity","TheBeyond"],"potions_floor_usage":[16,23,25,33,33,50,50,50],"damage_taken":[{"damage":5.0,"enemies":"Cultist","floor":1.0,"turns":4.0},{"damage":8.0,"enemies":"2 Louse","floor":3.0,"turns":3.0},{"damage":7.0,"enemies":"Jaw Worm","floor":4.0,"turns":3.0},{"damage":26.0,"enemies":"3 Sentries","floor":7.0,"turns":12.0},{"damage":32.0,"enemies":"Gremlin Nob","floor":10.0,"turns":4.0},{"damage":8.0,"enemies":"Large Slime","floor":11.0,"turns":3.0},{"damage":39.0,"enemies":"Lagavulin","floor":12.0,"turns":7.0},{"damage":1.0,"enemies":"2 Fungi Beasts","floor":13.0,"turns":3.0},{"damage":0.0,"enemies":"Gremlin Nob","floor":14.0,"turns":1.0},{"damage":30,"enemies":"The Guardian","floor":16,"turns":14},{"damage":20,"enemies":"3 Byrds","floor":18,"turns":4},{"damage":33,"enemies":"Gremlin Leader","floor":23,"turns":9},{"damage":16,"enemies":"Chosen","floor":24,"turns":6},{"damage":42,"enemies":"Slavers","floor":25,"turns":5},{"damage":31,"enemies":"Gremlin Leader","floor":27,"turns":9},{"damage":43,"enemies":"Slavers","floor":29,"turns":8},{"damage":47,"enemies":"Masked Bandits","floor":30,"turns":5},{"damage":0,"enemies":"Centurion and Healer","floor":31,"turns":7},{"damage":100,"enemies":"Automaton","floor":33,"turns":10},{"damage":31,"enemies":"3 Darklings","floor":35,"turns":8},{"damage":8,"enemies":"3 Shapes","floor":36,"turns":3},{"damage":26,"enemies":"Jaw Worm Horde","floor":38,"turns":6},{"damage":36,"enemies":"Maw","floor":39,"turns":10},{"damage":23,"enemies":"Sphere and 2 Shapes","floor":44,"turns":6},{"damage":9,"enemies":"3 Darklings","floor":45,"turns":4},{"damage":1,"enemies":"Mind Bloom Boss Battle","floor":46,"turns":6},{"damage":80,"enemies":"Maw","floor":47,"turns":12},{"damage":4,"enemies":"4 Shapes","floor":48,"turns":1},{"damage":64,"enemies":"Donu and Deca","floor":50,"turns":9}],"seed_played":"5562526129607570244","potions_obtained":[{"floor":1.0,"key":"BloodPotion"},{"floor":11.0,"key":"SneckoOil"},{"floor":12.0,"key":"ElixirPotion"},{"floor":13.0,"key":"Swift Potion"},{"floor":16,"key":"Swift Potion"},{"floor":18,"key":"Strength Potion"},{"floor":24,"key":"SneckoOil"},{"floor":31,"key":"Swift Potion"},{"floor":39,"key":"Strength Potion"},{"floor":45,"key":"SpeedPotion"},{"floor":46,"key":"HeartOfIron"},{"floor":48,"key":"LiquidMemories"}],"is_trial":false,"path_per_floor":["M","?","M","M","$","R","E","R","T","E","M","E","M","E","R","B",null,"M","?","?","$","?","E","M","E","T","E","R","E","?","M","R","B",null,"M","M","$","M","M","R","?","R","T","M","M","?","M","M","R","B",null],"character_chosen":"IRONCLAD","items_purchased":["Feel No Pain","Bag of Marbles"],"campfire_rested":3,"item_purchase_floors":[5,37],"current_hp_per_floor":[73,73,71,70,70,70,50,50,60,34,32,17,22,28,55,31,75,67,61,61,61,61,40,36,51,51,68,68,51,16,64,90,14,71,62,66,66,60,46,73,63,63,69,58,61,72,13,96,96,44],"gold":545,"neow_bonus":"ONE_RANDOM_RARE_CARD","is_daily":false,"chose_seed":false,"campfire_upgraded":5,"win_rate":0.0,"timestamp":1608665904,"path_taken":["M","?","M","?","?","R","E","R","T","E","M","E","?","E","R","BOSS","M","?","?","$","?","E","M","E","T","E","R","E","?","M","R","BOSS","M","M","$","M","M","R","?","R","T","M","M","?","M","M","R","BOSS"],"items_purchased_type":["Card","Relic"],"build_version":"2020-12-13","purchased_purges":2,"victory":true,"max_hp_per_floor":[80,80,80,80,80,80,80,80,90,90,90,90,90,90,90,90,90,90,90,90,90,90,90,90,90,90,90,90,90,90,90,90,90,90,90,90,90,90,90,90,90,90,96,96,96,96,96,96,96,96],"relic_stats":{"Darkstone Periapt":6,"Gremlin Horn":[31,31],"counters":[29,179],"Mummified Hand":[46],"Black Blood":280,"Cursed Key":1,"obtain_stats":[{"Darkstone Periapt":25,"Lantern":43,"Pear":9,"Gremlin Horn":23,"Black Blood":17,"Ancient Tea Set":26,"Cursed Key":34,"Burning Blood":0,"Akabeko":10,"Mercury Hourglass":12,"Du-Vu Doll":46,"Bottled Flame":7,"Mummified Hand":14,"Red Mask":30,"Bag of Marbles":37,"Red Skull":22,"FossilizedHelix":27,"InkBottle":29},{"Darkstone Periapt":14,"Lantern":23,"Pear":4,"Gremlin Horn":12,"Black Blood":10,"Ancient Tea Set":14,"Cursed Key":19,"Burning Blood":0,"Akabeko":5,"Mercury Hourglass":7,"Du-Vu Doll":26,"Bottled Flame":4,"Mummified Hand":9,"Red Mask":17,"Bag of Marbles":21,"Red Skull":11,"FossilizedHelix":15,"InkBottle":16},{"Darkstone Periapt":78,"Lantern":143,"Pear":22,"Gremlin Horn":67,"Black Blood":54,"Ancient Tea Set":78,"Cursed Key":116,"Burning Blood":0,"Akabeko":26,"Mercury Hourglass":36,"Du-Vu Doll":158,"Bottled Flame":22,"Mummified Hand":40,"Red Mask":99,"Bag of Marbles":127,"Red Skull":58,"FossilizedHelix":87,"InkBottle":94}],"InkBottle":[26],"Mercury Hourglass":[643]},"card_choices":[{"not_picked":["Cleave","Headbutt"],"picked":"Carnage","floor":1.0},{"not_picked":["Heavy Blade","Blood for Blood"],"picked":"Flame Barrier","floor":3.0},{"not_picked":["Body Slam","Thunderclap"],"picked":"Pommel Strike","floor":4.0},{"not_picked":["Dropkick","Fiend Fire"],"picked":"Rampage","floor":7.0},{"not_picked":["Dark Embrace","Corruption"],"picked":"Shrug It Off","floor":10.0},{"not_picked":["Clothesline","Body Slam"],"picked":"Armaments","floor":11.0},{"not_picked":["Sword Boomerang","Body Slam"],"picked":"Immolate","floor":12.0},{"not_picked":["Burning Pact","Thunderclap"],"picked":"Power Through","floor":13.0},{"not_picked":["Clash","Thunderclap"],"picked":"Disarm","floor":14.0},{"not_picked":["Impervious","Fiend Fire"],"picked":"Berserk","floor":16},{"not_picked":["Body Slam","Thunderclap"],"picked":"Fire Breathing","floor":18},{"not_picked":["Body Slam","Pommel Strike"],"picked":"Reaper","floor":23},{"not_picked":["Thunderclap+1","Searing Blow"],"picked":"Flame Barrier","floor":24},{"not_picked":["Inflame","Reckless Charge"],"picked":"Shrug It Off","floor":25},{"not_picked":["Warcry","Anger"],"picked":"Blood for Blood","floor":27},{"not_picked":["Blood for Blood","Sword Boomerang+1"],"picked":"Armaments","floor":29},{"not_picked":["Exhume","Bloodletting"],"picked":"Flame Barrier","floor":31},{"not_picked":["Armaments+1","Flame Barrier+1"],"picked":"Fire Breathing+1","floor":35},{"not_picked":["Thunderclap","Clash","Sword Boomerang+1"],"picked":"SKIP","floor":36},{"not_picked":["Seeing Red","Bloodletting","Pommel Strike+1"],"picked":"SKIP","floor":38},{"not_picked":["Wild Strike","Sword Boomerang","True Grit"],"picked":"SKIP","floor":39},{"not_picked":["Chrysalis","Bandage Up"],"picked":"Dark Shackles","floor":41},{"not_picked":["Flash of Steel","Finesse"],"picked":"Purity","floor":41},{"not_picked":["Bloodletting+1","Pommel Strike"],"picked":"True Grit+1","floor":44},{"not_picked":["Perfected Strike+1","Clash+1"],"picked":"Feel No Pain","floor":45},{"not_picked":["Havoc","Flex+1","Shrug It Off"],"picked":"SKIP","floor":47},{"not_picked":["Intimidate+1","Havoc","Combust"],"picked":"SKIP","floor":48}],"player_experience":286225,"relics_obtained":[{"floor":7.0,"key":"Bottled Flame"},{"floor":9.0,"key":"Pear"},{"floor":10.0,"key":"Akabeko"},{"floor":12.0,"key":"Mercury Hourglass"},{"floor":14.0,"key":"Mummified Hand"},{"floor":23,"key":"Gremlin Horn"},{"floor":25,"key":"Darkstone Periapt"},{"floor":26,"key":"Ancient Tea Set"},{"floor":27,"key":"FossilizedHelix"},{"floor":29,"key":"InkBottle"},{"floor":30,"key":"Red Mask"},{"floor":43,"key":"Lantern"},{"floor":46,"key":"Du-Vu Doll"}],"event_choices":[{"damage_healed":0.0,"max_hp_gain":0.0,"max_hp_loss":0.0,"gold_gain":0.0,"event_name":"Match and Keep!","player_choice":"1 cards matched","floor":2.0,"gold_loss":0.0,"damage_taken":0.0,"cards_obtained":["Fiend Fire"]},{"damage_healed":0,"gold_gain":0,"player_choice":"Joined the Cult","damage_taken":6,"max_hp_gain":0,"max_hp_loss":0,"event_name":"Nest","floor":19,"gold_loss":0,"cards_obtained":["RitualDagger"]},{"damage_healed":0,"gold_gain":0,"player_choice":"Ignored","damage_taken":0,"max_hp_gain":0,"max_hp_loss":0,"event_name":"Vampires","floor":20,"gold_loss":0},{"damage_healed":0,"gold_gain":0,"player_choice":"Opened","damage_taken":0,"relics_obtained":["Red Skull"],"max_hp_gain":0,"max_hp_loss":0,"event_name":"The Mausoleum","floor":22,"gold_loss":0,"cards_obtained":["Writhe"]},{"damage_healed":0,"gold_gain":0,"player_choice":"Fought Bandits","damage_taken":0,"max_hp_gain":0,"max_hp_loss":0,"event_name":"Masked Bandits","floor":30,"gold_loss":0},{"damage_healed":0,"gold_gain":0,"player_choice":"Memory 3","damage_taken":10,"max_hp_gain":0,"max_hp_loss":0,"event_name":"SensoryStone","floor":41,"gold_loss":0},{"damage_healed":0,"gold_gain":0,"player_choice":"Fight","damage_taken":0,"max_hp_gain":0,"max_hp_loss":0,"event_name":"MindBloom","floor":46,"gold_loss":0}],"is_beta":false,"boss_relics":[{"not_picked":["Tiny House","Empty Cage"],"picked":"Black Blood"},{"not_picked":["Calling Bell","Black Star"],"picked":"Cursed Key"}],"items_purged_floors":[21,37],"is_endless":false,"potions_floor_spawned":[1,11,12,13,16,18,24,31,39,45,46,48],"ascension_level":10}}