{"host":"jv6ql3rcplqr94ru","time":1608627712,"event":{"mods":["AchievementEnabler","Act Like it!","BaseMod","Colored Map","Downfall","Minty Spire (QoL Compilation)","Rare Cards Sparkle","StSLib","The Poker Player","everything is the same but u backflip on backflip","slay the spire mod where everything is the same but ironclad has a cowboy hat"],"gold_per_floor":[99,99,99,99,110,110,110,127,139,139,149,162,147,160,179,179,179,179],"floor_reached":16,"playtime":1223,"items_purged":[],"score":94,"play_id":"c35fd8f1-4ba5-4b44-921a-7cbf8ae3aa56","local_time":"20201222100152","is_ascension_mode":false,"campfire_choices":[{"data":"Slimebound:Split","floor":1.0,"key":"SMITH"},{"data":"Slimebound:Tackle","floor":3.0,"key":"SMITH"},{"data":"Slimebound:ComboTackle","floor":6.0,"key":"SMITH"},{"data":"Slimebound:DuplicatedForm","floor":10.0,"key":"SMITH"}],"circlet_count":0,"master_deck":["Slimebound:Strike_Slimebound","Slimebound:Strike_Slimebound","Slimebound:Tackle+1","Slimebound:Defend_Slimebound","Slimebound:Defend_Slimebound","Slimebound:Defend_Slimebound","Slimebound:Defend_Slimebound","Slimebound:Split+1","Slimebound:CorrosiveSpit","Slimebound:ComboTackle+1","Slimebound:DuplicatedForm+1","Slimebound:ComboTackle","Slimebound:ViciousTackle"],"relics":["Slimebound:AbsorbEndCombat","Darkstone Periapt"],"acts_visited":["Exordium"],"potions_floor_usage":[16,16],"damage_taken":[{"damage":12.0,"enemies":"Jaw Worm","floor":5.0,"turns":3.0},{"damage":14.0,"enemies":"Cultist","floor":8.0,"turns":3.0},{"damage":8.0,"enemies":"Small Slimes","floor":9.0,"turns":2.0},{"damage":47.0,"enemies":"3 Louse","floor":11.0,"turns":3.0},{"damage":31.0,"enemies":"Blue Slaver","floor":12.0,"turns":3.0},{"damage":20.0,"enemies":"downfall:FleeingMerchant","floor":13.0,"turns":4.0},{"damage":15.0,"enemies":"3 Louse","floor":14.0,"turns":4.0},{"damage":17.0,"enemies":"Blue Slaver","floor":15.0,"turns":4.0},{"damage":53,"enemies":"downfall:Ironclad","floor":16,"turns":3}],"seed_played":"-1634782754513430300","potions_obtained":[{"floor":5.0,"key":"LiquidMemories"},{"floor":9.0,"key":"DistilledChaos"},{"floor":12.0,"key":"FearPotion"}],"is_trial":false,"path_per_floor":["R","?","R","?","M","R","T","M","M","R","M","M","$","M","M","B"],"character_chosen":"SLIMEBOUND","items_purchased":[],"campfire_rested":0,"item_purchase_floors":[],"current_hp_per_floor":[66,71,71,71,69,69,69,67,69,69,49,45,41,38,33,0,0,0],"gold":179,"neow_bonus":"TEN_PERCENT_HP_BONUS","is_daily":false,"chose_seed":false,"campfire_upgraded":4,"win_rate":0.0,"timestamp":1608627712,"path_taken":["R","?","R","?","M","R","T","?","M","R","M","?","$","?","M","BOSS"],"items_purchased_type":[],"build_version":"2020-12-13","purchased_purges":0,"victory":false,"max_hp_per_floor":[66,71,71,71,71,71,71,71,71,71,71,71,71,71,71,71,71,71],"card_choices":[{"not_picked":["Slimebound:Dissolve","Slimebound:PressTheAttack"],"picked":"Slimebound:ComboTackle","floor":5.0},{"not_picked":["Slimebound:SamplingLick","Slimebound:GoopSpray"],"picked":"Slimebound:DuplicatedForm","floor":8.0},{"not_picked":["Slimebound:LeechEnergy","Slimebound:GrowthPunch"],"picked":"Slimebound:ComboTackle","floor":9.0},{"not_picked":["Slimebound:ComboTackle","Slimebound:Overexert","Slimebound:Schlurp"],"picked":"SKIP","floor":11.0},{"not_picked":["Slimebound:SpikyOuterGoop","Slimebound:SlimeBarrage","Slimebound:HauntingLick"],"picked":"SKIP","floor":12.0},{"not_picked":["Slimebound:Dissolve","Slimebound:ProtectTheBoss"],"picked":"Slimebound:ViciousTackle","floor":13.0},{"not_picked":["Slimebound:SlimeSpikes","Slimebound:Schlurp","Slimebound:SplitLeeching"],"picked":"SKIP","floor":14.0},{"not_picked":["Slimebound:Dissolve","Slimebound:ProtectTheBoss","Slimebound:SlimeSpikes"],"picked":"SKIP","floor":15.0}],"player_experience":318925,"relics_obtained":[{"floor":7.0,"key":"Darkstone Periapt"}],"event_choices":[{"damage_healed":0.0,"max_hp_gain":5.0,"max_hp_loss":0.0,"gold_gain":0.0,"event_name":"Big Fish","player_choice":"Donut","floor":2.0,"gold_loss":0.0,"damage_taken":0.0},{"cards_removed":["Slimebound:Strike_Slimebound"],"damage_healed":0.0,"max_hp_gain":0.0,"max_hp_loss":0.0,"gold_gain":0.0,"event_name":"Bonfire Elementals","player_choice":"Offered Basic","floor":4.0,"gold_loss":0.0,"damage_taken":0.0}],"is_beta":false,"boss_relics":[],"items_purged_floors":[],"is_endless":false,"potions_floor_spawned":[5,9,12],"killed_by":"downfall:Ironclad","ascension_level":0}}