{"host":"6wux4armhsntp4yb","time":1608649770,"event":{"mods":["BaseMod","Colored Map","DeckTracker","Minty Spire (QoL Compilation)","Relic Stats"],"gold_per_floor":[111,126,126,139,152,152,152,152,179,179,5,19,66,93,93,200,200,227,227,236,261,22,22,54,70,70,70,70,70,70,70],"floor_reached":30,"playtime":1446,"items_purged":["Strike_G"],"score":496,"play_id":"41ad6505-1c86-4bc4-9c04-acac8cf3a36f","local_time":"20201223000930","is_ascension_mode":true,"campfire_choices":[{"data":"Mayhem","floor":6.0,"key":"SMITH"},{"data":"Neutralize","floor":8.0,"key":"SMITH"},{"data":"Dash","floor":10.0,"key":"SMITH"},{"data":"Footwork","floor":15.0,"key":"SMITH"},{"data":"A Thousand Cuts","floor":23.0,"key":"SMITH"},{"data":"Noxious Fumes","floor":29,"key":"SMITH"}],"circlet_count":0,"master_deck":["AscendersBane","Strike_G+1","Strike_G+1","Strike_G+1","Strike_G+1","Defend_G+1","Defend_G+1","Defend_G+1","Defend_G+1","Defend_G+1","Survivor","Neutralize+1","Mayhem+1","Caltrops","Dash+1","Leg Sweep","Footwork+1","Flechettes","Terror","Acrobatics","A Thousand Cuts+1","Noxious Fumes+1","Predator","Cloak And Dagger+1"],"relics":["Ring of the Snake","Bloody Idol","Bronze Scales","CeramicFish","Coffee Dripper","TwistedFunnel","Potion Belt","Bag of Marbles"],"acts_visited":["Exordium","TheCity"],"potions_floor_usage":[],"damage_taken":[{"damage":9.0,"enemies":"Small Slimes","floor":1.0,"turns":5.0},{"damage":2.0,"enemies":"2 Louse","floor":2.0,"turns":4.0},{"damage":0.0,"enemies":"Cultist","floor":4.0,"turns":4.0},{"damage":3.0,"enemies":"3 Louse","floor":5.0,"turns":5.0},{"damage":0.0,"enemies":"2 Fungi Beasts","floor":12.0,"turns":5.0},{"damage":6.0,"enemies":"Lagavulin","floor":13.0,"turns":10.0},{"damage":0.0,"enemies":"Looter","floor":14.0,"turns":4.0},{"damage":28.0,"enemies":"The Guardian","floor":16.0,"turns":11.0},{"damage":2.0,"enemies":"Shell Parasite","floor":18.0,"turns":4.0},{"damage":14.0,"enemies":"2 Thieves","floor":21.0,"turns":5.0},{"damage":41.0,"enemies":"Book of Stabbing","floor":24.0,"turns":5.0},{"damage":7.0,"enemies":"Snake Plant","floor":25.0,"turns":4.0},{"damage":3,"enemies":"Colosseum Slavers","floor":28,"turns":5},{"damage":27,"enemies":"Gremlin Leader","floor":30,"turns":4}],"seed_played":"1210868854096673626","potions_obtained":[{"floor":2.0,"key":"Fruit Juice"},{"floor":4.0,"key":"LiquidBronze"},{"floor":16.0,"key":"SpeedPotion"},{"floor":21.0,"key":"LiquidMemories"}],"is_trial":false,"path_per_floor":["M","M","?","M","M","R","?","R","T","R","$","M","E","M","R","B",null,"M","?","?","M","$","R","E","M","T","?","?","R","E"],"character_chosen":"THE_SILENT","items_purchased":["Footwork","LiquidMemories","TwistedFunnel"],"campfire_rested":0,"item_purchase_floors":[11,11,22],"current_hp_per_floor":[35,33,33,33,30,30,60,60,60,60,60,60,54,54,54,26,52,50,50,55,56,56,56,20,18,18,18,15,15,0,0],"gold":70,"neow_bonus":"RANDOM_COLORLESS_2","is_daily":false,"chose_seed":false,"campfire_upgraded":6,"win_rate":0.0,"timestamp":1608649770,"path_taken":["M","M","?","M","M","R","?","R","T","R","$","?","E","M","R","BOSS","M","?","?","M","$","R","E","M","T","?","?","R","E"],"items_purchased_type":["Card","Potion","Relic"],"build_version":"2020-12-13","purchased_purges":1,"victory":false,"max_hp_per_floor":[66,66,60,60,60,60,60,60,60,60,60,60,60,60,60,60,60,60,60,60,60,60,60,60,60,60,60,60,60,60,60],"relic_stats":{"counters":[14,75],"Bloody Idol":30,"Bronze Scales":[173],"CeramicFish":54,"obtain_stats":[{"TwistedFunnel":22,"Potion Belt":24,"Golden Idol":3,"Bronze Scales":9,"CeramicFish":13,"Bloody Idol":19,"Coffee Dripper":17,"Bag of Marbles":26,"Ring of the Snake":0},{"TwistedFunnel":10,"Potion Belt":11,"Golden Idol":2,"Bronze Scales":4,"CeramicFish":6,"Bloody Idol":9,"Coffee Dripper":8,"Bag of Marbles":12,"Ring of the Snake":0},{"TwistedFunnel":57,"Potion Belt":62,"Golden Idol":9,"Bronze Scales":18,"CeramicFish":33,"Bloody Idol":52,"Coffee Dripper":48,"Bag of Marbles":66,"Ring of the Snake":0}],"Ring of the Snake":[28]},"card_choices":[{"not_picked":["Thinking Ahead","Secret Weapon"],"picked":"Mayhem","floor":0.0},{"not_picked":["Blade Dance","Setup","Prepared"],"picked":"SKIP","floor":1.0},{"not_picked":["Finisher","Tactician"],"picked":"Caltrops","floor":2.0},{"not_picked":["Sucker Punch","Dagger Spray"],"picked":"Dash","floor":4.0},{"not_picked":["Backflip","Sucker Punch"],"picked":"Leg Sweep","floor":5.0},{"not_picked":["Cloak And Dagger","Sucker Punch"],"picked":"Flechettes","floor":12.0},{"not_picked":["PiercingWail","Poisoned Stab"],"picked":"Terror","floor":13.0},{"not_picked":["Expertise","Dagger Throw"],"picked":"Acrobatics","floor":14.0},{"not_picked":["Adrenaline","Tools of the Trade"],"picked":"A Thousand Cuts","floor":16.0},{"not_picked":["Escape Plan","Infinite Blades+1"],"picked":"Noxious Fumes","floor":18.0},{"not_picked":["Bane+1","Noxious Fumes"],"picked":"Cloak And Dagger+1","floor":21.0},{"not_picked":["Acrobatics","Sucker Punch+1","Quick Slash"],"picked":"SKIP","floor":24.0},{"not_picked":["Terror","Poisoned Stab","Dash"],"picked":"SKIP","floor":25.0}],"player_experience":5681940,"relics_obtained":[{"floor":9.0,"key":"Bronze Scales"},{"floor":13.0,"key":"CeramicFish"},{"floor":24.0,"key":"Potion Belt"},{"floor":26.0,"key":"Bag of Marbles"}],"event_choices":[{"damage_healed":0.0,"max_hp_gain":0.0,"max_hp_loss":6.0,"gold_gain":0.0,"event_name":"Golden Idol","player_choice":"Lose Max HP","floor":3.0,"gold_loss":0.0,"damage_taken":0.0,"relics_obtained":["Golden Idol"]},{"damage_healed":30.0,"max_hp_gain":0.0,"max_hp_loss":0.0,"gold_gain":0.0,"event_name":"Wheel of Change","player_choice":"Full Heal","floor":7.0,"gold_loss":0.0,"damage_taken":0.0},{"damage_healed":0.0,"max_hp_gain":0.0,"max_hp_loss":0.0,"gold_gain":0.0,"event_name":"Forgotten Altar","player_choice":"Gave Idol","floor":19.0,"relics_lost":["Golden Idol"],"gold_loss":0.0,"damage_taken":0.0,"relics_obtained":["Bloody Idol"]},{"damage_healed":0.0,"max_hp_gain":0.0,"max_hp_loss":0.0,"gold_gain":0.0,"event_name":"The Library","player_choice":"Read","floor":20.0,"gold_loss":0.0,"damage_taken":0.0,"cards_obtained":["Predator"]},{"damage_healed":0.0,"max_hp_gain":0.0,"max_hp_loss":0.0,"gold_gain":0.0,"event_name":"Back to Basics","player_choice":"Simplicity","floor":27.0,"gold_loss":0.0,"damage_taken":0.0,"cards_upgraded":["Strike_G","Strike_G","Strike_G","Strike_G","Defend_G","Defend_G","Defend_G","Defend_G","Defend_G"]},{"damage_healed":0,"gold_gain":0,"player_choice":"Fight","damage_taken":0,"max_hp_gain":0,"max_hp_loss":0,"event_name":"Colosseum","floor":28,"gold_loss":0},{"damage_healed":0,"gold_gain":0,"player_choice":"Fled From Nobs","damage_taken":0,"max_hp_gain":0,"max_hp_loss":0,"event_name":"Colosseum","floor":28,"gold_loss":0}],"is_beta":false,"boss_relics":[{"not_picked":["Runic Dome","WristBlade"],"picked":"Coffee Dripper"}],"items_purged_floors":[22],"is_endless":false,"potions_floor_spawned":[2,4,16,21],"killed_by":"Gremlin Leader","ascension_level":20}}