{"host":"7k9p1ph7t34jgtvp","time":1608614201,"event":{"mods":["BaseMod","Better Vampires","BetterRewards","Colored Powertips","Downfall","Infinite Spire","Minty Spire (QoL Compilation)","Quick Restart","Relic Stats","Replay The Spire","Shop Mod","Spicy Shops","StSLib","Waifu the Spire"],"gold_per_floor":[111,205,205,205,214,265,319,361,385,394,413,413,436,64,64,213,313,340,349,349,349,385,385,394,394,419,439,448,448,448,448,448,586,586,608,608,608,608,617,670,670,670,670,679,724,724,724,777,777,911,938,939,904,904,904],"floor_reached":54,"playtime":2115,"items_purged":[],"score":839,"play_id":"399f8a3b-9ff0-4c8c-8fe3-425adfbf5e3b","local_time":"20201222001641","daily_mods":["SealedDeck","Specialized","Heirloom","Time Dilation","Flight"],"is_ascension_mode":true,"campfire_choices":[{"data":"Tactician","floor":10.0,"key":"SMITH"},{"data":"Acrobatics","floor":15.0,"key":"SMITH"},{"data":"Well Laid Plans","floor":23.0,"key":"SMITH"},{"data":"Burst","floor":25.0,"key":"SMITH"},{"floor":28.0,"key":"REST"},{"data":"Adrenaline","floor":30.0,"key":"SMITH"},{"data":"Leg Sweep","floor":32.0,"key":"SMITH"},{"data":"Night Terror","floor":41.0,"key":"SMITH"},{"data":"Catalyst","floor":42.0,"key":"SMITH"},{"data":"Adrenaline","floor":44.0,"key":"SMITH"},{"data":"Noxious Fumes","floor":46.0,"key":"SMITH"},{"data":"Acrobatics","floor":47.0,"key":"SMITH"},{"data":"Crippling Poison","floor":49.0,"key":"SMITH"}],"circlet_count":213,"master_deck":["After Image","After Image","After Image","After Image","Poisoned Stab","ReplayTheSpireMod:Scrap Shanks","ReplayTheSpireMod:The Works","Skewer","Deadly Poison","Leg Sweep+1","Acrobatics+1","Backflip","Injury","Acrobatics+1","Madness","Tactician+1","Madness","Madness","Noxious Fumes+1","Footwork+1","Madness","Madness","Blur","Well Laid Plans+1","Madness","Burst+1","Madness","Madness","Madness","Madness","Crippling Poison+1","Madness","Envenom","Draining Mist+1","Dagger Throw+1","Choke+1","Madness"],"relics":["Ring of the Snake","replay:Trail_Library","infinitespire:Joker Card","CeramicFish","Circlet","NeowsBlessing","Golden Idol","Blue Doll","Matryoshka","Ancient Tea Set","Pen Nib","Paper Crane","TwistedFunnel","Strawberry","Replay:Wanted Poster","Quantum Egg","Bag of Preparation","Replay:Wax Seal","Potion Belt","Replay:Bronze Core","NeowsBlessing","infinitespire:Beetle Shell","Byrd Skull","Dream Catcher","ReplayTheSpireMod:Lightbulb","Astrolabe","replay:Trail_Library","GremlinMask"],"acts_visited":[],"potions_floor_usage":[],"damage_taken":[{"damage":0.0,"enemies":"Cultist","floor":1.0,"turns":6.0},{"damage":0.0,"enemies":"Gremlin Nob","floor":6.0,"turns":1.0},{"damage":0.0,"enemies":"3 Sentries","floor":7.0,"turns":2.0},{"damage":0.0,"enemies":"Gremlin Nob","floor":8.0,"turns":1.0},{"damage":1.0,"enemies":"Small Slimes","floor":11.0,"turns":4.0},{"damage":5.0,"enemies":"Jaw Worm","floor":13.0,"turns":4.0},{"damage":41.0,"enemies":"Hexaghost","floor":16.0,"turns":9.0},{"damage":13.0,"enemies":"2 Thieves","floor":18.0,"turns":4.0},{"damage":5.0,"enemies":"3 Byrds","floor":22.0,"turns":6.0},{"damage":24.0,"enemies":"Sentry and Sphere","floor":27.0,"turns":4.0},{"damage":23.0,"enemies":"Champ","floor":33.0,"turns":10.0},{"damage":0.0,"enemies":"Orb Walker","floor":35.0,"turns":2.0},{"damage":0.0,"enemies":"Nightmare","floor":40.0,"turns":1.0},{"damage":6.0,"enemies":"Giant Head","floor":45.0,"turns":1.0},{"damage":0.0,"enemies":"R_Hoarder","floor":48.0,"turns":1.0},{"damage":20.0,"enemies":"Donu and Deca","floor":50.0,"turns":8.0},{"damage":64.0,"enemies":"Cultist","floor":52.0,"turns":5.0}],"seed_played":"7419521390861311889","potions_obtained":[{"floor":1.0,"key":"Languid Potion"},{"floor":2.0,"key":"SpeedPotion"},{"floor":2.0,"key":"Toxic Potion"},{"floor":8.0,"key":"SpeedPotion"},{"floor":27.0,"key":"GhostInAJar"},{"floor":31.0,"key":"Guardian:BlockOnCardUsePotion"},{"floor":31.0,"key":"Guardian:BlockOnCardUsePotion"},{"floor":31.0,"key":"EssenceOfSteel"},{"floor":50.0,"key":"PowerPotion"}],"is_trial":true,"path_per_floor":["M","?","WH","WH","WH","E","E","E","T","R","M","?","M","$","R","B",null,"M","WH","?","WH","M","R","WH","R","T","M","R","?","R","WH","R","B",null,"M","WH","?","WH","WH","NM","R","R","T","R","E","R","R","E","R","B",null,"M","?","?"],"character_chosen":"THE_SILENT","items_purchased":["TwistedFunnel","Strawberry","Footwork+1"],"campfire_rested":1,"item_purchase_floors":[14,14,14],"current_hp_per_floor":[70,42,42,42,42,42,42,42,42,42,41,41,36,43,43,2,77,64,64,64,64,61,61,61,61,61,38,61,61,61,61,61,42,77,77,84,84,84,84,84,84,84,84,84,84,84,84,84,84,80,84,49,70,70,70],"gold":904,"neow_bonus":"ONE_RANDOM_RARE_CARD","is_daily":false,"chose_seed":false,"campfire_upgraded":12,"win_rate":0.0,"timestamp":1608614201,"path_taken":["M","?","WH","WH","WH","E","E","E","T","R","?","?","M","$","R","BOSS","M","WH","?","WH","M","R","WH","R","T","?","R","?","R","WH","R","BOSS","M","WH","?","WH","WH","NM","R","R","T","R","E","R","R","E","R","BOSS","M","?","?"],"items_purchased_type":["Relic","Relic","Card"],"build_version":"2020-12-13","purchased_purges":0,"victory":false,"max_hp_per_floor":[70,70,70,70,70,70,70,70,70,70,70,70,70,77,77,77,77,77,77,77,77,77,77,77,77,77,77,77,77,77,77,77,77,77,77,84,84,84,84,84,84,84,84,84,84,84,84,84,84,84,84,84,84,84,84],"relic_stats":{"Dream Catcher":0,"counters":[27,98],"Golden Idol":146,"CeramicFish":288,"Astrolabe":[],"Pen Nib":[9],"Bag of Preparation":[0],"obtain_stats":[{"TwistedFunnel":14,"CeramicFish":2,"Blue Doll":6,"GremlinMask":54,"Bag of Preparation":21,"Ancient Tea Set":8,"Replay:Wanted Poster":17,"CogitoBucket":3,"Dream Catcher":45,"Matryoshka":7,"Strawberry":14,"Replay:Bronze Core":34,"Replay:Wax Seal":26,"Byrd Skull":43,"Ring of the Snake":0,"replay:Trail_Library":0,"Potion Belt":26,"NeowsBlessing":4,"Golden Idol":5,"Quantum Egg":20,"Astrolabe":51,"Circlet":0,"infinitespire:Joker Card":0,"Pen Nib":9,"infinitespire:Beetle Shell":40,"Paper Crane":9,"BehaviorAdjustment":18,"ReplayTheSpireMod:Lightbulb":48},{"TwistedFunnel":14,"CeramicFish":9,"Blue Doll":10,"GremlinMask":27,"Bag of Preparation":17,"Ancient Tea Set":12,"Replay:Wanted Poster":15,"CogitoBucket":9,"Dream Catcher":23,"Matryoshka":11,"Strawberry":14,"Replay:Bronze Core":20,"Replay:Wax Seal":18,"Byrd Skull":22,"Ring of the Snake":0,"replay:Trail_Library":8,"Potion Belt":18,"NeowsBlessing":9,"Golden Idol":9,"Quantum Egg":17,"Astrolabe":25,"Circlet":0,"infinitespire:Joker Card":8,"Pen Nib":12,"infinitespire:Beetle Shell":22,"Paper Crane":12,"BehaviorAdjustment":17,"ReplayTheSpireMod:Lightbulb":24},{"TwistedFunnel":45,"CeramicFish":33,"Blue Doll":34,"GremlinMask":98,"Bag of Preparation":59,"Ancient Tea Set":37,"Replay:Wanted Poster":54,"CogitoBucket":33,"Dream Catcher":83,"Matryoshka":36,"Strawberry":45,"Replay:Bronze Core":79,"Replay:Wax Seal":65,"Byrd Skull":82,"Ring of the Snake":0,"replay:Trail_Library":27,"Potion Belt":65,"NeowsBlessing":33,"Golden Idol":33,"Quantum Egg":59,"Astrolabe":92,"Circlet":0,"infinitespire:Joker Card":27,"Pen Nib":37,"infinitespire:Beetle Shell":82,"Paper Crane":37,"BehaviorAdjustment":59,"ReplayTheSpireMod:Lightbulb":84}],"Ring of the Snake":[0]},"card_choices":[{"not_picked":["Sucker Punch","Hidden Blade"],"picked":"Backflip","floor":1.0},{"not_picked":["Heel Hook","Poisoned Stab"],"picked":"Catalyst","floor":2.0},{"not_picked":["Hidden Blade","Poisoned Stab"],"picked":"Acrobatics","floor":6.0},{"not_picked":["BigBadWolf","Laetitia"],"picked":"Bloodbath","floor":6.0},{"not_picked":["Endless Agony","Sucker Punch"],"picked":"Tactician","floor":7.0},{"not_picked":["ShyLook","CrumblingArmor"],"picked":"UniverseFragment","floor":7.0},{"not_picked":["VoidDream","HappyTeddy","CrumblingArmor"],"picked":"Singing Bowl","floor":8.0},{"not_picked":["PunishingBird","WhitesApple"],"picked":"DespairKnight","floor":8.0},{"not_picked":["Dodge and Roll","Flechettes","Bane"],"picked":"SKIP","floor":8.0},{"not_picked":["Dodge and Roll","Flechettes","Bane"],"picked":"SKIP","floor":8.0},{"not_picked":["Dodge and Roll","Flechettes","Bane"],"picked":"SKIP","floor":8.0},{"not_picked":["ShyLook","FairyFestival","BeautyBeast"],"picked":"Singing Bowl","floor":11.0},{"not_picked":["Bane","Skewer","Prepared"],"picked":"SKIP","floor":11.0},{"not_picked":["FieryBird","OldLady"],"picked":"RedShoes","floor":13.0},{"not_picked":["Blade Dance","Prepared","Dagger Spray"],"picked":"SKIP","floor":13.0},{"not_picked":["ReplayTheSpireMod:Necrosis","Wraith Form v2"],"picked":"Adrenaline","floor":16.0},{"not_picked":["CherryBlossoms","PunishingBird"],"picked":"SnowQueen","floor":16.0},{"not_picked":["MeatLantern","BigBird"],"picked":"Mercenary","floor":18.0},{"not_picked":["ReplayTheSpireMod:The Works","PiercingWail","Bane"],"picked":"SKIP","floor":18.0},{"not_picked":["Blade Dance","Backstab"],"picked":"Well Laid Plans","floor":22.0},{"not_picked":["SingingMachine","VoidDream"],"picked":"MHz","floor":22.0},{"not_picked":["Sucker Punch","Dagger Spray","Bane"],"picked":"SKIP","floor":27.0},{"not_picked":["Malaise","Die Die Die"],"picked":"Night Terror","floor":33.0},{"not_picked":["MeatLantern","Laetitia","BeautyBeast"],"picked":"Singing Bowl","floor":33.0},{"not_picked":["FairyFestival","QueenBee"],"picked":"Freischutz","floor":33.0},{"not_picked":["MeltingLove","CherryBlossoms"],"picked":"LongBird","floor":35.0},{"not_picked":["Dodge and Roll","Hidden Blade","Poisoned Stab+1"],"picked":"SKIP","floor":35.0},{"not_picked":["Dodge and Roll","Hidden Blade","Poisoned Stab+1"],"picked":"SKIP","floor":35.0},{"not_picked":["DreamingCurrent","WhitesApple"],"picked":"Woodsman","floor":40.0},{"not_picked":["Prepared","Slice+1","Flechettes+1"],"picked":"SKIP","floor":40.0},{"not_picked":["OldLady","NothingThere"],"picked":"LaLuna","floor":45.0},{"not_picked":["Setup","Finisher","ReplayTheSpireMod:The Works+1"],"picked":"SKIP","floor":45.0},{"not_picked":["Hidden Blade+1","Noxious Fumes"],"picked":"Crippling Poison","floor":48.0},{"not_picked":["RedShoes","Porccubus"],"picked":"Funeral","floor":48.0},{"not_picked":["Atom Bomb","Burst"],"picked":"Envenom","floor":50.0},{"not_picked":["LittlePrince","HappyTeddy","Laetitia"],"picked":"Singing Bowl","floor":50.0},{"not_picked":["Laetitia","Yin"],"picked":"GreedKing","floor":52.0},{"not_picked":["PiercingWail","Riddle With Holes","ReplayTheSpireMod:Scrap Shanks"],"picked":"SKIP","floor":52.0}],"player_experience":315261,"relics_obtained":[{"floor":2.0,"key":"CeramicFish"},{"floor":6.0,"key":"Blue Doll"},{"floor":7.0,"key":"Matryoshka"},{"floor":8.0,"key":"Ancient Tea Set"},{"floor":9.0,"key":"Pen Nib"},{"floor":9.0,"key":"Paper Crane"},{"floor":26.0,"key":"Replay:Wax Seal"},{"floor":26.0,"key":"Potion Belt"},{"floor":40.0,"key":"infinitespire:Beetle Shell"},{"floor":43.0,"key":"Byrd Skull"},{"floor":45.0,"key":"Dream Catcher"},{"floor":48.0,"key":"ReplayTheSpireMod:Lightbulb"}],"event_choices":[{"damage_healed":0.0,"max_hp_gain":0.0,"max_hp_loss":0.0,"gold_gain":0.0,"event_name":"Golden Idol","player_choice":"Take Wound","floor":5.0,"gold_loss":0.0,"damage_taken":0.0,"relics_obtained":["Golden Idol"],"cards_obtained":["Injury"]},{"damage_healed":0.0,"max_hp_gain":0.0,"max_hp_loss":0.0,"gold_gain":0.0,"event_name":"The Library","player_choice":"Read","floor":24.0,"gold_loss":0.0,"damage_taken":0.0,"cards_obtained":["Burst"]},{"damage_healed":0.0,"max_hp_gain":0.0,"max_hp_loss":0.0,"gold_gain":0.0,"event_name":"N\u0027loth","player_choice":"Ignored","floor":29.0,"gold_loss":0.0,"damage_taken":0.0},{"damage_healed":0.0,"max_hp_gain":0.0,"max_hp_loss":0.0,"gold_gain":0.0,"event_name":"Lab","player_choice":"Got Potions","floor":31.0,"gold_loss":0.0,"damage_taken":0.0},{"cards_removed":["Infinite Blades"],"damage_healed":0.0,"max_hp_gain":0.0,"max_hp_loss":0.0,"gold_gain":0.0,"event_name":"Falling","player_choice":"Removed Power","floor":37.0,"gold_loss":0.0,"damage_taken":0.0},{"damage_healed":21.0,"max_hp_gain":0.0,"max_hp_loss":0.0,"gold_gain":0.0,"event_name":"The Cleric","player_choice":"Healed","floor":53.0,"gold_loss":35.0,"damage_taken":0.0},{"damage_healed":0,"gold_gain":0,"player_choice":"Trade","damage_taken":0,"relics_obtained":["GremlinMask"],"max_hp_gain":0,"max_hp_loss":0,"event_name":"FaceTrader","floor":54,"gold_loss":0}],"is_beta":false,"boss_relics":[{"not_picked":["ReplayTheSpireMod:DimensionalGlitch","Ring of Chaos"],"picked":"Replay:Wanted Poster"},{"not_picked":["Painkiller Herb","HoveringKite"],"picked":"Replay:Bronze Core"},{"not_picked":["Runic Pyramid","Snecko Scales"],"picked":"Astrolabe"}],"items_purged_floors":[],"is_endless":true,"potions_floor_spawned":[1,8,13,16,22,27,45,50],"ascension_level":1}}