{"host":"r5cycnjhcbwgkpkf","time":1608679164,"event":{"mods":["2.2 Compatiblity","AchievementEnabler","BaseMod","Bestiary","Better Match","Better Note","Better Skull","Better Third Choice","BetterRewards","Colored Map","Colored Powertips","Downfall","Googly Eyes","Infinite Spire","Minty Spire (QoL Compilation)","Replay The Spire","Spicy Shops","StSLib"],"gold_per_floor":[99,99,99,99,20,39,39,53,79,229,229,241,241,272,282,282,282,282],"floor_reached":16,"playtime":1280,"items_purged":[],"score":108,"play_id":"60278dfa-45b2-49c9-9402-81db23d58e60","local_time":"20201222151924","is_ascension_mode":false,"campfire_choices":[{"data":"champ:Taunt","floor":1.0,"key":"SMITH"},{"floor":11.0,"key":"REST"}],"circlet_count":0,"master_deck":["champ:Strike","champ:Strike","champ:Strike","champ:Strike","champ:Defend","champ:Defend","champ:Defend","champ:Defend","champ:Execute","champ:Taunt+1","champ:Circumvent","champ:IronFortress+1","champ:BerserkersShout","champ:CrookedStrike","champ:BringItOn","champ:StrikeOfGenius","champ:Backstep","Slimebound:Icky","champ:Encircle","Madness","champ:TornadoPunch","champ:FaceSlap"],"relics":["champ:ChampionCrown","downfall:HeartsMalice","MealTicket","ReplayTheSpireMod:Lightbulb","Ring of Hypnosis","Replay:Ringing Soul"],"acts_visited":["Exordium"],"potions_floor_usage":[15],"damage_taken":[{"damage":0.0,"enemies":"Cultist","floor":2.0,"turns":1.0},{"damage":0.0,"enemies":"Jaw Worm","floor":3.0,"turns":1.0},{"damage":0.0,"enemies":"downfall:FleeingMerchant","floor":5.0,"turns":1.0},{"damage":3.0,"enemies":"2 Louse","floor":6.0,"turns":3.0},{"damage":18.0,"enemies":"Blue Slaver","floor":8.0,"turns":5.0},{"damage":50.0,"enemies":"Lagavulin","floor":9.0,"turns":7.0},{"damage":11.0,"enemies":"2 Fungi Beasts","floor":12.0,"turns":5.0},{"damage":38,"enemies":"Replay:BlueRogue","floor":14,"turns":7},{"damage":19,"enemies":"Exordium Wildlife","floor":15,"turns":6},{"damage":78,"enemies":"downfall:Defect","floor":16,"turns":6}],"seed_played":"-8272486036722352367","potions_obtained":[{"floor":6.0,"key":"Ancient Potion"},{"floor":8.0,"key":"EssenceOfSteel"},{"floor":9.0,"key":"hexamod:EctoCoolerPotion"}],"is_trial":false,"path_per_floor":["R","M","M","?","$","M","T","M","E","?","R","M","?","E","M","B"],"character_chosen":"THE_CHAMP","items_purchased":["champ:CrookedStrike"],"campfire_rested":1,"item_purchase_floors":[5],"current_hp_per_floor":[90,90,90,90,90,90,90,80,55,55,82,82,82,69,59,0,0,0],"gold":282,"neow_bonus":"THREE_ENEMY_KILL","is_daily":false,"chose_seed":false,"campfire_upgraded":1,"win_rate":0.0,"timestamp":1608679164,"path_taken":["R","M","M","?","$","M","T","?","E","?","R","M","?","E","M","BOSS"],"items_purchased_type":["Card"],"build_version":"2020-12-13","purchased_purges":0,"victory":false,"max_hp_per_floor":[90,90,90,90,90,90,90,90,90,90,90,90,90,93,96,96,96,96],"card_choices":[{"not_picked":["champ:DefensiveShout","champ:CrookedStrike"],"picked":"champ:Circumvent","floor":2.0},{"not_picked":["champ:Haymaker","champ:PerfectedStrike"],"picked":"champ:IronFortress","floor":3.0},{"not_picked":["champ:StanceDance","champ:Circumvent"],"picked":"champ:BerserkersShout","floor":5.0},{"not_picked":["champ:EnGarde","champ:ShieldWall"],"picked":"champ:BringItOn","floor":6.0},{"not_picked":["champ:FanOfKnives","champ:Riposte"],"picked":"champ:StrikeOfGenius","floor":8.0},{"not_picked":["champ:SkillfulDodge","champ:BringItOn"],"picked":"champ:Backstep","floor":9.0},{"not_picked":["champ:Lariat","champ:FightOn"],"picked":"champ:Encircle","floor":12.0},{"not_picked":["champ:BringItOn","champ:ShieldWall"],"picked":"champ:TornadoPunch","floor":14},{"not_picked":["champ:CalledShot","champ:Circumvent"],"picked":"champ:FaceSlap","floor":15}],"player_experience":368522,"relics_obtained":[{"floor":7.0,"key":"MealTicket"},{"floor":9.0,"key":"ReplayTheSpireMod:Lightbulb"},{"floor":13.0,"key":"Ring of Hypnosis"},{"floor":14,"key":"Replay:Ringing Soul"}],"event_choices":[{"damage_healed":0.0,"max_hp_gain":0.0,"max_hp_loss":0.0,"gold_gain":0.0,"event_name":"Upgrade Shrine","player_choice":"Upgraded","floor":4.0,"gold_loss":0.0,"damage_taken":0.0,"cards_upgraded":["champ:IronFortress"]}],"is_beta":false,"boss_relics":[],"items_purged_floors":[],"is_endless":false,"potions_floor_spawned":[6,8,9],"killed_by":"downfall:Defect","ascension_level":0}}