{"host":"08sn1703g14rasc1","time":1608629854,"event":{"mods":["AchievementEnabler","BaseMod","Colored Map","Colored Powertips","Hermit","Minty Spire (QoL Compilation)","StSLib"],"gold_per_floor":[15,15,15,0,0,0,21,21,47,90,111,131,131,131,131,257,257,273,273,273,297,313,313,326,362,388,431,454,454,454,454,454,574,574,593,656,656,319,652,82,102,102,126,145,145,145,161,173,173,173,173],"floor_reached":50,"playtime":2332,"items_purged":["Strike_P","Defend_P"],"score":822,"play_id":"3669aa5c-ceff-4027-b532-92e5185b7f4f","local_time":"20201222013734","is_ascension_mode":true,"campfire_choices":[{"floor":6,"key":"REST"},{"floor":8,"key":"REST"},{"floor":15,"key":"REST"},{"floor":23,"key":"REST"},{"floor":29,"key":"REST"},{"floor":32,"key":"REST"},{"floor":42,"key":"REST"},{"floor":46,"key":"REST"},{"floor":49,"key":"REST"}],"circlet_count":0,"master_deck":["Strike_P","Defend_P","Eruption","Vigilance","Blasphemy","SashWhip","FlurryOfBlows","Wallop","FlurryOfBlows","FearNoEvil","Devotion","CurseOfTheBell","ForeignInfluence+1","Ragnarok","LikeWater+1","BowlingBash+1","Evaluate+1","FlurryOfBlows+1","Prostrate","LessonLearned","Brilliance+1","Perseverance+1","SpiritShield+1","FollowUp+1","Consecrate+1","TalkToTheHand","MentalFortress","TalkToTheHand","Bandage Up","BattleHymn","BowlingBash+1","DevaForm","Pray+1","FlurryOfBlows"],"relics":["PureWater","MealTicket","Pen Nib","Damaru","Calling Bell","Regal Pillow","Blue Candle","Ginger","Bird Faced Urn","Lizard Tail","Lantern","Bag of Preparation","Astrolabe","Shovel","Anchor","HandDrill","Bronze Scales","Pocketwatch"],"acts_visited":["Exordium","TheCity","TheBeyond"],"potions_floor_usage":[16,25,25,31,50,50,50],"damage_taken":[{"damage":19,"enemies":"Jaw Worm","floor":1,"turns":8},{"damage":5,"enemies":"Small Slimes","floor":7,"turns":3},{"damage":49,"enemies":"3 Sentries","floor":10,"turns":10},{"damage":2,"enemies":"Cultist","floor":11,"turns":5},{"damage":0,"enemies":"2 Fungi Beasts","floor":12,"turns":2},{"damage":0,"enemies":"Slime Boss","floor":16,"turns":5},{"damage":22,"enemies":"Spheric Guardian","floor":18,"turns":4},{"damage":11,"enemies":"3 Byrds","floor":21,"turns":4},{"damage":27,"enemies":"Snake Plant","floor":22,"turns":4},{"damage":23,"enemies":"Cultist and Chosen","floor":24,"turns":6},{"damage":20,"enemies":"Gremlin Leader","floor":25,"turns":5},{"damage":32,"enemies":"Book of Stabbing","floor":27,"turns":5},{"damage":19,"enemies":"Centurion and Healer","floor":28,"turns":3},{"damage":0,"enemies":"Colosseum Slavers","floor":31,"turns":1},{"damage":66,"enemies":"Collector","floor":33,"turns":11},{"damage":13,"enemies":"3 Shapes","floor":35,"turns":5},{"damage":23,"enemies":"Mind Bloom Boss Battle","floor":36,"turns":6},{"damage":56,"enemies":"3 Darklings","floor":41,"turns":5},{"damage":23,"enemies":"Sphere and 2 Shapes","floor":44,"turns":4},{"damage":23,"enemies":"4 Shapes","floor":47,"turns":5},{"damage":16,"enemies":"3 Darklings","floor":48,"turns":4},{"damage":95,"enemies":"Donu and Deca","floor":50,"turns":6}],"seed_played":"4129310599545114539","potions_obtained":[{"floor":10,"key":"Fire Potion"},{"floor":18,"key":"Ambrosia"},{"floor":21,"key":"Regen Potion"},{"floor":28,"key":"SmokeBomb"},{"floor":35,"key":"BottledMiracle"},{"floor":36,"key":"Explosive Potion"}],"is_trial":false,"path_per_floor":["M","?","$","?","T","R","M","R","T","E","M","M","?","?","R","B",null,"M","?","?","M","M","R","M","E","T","E","M","R","?","?","R","B",null,"M","?","?","$","?","$","M","R","T","M","T","R","M","M","R","B"],"character_chosen":"WATCHER","items_purchased":["TalkToTheHand","Anchor","MentalFortress","HandDrill","TalkToTheHand","Bandage Up","BattleHymn","EssenceOfSteel"],"campfire_rested":9,"item_purchase_floors":[38,38,38,40,40,40,40,40],"current_hp_per_floor":[46,28,28,28,28,49,44,65,65,16,14,14,2,2,23,23,60,38,38,38,27,4,40,21,15,15,29,16,52,52,52,72,6,56,49,32,32,47,47,62,14,50,50,31,31,67,53,47,72,0,0],"gold":173,"neow_bonus":"THREE_RARE_CARDS","is_daily":false,"chose_seed":false,"campfire_upgraded":0,"win_rate":0.0,"timestamp":1608629854,"path_taken":["M","?","$","?","?","R","M","R","T","E","M","?","?","?","R","BOSS","M","?","?","M","M","R","M","E","T","E","?","R","?","?","R","BOSS","M","?","?","?","?","$","M","R","T","M","?","R","?","M","R","BOSS"],"items_purchased_type":["Card","Relic","Card","Relic","Card","Card","Card","Potion"],"build_version":"2020-12-13","purchased_purges":2,"victory":false,"max_hp_per_floor":[72,72,72,72,72,72,72,72,72,72,72,72,72,72,72,72,72,72,72,72,72,72,72,72,72,72,72,72,72,72,72,72,72,72,72,72,72,72,72,72,72,72,72,72,72,72,72,72,72,72,72],"card_choices":[{"not_picked":["Scrawl","DevaForm"],"picked":"Blasphemy","floor":0},{"not_picked":["ClearTheMind","CrushJoints"],"picked":"SashWhip","floor":1},{"not_picked":["Crescendo","Sanctity"],"picked":"FlurryOfBlows","floor":7},{"not_picked":["EmptyMind","Adaptation"],"picked":"Wallop","floor":10},{"not_picked":["EmptyFist","SashWhip"],"picked":"FlurryOfBlows","floor":11},{"not_picked":["FollowUp","Perseverance"],"picked":"FearNoEvil","floor":12},{"not_picked":["Alpha","Judgement"],"picked":"Devotion","floor":16},{"not_picked":["Consecrate","WheelKick+1"],"picked":"ForeignInfluence+1","floor":18},{"not_picked":["FollowUp","Tantrum+1"],"picked":"LikeWater+1","floor":21},{"not_picked":["EmptyMind","EmptyFist"],"picked":"BowlingBash","floor":22},{"not_picked":["Study","Swivel"],"picked":"Evaluate+1","floor":24},{"not_picked":["FearNoEvil+1","EmptyFist"],"picked":"LikeWater","floor":25},{"not_picked":["FollowUp","Prostrate"],"picked":"FlurryOfBlows+1","floor":27},{"not_picked":["WindmillStrike","Wallop"],"picked":"Prostrate","floor":28},{"not_picked":["DeusExMachina","DevaForm"],"picked":"LessonLearned","floor":33},{"not_picked":["ClearTheMind","Halt+1"],"picked":"FollowUp+1","floor":35},{"not_picked":["FollowUp","JustLucky"],"picked":"Consecrate+1","floor":36},{"not_picked":["JustLucky","Vengeance"],"picked":"BowlingBash+1","floor":41},{"not_picked":["FlurryOfBlows+1","Worship"],"picked":"DevaForm","floor":44},{"not_picked":["Collect+1","Sanctity+1"],"picked":"Pray+1","floor":47},{"not_picked":["JustLucky+1","PathToVictory"],"picked":"FlurryOfBlows","floor":48}],"player_experience":429049,"relics_obtained":[{"floor":5,"key":"MealTicket"},{"floor":9,"key":"Pen Nib"},{"floor":10,"key":"Damaru"},{"floor":17,"key":"Regal Pillow"},{"floor":17,"key":"Blue Candle"},{"floor":17,"key":"Ginger"},{"floor":25,"key":"Lizard Tail"},{"floor":26,"key":"Lantern"},{"floor":27,"key":"Bag of Preparation"},{"floor":36,"key":"Shovel"},{"floor":43,"key":"Bronze Scales"},{"floor":45,"key":"Pocketwatch"}],"event_choices":[{"damage_healed":0,"gold_gain":0,"player_choice":"Take Damage","damage_taken":18,"relics_obtained":["Golden Idol"],"max_hp_gain":0,"max_hp_loss":0,"event_name":"Golden Idol","floor":2,"gold_loss":0},{"damage_healed":0,"gold_gain":0,"player_choice":"Left Gold","damage_taken":0,"max_hp_gain":0,"max_hp_loss":0,"event_name":"World of Goop","floor":4,"gold_loss":15},{"damage_healed":0,"gold_gain":0,"player_choice":"Fled","damage_taken":12,"max_hp_gain":0,"max_hp_loss":0,"event_name":"Scrap Ooze","floor":13,"gold_loss":0},{"damage_healed":0,"gold_gain":0,"player_choice":"Searched \u00270\u0027 times","damage_taken":0,"max_hp_gain":0,"max_hp_loss":0,"event_name":"Dead Adventurer","floor":14,"gold_loss":0},{"damage_healed":0,"gold_gain":0,"player_choice":"Opened","damage_taken":0,"relics_obtained":["Bird Faced Urn"],"max_hp_gain":0,"max_hp_loss":0,"event_name":"The Mausoleum","floor":19,"gold_loss":0},{"damage_healed":0,"gold_gain":0,"cards_transformed":["Strike_P"],"player_choice":"Transformed","damage_taken":0,"max_hp_gain":0,"max_hp_loss":0,"event_name":"Transmorgrifier","floor":20,"gold_loss":0,"cards_obtained":["Ragnarok"]},{"damage_healed":0,"gold_gain":0,"player_choice":"Ignored","damage_taken":0,"max_hp_gain":0,"max_hp_loss":0,"event_name":"Vampires","floor":30,"gold_loss":0},{"damage_healed":0,"gold_gain":0,"player_choice":"Fight","damage_taken":0,"max_hp_gain":0,"max_hp_loss":0,"event_name":"Colosseum","floor":31,"gold_loss":0},{"damage_healed":0,"gold_gain":0,"player_choice":"Fled From Nobs","damage_taken":0,"max_hp_gain":0,"max_hp_loss":0,"event_name":"Colosseum","floor":31,"gold_loss":0},{"damage_healed":0,"gold_gain":0,"player_choice":"Fight","damage_taken":0,"max_hp_gain":0,"max_hp_loss":0,"event_name":"MindBloom","floor":36,"gold_loss":0},{"cards_removed":["LikeWater"],"damage_healed":0,"gold_gain":0,"player_choice":"Removed Power","damage_taken":0,"max_hp_gain":0,"max_hp_loss":0,"event_name":"Falling","floor":37,"gold_loss":0},{"damage_healed":0,"gold_gain":333,"player_choice":"Gave Idol","damage_taken":0,"max_hp_gain":0,"max_hp_loss":0,"event_name":"The Moai Head","floor":39,"relics_lost":["Golden Idol"],"gold_loss":0}],"is_beta":false,"boss_relics":[{"not_picked":["Snecko Eye","Philosopher\u0027s Stone"],"picked":"Calling Bell"},{"not_picked":["HolyWater","Runic Pyramid"],"picked":"Astrolabe"}],"items_purged_floors":[38,40],"is_endless":false,"potions_floor_spawned":[10,18,21,28,35,36,44,48],"killed_by":"Donu and Deca","ascension_level":7}}