{"host":"ixbvfs3so5a39bhe","time":1608631045,"event":{"mods":["BaseMod","Minty Spire (QoL Compilation)","Quick Restart","StSLib"],"gold_per_floor":[111,125,125,125,50,84,105,121,121,164,183,207,225,249,249,374,374,393,313,238,337,237,237,277,292,341,354,397,397,397,417,417,417,417],"floor_reached":33,"playtime":1646,"items_purged":["Injury","Defend_P","Crescendo"],"score":414,"play_id":"d43b198a-ebfe-4efd-8178-76c9beaf1920","local_time":"20201222175725","is_ascension_mode":true,"campfire_choices":[{"data":"MentalFortress","floor":15.0,"key":"SMITH"},{"data":"SignatureMove","floor":23.0,"key":"SMITH"},{"data":"EmptyBody","floor":29.0,"key":"SMITH"},{"floor":32.0,"key":"RECALL"}],"circlet_count":0,"master_deck":["Strike_P","Strike_P","Strike_P","Defend_P","Defend_P","Defend_P","Eruption+1","SignatureMove+1","InnerPeace","MentalFortress+1","EmptyBody+1","Tantrum+1"],"relics":["PureWater","Golden Idol","Anchor","The Courier","VioletLotus","Strawberry","Centennial Puzzle","Nunchaku","Mango"],"acts_visited":["Exordium","TheCity"],"potions_floor_usage":[],"damage_taken":[{"damage":13.0,"enemies":"Jaw Worm","floor":1.0,"turns":5.0},{"damage":0.0,"enemies":"2 Louse","floor":2.0,"turns":2.0},{"damage":0.0,"enemies":"Lagavulin","floor":6.0,"turns":2.0},{"damage":0.0,"enemies":"Small Slimes","floor":7.0,"turns":2.0},{"damage":6.0,"enemies":"Looter","floor":8.0,"turns":3.0},{"damage":2.0,"enemies":"3 Sentries","floor":10.0,"turns":7.0},{"damage":2.0,"enemies":"3 Louse","floor":11.0,"turns":5.0},{"damage":17.0,"enemies":"Gremlin Gang","floor":12.0,"turns":5.0},{"damage":0.0,"enemies":"Large Slime","floor":13.0,"turns":2.0},{"damage":0.0,"enemies":"2 Fungi Beasts","floor":14.0,"turns":2.0},{"damage":18.0,"enemies":"Hexaghost","floor":16.0,"turns":9.0},{"damage":7.0,"enemies":"3 Byrds","floor":18.0,"turns":5.0},{"damage":23.0,"enemies":"Gremlin Leader","floor":24.0,"turns":5.0},{"damage":0.0,"enemies":"Spheric Guardian","floor":25.0,"turns":3.0},{"damage":17.0,"enemies":"3 Cultists","floor":27.0,"turns":5.0},{"damage":10.0,"enemies":"Book of Stabbing","floor":28.0,"turns":5.0},{"damage":4.0,"enemies":"Snake Plant","floor":31.0,"turns":2.0},{"damage":0,"enemies":"Champ","floor":33,"turns":1}],"seed_played":"-5677206240428247528","potions_obtained":[{"floor":1.0,"key":"DuplicationPotion"},{"floor":6.0,"key":"Swift Potion"},{"floor":8.0,"key":"Weak Potion"},{"floor":16.0,"key":"ColorlessPotion"},{"floor":18.0,"key":"AttackPotion"},{"floor":25.0,"key":"Ancient Potion"},{"floor":27.0,"key":"SpeedPotion"},{"floor":31.0,"key":"AttackPotion"}],"is_trial":false,"path_per_floor":["M","M","?","?","$","E","M","M","T","E","M","M","M","M","R","B",null,"M","$","?","?","$","R","E","M","T","M","E","R","?","M","R","B"],"character_chosen":"WATCHER","items_purchased":[],"campfire_rested":0,"item_purchase_floors":[],"current_hp_per_floor":[59,59,59,59,59,59,59,53,53,51,49,32,32,32,32,14,72,65,65,65,65,65,65,49,49,49,32,22,22,36,32,32,32,32],"gold":417,"neow_bonus":"REMOVE_CARD","is_daily":false,"chose_seed":false,"campfire_upgraded":3,"win_rate":0.0,"timestamp":1608631045,"path_taken":["M","M","?","?","?","E","M","M","T","E","M","M","M","M","R","BOSS","M","$","?","?","$","R","E","M","T","M","E","R","?","M","R","BOSS"],"items_purchased_type":[],"build_version":"2020-12-13","purchased_purges":3,"victory":false,"max_hp_per_floor":[72,72,72,72,72,72,72,72,72,72,72,72,72,72,72,72,72,72,72,72,72,72,72,79,79,79,79,79,79,93,93,93,93,93],"card_choices":[{"not_picked":["FlurryOfBlows","Swivel"],"picked":"SignatureMove","floor":1.0},{"not_picked":["FlurryOfBlows","DeceiveReality","CrushJoints"],"picked":"SKIP","floor":2.0},{"not_picked":["FlyingSleeves","Nirvana"],"picked":"Crescendo","floor":6.0},{"not_picked":["EmptyBody","ClearTheMind"],"picked":"InnerPeace","floor":7.0},{"not_picked":["JustLucky","ForeignInfluence","CutThroughFate"],"picked":"SKIP","floor":8.0},{"not_picked":["Vengeance","WreathOfFlame","EmptyMind"],"picked":"SKIP","floor":10.0},{"not_picked":["FlyingSleeves","FlurryOfBlows","Vengeance"],"picked":"SKIP","floor":11.0},{"not_picked":["Wireheading","WreathOfFlame","Prostrate"],"picked":"SKIP","floor":12.0},{"not_picked":["SpiritShield","FlyingSleeves","ClearTheMind"],"picked":"SKIP","floor":13.0},{"not_picked":["FlurryOfBlows","Evaluate"],"picked":"MentalFortress","floor":14.0},{"not_picked":["EmptyFist","CutThroughFate","BowlingBash"],"picked":"SKIP","floor":18.0},{"not_picked":["Collect+1","FlyingSleeves"],"picked":"EmptyBody","floor":24.0},{"not_picked":["Crescendo","FollowUp","MasterReality"],"picked":"SKIP","floor":25.0},{"not_picked":["Prostrate","PathToVictory+1"],"picked":"Tantrum+1","floor":27.0},{"not_picked":["Worship","WreathOfFlame","Weave+1"],"picked":"SKIP","floor":28.0},{"not_picked":["FlurryOfBlows+1","EmptyBody","Study"],"picked":"SKIP","floor":31.0}],"player_experience":198087,"relics_obtained":[{"floor":6.0,"key":"Anchor"},{"floor":10.0,"key":"The Courier"},{"floor":24.0,"key":"Strawberry"},{"floor":26.0,"key":"Centennial Puzzle"},{"floor":28.0,"key":"Nunchaku"}],"event_choices":[{"damage_healed":0.0,"max_hp_gain":0.0,"max_hp_loss":0.0,"gold_gain":0.0,"event_name":"Living Wall","player_choice":"Grow","floor":3.0,"gold_loss":0.0,"damage_taken":0.0,"cards_upgraded":["Eruption"]},{"damage_healed":0.0,"max_hp_gain":0.0,"max_hp_loss":0.0,"gold_gain":0.0,"event_name":"Golden Idol","player_choice":"Take Wound","floor":4.0,"gold_loss":0.0,"damage_taken":0.0,"relics_obtained":["Golden Idol"],"cards_obtained":["Injury"]},{"cards_removed":["Vigilance"],"damage_healed":0.0,"max_hp_gain":0.0,"max_hp_loss":0.0,"gold_gain":0.0,"event_name":"Beggar","player_choice":"Gave Gold","floor":20.0,"gold_loss":75.0,"damage_taken":0.0},{"damage_healed":0.0,"max_hp_gain":0.0,"max_hp_loss":0.0,"gold_gain":99.0,"event_name":"Nest","player_choice":"Stole From Cult","floor":21.0,"gold_loss":0.0,"damage_taken":0.0},{"damage_healed":0.0,"max_hp_gain":0.0,"max_hp_loss":0.0,"gold_gain":0.0,"event_name":"The Mausoleum","player_choice":"Opened","floor":30.0,"gold_loss":0.0,"damage_taken":0.0,"relics_obtained":["Mango"]}],"is_beta":false,"boss_relics":[{"not_picked":["Runic Dome","Ectoplasm"],"picked":"VioletLotus"}],"items_purged_floors":[5,19,22],"is_endless":false,"potions_floor_spawned":[1,6,8,16,18,25,27,31],"killed_by":"Champ","ascension_level":4}}