{"host":"zhypnm5xlgq8j242","time":1608641472,"event":{"mods":["AchievementEnabler","BaseMod","BetterRewards","Colored Powertips","Hermit","Keyboard Shortcuts","Minty Spire (QoL Compilation)","Quick Restart","Replay The Spire","Shop Mod","StSLib","The Cursed","The Hierophant","The Runesmith"],"gold_per_floor":[112,125,125,225,67,67,67,80,148,148,168,168,183,201,201,201,201],"floor_reached":16,"playtime":347,"items_purged":[],"score":124,"play_id":"495b9bba-7d01-4cd2-9f98-d4b553db51d5","local_time":"20201222215112","is_ascension_mode":true,"campfire_choices":[{"data":"Eclipse","floor":6,"key":"SMITH"},{"data":"Evolve","floor":12,"key":"SMITH"},{"floor":15,"key":"DIG"}],"circlet_count":0,"master_deck":["Strike_R","Strike_R","Strike_R","Strike_R","Defend_R","Defend_R","Defend_R","Defend_R","Bash","Wild Strike","Wild Strike","Replay:Undeath\u0027s Touch","Eclipse+1","Evolve+1","Havoc","Havoc","Dark Embrace+1","Replay:Undeath\u0027s Touch"],"relics":["Burning Blood","NeowsBlessing","Frozen Egg 2","Dream Catcher"],"acts_visited":["Exordium"],"potions_floor_usage":[11,16,16],"damage_taken":[{"damage":0,"enemies":"Cultist","floor":1,"turns":1},{"damage":0,"enemies":"Small Slimes","floor":2,"turns":1},{"damage":0,"enemies":"2 Louse","floor":8,"turns":1},{"damage":13,"enemies":"Lots of Slimes","floor":11,"turns":3},{"damage":6,"enemies":"2 Fungi Beasts","floor":13,"turns":3},{"damage":40,"enemies":"Gremlin Gang","floor":14,"turns":5},{"damage":41,"enemies":"Hexaghost","floor":16,"turns":4}],"seed_played":"-6449860225895214503","potions_obtained":[{"floor":2,"key":"SteroidPotion"},{"floor":8,"key":"SneckoOil"},{"floor":11,"key":"CultistPotion"}],"is_trial":false,"path_per_floor":["M","M","?","?","$","R","$","M","T","?","M","R","M","M","R","B"],"character_chosen":"IRONCLAD","items_purchased":["Eclipse","Evolve"],"campfire_rested":0,"item_purchase_floors":[5,5],"current_hp_per_floor":[78,80,80,80,80,80,80,80,80,80,73,73,73,39,39,0,0],"gold":201,"neow_bonus":"THREE_ENEMY_KILL","is_daily":false,"chose_seed":false,"campfire_upgraded":2,"win_rate":0.0,"timestamp":1608641472,"path_taken":["M","?","?","?","$","R","$","?","T","?","M","R","?","M","R","BOSS"],"items_purchased_type":["Card","Card"],"build_version":"2020-12-13","purchased_purges":0,"victory":false,"max_hp_per_floor":[80,80,80,80,80,80,80,80,80,80,80,80,80,80,80,80,80],"card_choices":[{"not_picked":["Body Slam","True Grit"],"picked":"Wild Strike","floor":1},{"not_picked":["Body Slam","True Grit"],"picked":"Wild Strike","floor":1},{"not_picked":["Clash","Sword Boomerang"],"picked":"Replay:Undeath\u0027s Touch","floor":2},{"not_picked":["Replay:Undeath\u0027s Touch","Sword Boomerang"],"picked":"Havoc","floor":8},{"not_picked":["Run Through","Heavy Blade"],"picked":"Havoc","floor":11},{"not_picked":["Twin Strike","Havoc"],"picked":"Dark Embrace+1","floor":13},{"not_picked":["Body Slam","Double Tap"],"picked":"Replay:Undeath\u0027s Touch","floor":14}],"player_experience":605815,"relics_obtained":[{"floor":9,"key":"Frozen Egg 2"},{"floor":15,"key":"Dream Catcher"}],"event_choices":[{"damage_healed":0,"gold_gain":100,"player_choice":"Gold","damage_taken":0,"max_hp_gain":0,"max_hp_loss":0,"event_name":"Wheel of Change","floor":4,"gold_loss":0},{"damage_healed":0,"gold_gain":0,"player_choice":"Bought 0 Potions","damage_taken":0,"max_hp_gain":0,"max_hp_loss":0,"event_name":"The Woman in Blue","floor":10,"gold_loss":0}],"is_beta":false,"boss_relics":[],"items_purged_floors":[],"is_endless":false,"potions_floor_spawned":[2,8,11],"killed_by":"Hexaghost","ascension_level":7}}