{"host":"07ljfmttuzqopd7f","time":1608606321,"event":{"mods":["2.2 Compatiblity","BaseMod","Bestiary","Block Reminder","Colored Map","Colored Powertips","Curses Come First","Hermit","Minty Spire (QoL Compilation)","Quick Restart","Random Character Button","Rare Cards Sparkle","Relic Stats","StSLib","The Cursed","UnlockEverythingMod","everything is the same but u backflip on backflip"],"gold_per_floor":[117,117,117,136,136,180,180,130,178,191,205,229,229,229,229,359,359,379,72,72,96,96,129,129,160,185,185,209,243,243,268,268,391,391,411,411,430,454,254,254,274,307,307,307,307],"floor_reached":46,"playtime":1588,"items_purged":["hermit:Quickdraw"],"score":1028,"play_id":"7d344b9b-a2d1-4f0a-a68d-650254c6b8fb","local_time":"20201221220521","is_ascension_mode":true,"campfire_choices":[{"data":"hermit:Magnum","floor":7,"key":"SMITH"},{"floor":13,"key":"REST"},{"data":"hermit:Determination","floor":15,"key":"SMITH"},{"floor":27,"key":"REST"},{"data":"hermit:Dissolve","floor":30,"key":"SMITH"},{"floor":32,"key":"REST"},{"floor":40,"key":"REST"}],"circlet_count":0,"master_deck":["hermit:Strike_Hermit+1","hermit:Strike_Hermit","hermit:Defend_Hermit","hermit:Defend_Hermit","hermit:Defend_Hermit","hermit:Snapshot+1","hermit:Covet+1","Regret","Injury","hermit:PistolWhip","hermit:Magnum+1","hermit:Determination+1","hermit:Coalescence","hermit:EyeOfTheStorm","hermit:FinalCanter","hermit:Spite","hermit:Dissolve+1","hermit:LuckOfTheDraw","Writhe","hermit:Snipe","hermit:Determination+1","hermit:Magnum","hermit:FlashPowder","hermit:Enervate"],"relics":["hermit:Momento","NeowsBlessing","Regal Pillow","Golden Idol","Whetstone","Art of War","hermit:BartenderGlass","Lee\u0027s Waffle","hermit:RedScarf","Du-Vu Doll","WingedGreaves","Bag of Marbles","Pear","Fusion Hammer","Smiling Mask","Ancient Tea Set","Happy Flower","Question Card"],"acts_visited":["Exordium","TheCity","TheBeyond"],"potions_floor_usage":[23,23,23,28,29,29,29,33,33,35,37,45,45,45,45],"damage_taken":[{"damage":0,"enemies":"Jaw Worm","floor":1,"turns":1},{"damage":0,"enemies":"Small Slimes","floor":4,"turns":2},{"damage":0,"enemies":"Gremlin Nob","floor":6,"turns":1},{"damage":5,"enemies":"2 Louse","floor":10,"turns":3},{"damage":7,"enemies":"Exordium Wildlife","floor":11,"turns":3},{"damage":3,"enemies":"Exordium Thugs","floor":12,"turns":3},{"damage":15,"enemies":"2 Fungi Beasts","floor":14,"turns":3},{"damage":40,"enemies":"The Guardian","floor":16,"turns":8},{"damage":25,"enemies":"Shell Parasite","floor":18,"turns":5},{"damage":25,"enemies":"2 Thieves","floor":21,"turns":4},{"damage":18,"enemies":"Book of Stabbing","floor":23,"turns":2},{"damage":5,"enemies":"Gremlin Leader","floor":25,"turns":3},{"damage":15,"enemies":"Centurion and Healer","floor":28,"turns":6},{"damage":18,"enemies":"Slavers","floor":29,"turns":2},{"damage":18,"enemies":"Snake Plant","floor":31,"turns":2},{"damage":37,"enemies":"Automaton","floor":33,"turns":8},{"damage":23,"enemies":"Orb Walker","floor":35,"turns":3},{"damage":8,"enemies":"3 Shapes","floor":37,"turns":5},{"damage":33,"enemies":"Jaw Worm Horde","floor":41,"turns":4},{"damage":1,"enemies":"Reptomancer","floor":42,"turns":2},{"damage":33,"enemies":"Time Eater","floor":45,"turns":4}],"seed_played":"-7357403924224562503","potions_obtained":[{"floor":10,"key":"BlessingOfTheForge"},{"floor":11,"key":"SmokeBomb"},{"floor":18,"key":"ColorlessPotion"},{"floor":25,"key":"Fruit Juice"},{"floor":33,"key":"LiquidMemories"}],"is_trial":false,"path_per_floor":["M","?","?","M","?","E","R","?","T","M","M","M","R","M","R","B",null,"M","$","?","M","?","E","?","E","T","R","M","E","R","M","R","B",null,"M","?","M","T","$","R","M","E","T","?","B",null],"character_chosen":"HERMIT","items_purchased":["hermit:Dissolve","Lee\u0027s Waffle","Ancient Tea Set"],"campfire_rested":4,"item_purchase_floors":[19,19,39],"current_hp_per_floor":[68,68,68,68,53,53,53,53,53,48,41,38,75,60,60,20,61,36,82,82,57,57,39,39,34,34,73,63,55,55,37,81,44,84,61,61,53,53,53,97,64,63,63,63,30],"gold":307,"neow_bonus":"THREE_ENEMY_KILL","is_daily":false,"chose_seed":false,"campfire_upgraded":3,"win_rate":0.0,"timestamp":1608606321,"path_taken":["M","?","?","M","?","E","R","?","T","M","M","?","R","M","R","BOSS","M","$","?","M","?","E","?","E","T","R","?","E","R","M","R","BOSS","M","?","M","?","$","R","?","E","T","?","BOSS"],"items_purchased_type":["Card","Relic","Relic"],"build_version":"2020-12-13","purchased_purges":1,"victory":true,"max_hp_per_floor":[75,75,75,75,75,75,75,75,75,75,75,75,75,75,75,75,75,75,82,82,82,82,82,82,82,82,82,87,97,97,97,97,97,97,97,97,97,97,97,97,97,97,97,97,97],"relic_stats":{"Regal Pillow":60,"Lee\u0027s Waffle":46,"Happy Flower":[1],"counters":[21,74],"Golden Idol":162,"Art of War":[4],"Whetstone":["hermit:Strike_Hermit","hermit:Strike_Hermit"],"Smiling Mask":25,"Question Card":0,"obtain_stats":[{"Regal Pillow":2,"Lee\u0027s Waffle":19,"Pear":29,"NeowsBlessing":0,"Happy Flower":42,"Golden Idol":3,"Whetstone":6,"Smiling Mask":38,"Ancient Tea Set":39,"Question Card":43,"Du-Vu Doll":23,"hermit:BartenderGlass":17,"WingedGreaves":25,"Fusion Hammer":34,"Art of War":9,"Bag of Marbles":26,"hermit:RedScarf":22,"hermit:Momento":0},{"Regal Pillow":1,"Lee\u0027s Waffle":9,"Pear":14,"NeowsBlessing":0,"Happy Flower":20,"Golden Idol":1,"Whetstone":3,"Smiling Mask":18,"Ancient Tea Set":18,"Question Card":20,"Du-Vu Doll":11,"hermit:BartenderGlass":8,"WingedGreaves":12,"Fusion Hammer":16,"Art of War":3,"Bag of Marbles":12,"hermit:RedScarf":10,"hermit:Momento":0},{"Regal Pillow":1,"Lee\u0027s Waffle":29,"Pear":46,"NeowsBlessing":0,"Happy Flower":70,"Golden Idol":1,"Whetstone":4,"Smiling Mask":64,"Ancient Tea Set":64,"Question Card":70,"Du-Vu Doll":35,"hermit:BartenderGlass":24,"WingedGreaves":38,"Fusion Hammer":56,"Art of War":4,"Bag of Marbles":38,"hermit:RedScarf":33,"hermit:Momento":0}]},"card_choices":[{"not_picked":["hermit:BodyArmor","hermit:TakeCover"],"picked":"hermit:Quickdraw","floor":1},{"not_picked":["hermit:HoleUp","hermit:Coalescence"],"picked":"hermit:PistolWhip","floor":4},{"not_picked":["hermit:EyeOfTheStorm","hermit:Virtue"],"picked":"hermit:Magnum","floor":6},{"not_picked":["hermit:Glare","hermit:Shortfuse"],"picked":"hermit:Determination","floor":10},{"not_picked":["hermit:Manifest","hermit:Cheat"],"picked":"hermit:Coalescence","floor":11},{"not_picked":["hermit:Misfire","hermit:Feint"],"picked":"hermit:EyeOfTheStorm","floor":12},{"not_picked":["hermit:Misfire","hermit:EyeOfTheStorm","hermit:HighCaliber"],"picked":"SKIP","floor":14},{"not_picked":["hermit:Roughhouse","hermit:BlackWind"],"picked":"hermit:FinalCanter","floor":16},{"not_picked":["hermit:TakeAim","hermit:LowProfile"],"picked":"hermit:Spite","floor":18},{"not_picked":["hermit:Roulette","hermit:SprayPray+1"],"picked":"hermit:LuckOfTheDraw","floor":21},{"not_picked":["hermit:TrackingShot","hermit:BigShot"],"picked":"hermit:Snipe","floor":23},{"not_picked":["hermit:Ricochet+1","hermit:Spite+1"],"picked":"hermit:Magnum","floor":25},{"not_picked":["hermit:Vantage","hermit:Quickdraw+1","hermit:Roulette"],"picked":"SKIP","floor":28},{"not_picked":["hermit:SprayPray","hermit:Showdown+1","hermit:Combo+1"],"picked":"SKIP","floor":29},{"not_picked":["hermit:Vantage","hermit:Headshot+1","hermit:Ricochet+1"],"picked":"SKIP","floor":31},{"not_picked":["hermit:HighCaliber","hermit:Spite+1","hermit:Determination+1"],"picked":"SKIP","floor":35},{"not_picked":["hermit:FullyLoaded","hermit:Vantage+1"],"picked":"hermit:FlashPowder","floor":37},{"not_picked":["hermit:GoldenBullet+1","hermit:Misfire"],"picked":"hermit:Enervate","floor":41},{"not_picked":["hermit:Magnum","hermit:Scavenge+1","hermit:Manifest"],"picked":"SKIP","floor":42}],"player_experience":454121,"relics_obtained":[{"floor":6,"key":"Whetstone"},{"floor":9,"key":"Art of War"},{"floor":23,"key":"Du-Vu Doll"},{"floor":25,"key":"WingedGreaves"},{"floor":26,"key":"Bag of Marbles"},{"floor":29,"key":"Pear"},{"floor":38,"key":"Smiling Mask"},{"floor":42,"key":"Happy Flower"},{"floor":43,"key":"Question Card"}],"event_choices":[{"damage_healed":0,"gold_gain":0,"player_choice":"Box","damage_taken":0,"relics_obtained":["Regal Pillow"],"max_hp_gain":0,"max_hp_loss":0,"event_name":"Big Fish","floor":2,"gold_loss":0,"cards_obtained":["Regret"]},{"damage_healed":0,"gold_gain":0,"player_choice":"Take Wound","damage_taken":0,"relics_obtained":["Golden Idol"],"max_hp_gain":0,"max_hp_loss":0,"event_name":"Golden Idol","floor":3,"gold_loss":0,"cards_obtained":["Injury"]},{"damage_healed":0,"gold_gain":0,"player_choice":"Entered Light","damage_taken":15,"max_hp_gain":0,"max_hp_loss":0,"event_name":"Shining Light","floor":5,"gold_loss":0,"cards_upgraded":["hermit:Snapshot","hermit:Covet"]},{"cards_removed":["hermit:Strike_Hermit"],"damage_healed":0,"gold_gain":0,"player_choice":"Card Removal","damage_taken":0,"max_hp_gain":0,"max_hp_loss":0,"event_name":"The Cleric","floor":8,"gold_loss":50},{"cards_removed":["hermit:Strike_Hermit"],"damage_healed":0,"gold_gain":0,"player_choice":"Elegance","damage_taken":0,"max_hp_gain":0,"max_hp_loss":0,"event_name":"Back to Basics","floor":20,"gold_loss":0},{"damage_healed":0,"gold_gain":0,"player_choice":"Opened","damage_taken":0,"relics_obtained":["hermit:RedScarf"],"max_hp_gain":0,"max_hp_loss":0,"event_name":"The Mausoleum","floor":22,"gold_loss":0,"cards_obtained":["Writhe"]},{"damage_healed":0,"gold_gain":0,"player_choice":"Copied","damage_taken":0,"max_hp_gain":0,"max_hp_loss":0,"event_name":"Duplicator","floor":24,"gold_loss":0,"cards_obtained":["hermit:Determination"]},{"cards_removed":["hermit:Defend_Hermit"],"damage_healed":0,"gold_gain":0,"player_choice":"Removed Skill","damage_taken":0,"max_hp_gain":0,"max_hp_loss":0,"event_name":"Falling","floor":36,"gold_loss":0},{"damage_healed":0,"gold_gain":0,"player_choice":"Took Portal","damage_taken":0,"max_hp_gain":0,"max_hp_loss":0,"event_name":"SecretPortal","floor":44,"gold_loss":0}],"is_beta":false,"boss_relics":[{"not_picked":["Ectoplasm","Coffee Dripper"],"picked":"hermit:BartenderGlass"},{"not_picked":["SlaversCollar","SacredBark"],"picked":"Fusion Hammer"}],"items_purged_floors":[39],"is_endless":false,"potions_floor_spawned":[10,11,14,18,21,25,33,35,42],"ascension_level":8}}