{"host":"bq4pt811tk9yrmjl","time":1608638679,"event":{"mods":["AchievementEnabler","BaseMod","Colored Map","Colored Powertips","Defuse TimeMaze Blight","Minty Spire (QoL Compilation)","StSLib","SuperFastMode","UnlockEverythingMod"],"gold_per_floor":[109,109,29,49,49,79,79,108,108,108,108,128,144,155,166,166,267,267,280,280,205,224,224,224,224,259,259,275,275,292,325,75,75,176,176,193,50,50,69,69,95,95,95,120,120,120,130,130,0,0,0,0,0,0,31,31,31],"floor_reached":56,"playtime":1323,"items_purged":[],"score":783,"play_id":"1c30a68d-493c-4a51-80e3-3c8124b6d8ff","local_time":"20201222100439","is_ascension_mode":true,"campfire_choices":[{"data":"Noxious Fumes","floor":7.0,"key":"SMITH"},{"floor":10.0,"key":"REST"},{"floor":11.0,"key":"REST"},{"data":"Neutralize","floor":16.0,"key":"SMITH"},{"data":"Blade Dance","floor":24.0,"key":"SMITH"},{"data":"Bullet Time","floor":29.0,"key":"SMITH"},{"data":"A Thousand Cuts","floor":33.0,"key":"SMITH"},{"floor":42.0,"key":"RECALL"},{"data":"After Image","floor":45.0,"key":"SMITH"},{"data":"After Image","floor":48.0,"key":"SMITH"},{"data":"Dash","floor":50,"key":"SMITH"},{"data":"Underhanded Strike","floor":53,"key":"SMITH"}],"circlet_count":0,"master_deck":["Strike_G+1","Strike_G+1","Strike_G+1","Strike_G+1","Strike_G+1","Defend_G+1","Defend_G+1","Defend_G+1","Defend_G+1","Defend_G+1","Survivor+1","Neutralize+1","Underhanded Strike+1","Noxious Fumes+1","Dash+1","Blade Dance+1","Bullet Time+1","Slice","Corpse Explosion+1","CurseOfTheBell","Dagger Throw+1","Blade Dance+1","Backstab+1","A Thousand Cuts+1","After Image+1","Dodge and Roll+1","After Image+1","Doubt","Cloak And Dagger+1"],"relics":["Ring of the Snake","NeowsBlessing","Strawberry","Calipers","Ornamental Fan","Calling Bell","Centennial Puzzle","White Beast Statue","Pocketwatch","Gremlin Horn","MutagenicStrength","Pen Nib","Dream Catcher","Lantern","WristBlade","Ancient Tea Set","Potion Belt","Happy Flower","War Paint","Red Mask","Bag of Marbles"],"acts_visited":["Exordium","TheCity","TheBeyond","TheEnding"],"potions_floor_usage":[51,56],"damage_taken":[{"damage":0.0,"enemies":"Cultist","floor":1.0,"turns":1.0},{"damage":0.0,"enemies":"Jaw Worm","floor":4.0,"turns":1.0},{"damage":0.0,"enemies":"3 Sentries","floor":6.0,"turns":1.0},{"damage":49.0,"enemies":"Lagavulin","floor":8.0,"turns":7.0},{"damage":0.0,"enemies":"2 Louse","floor":12.0,"turns":2.0},{"damage":5.0,"enemies":"Exordium Thugs","floor":13.0,"turns":5.0},{"damage":1.0,"enemies":"3 Louse","floor":14.0,"turns":4.0},{"damage":0.0,"enemies":"Large Slime","floor":15.0,"turns":5.0},{"damage":20.0,"enemies":"Hexaghost","floor":17.0,"turns":10.0},{"damage":1.0,"enemies":"2 Thieves","floor":19.0,"turns":5.0},{"damage":11.0,"enemies":"Spheric Guardian","floor":22.0,"turns":5.0},{"damage":15.0,"enemies":"Book of Stabbing","floor":26.0,"turns":6.0},{"damage":0.0,"enemies":"Snecko","floor":28.0,"turns":3.0},{"damage":0.0,"enemies":"Centurion and Healer","floor":30.0,"turns":5.0},{"damage":0.0,"enemies":"Gremlin Leader","floor":31.0,"turns":4.0},{"damage":44.0,"enemies":"Champ","floor":34.0,"turns":9.0},{"damage":0.0,"enemies":"Orb Walker","floor":36.0,"turns":2.0},{"damage":0.0,"enemies":"3 Darklings","floor":39.0,"turns":1.0},{"damage":42.0,"enemies":"Giant Head","floor":41.0,"turns":9.0},{"damage":0.0,"enemies":"Transient","floor":47.0,"turns":5.0},{"damage":87,"enemies":"Time Eater","floor":51,"turns":17},{"damage":59,"enemies":"Shield and Spear","floor":55,"turns":10},{"damage":50,"enemies":"The Heart","floor":56,"turns":3}],"seed_played":"7910772578099823318","potions_obtained":[{"floor":1.0,"key":"SteroidPotion"},{"floor":13.0,"key":"Ancient Potion"},{"floor":14.0,"key":"Regen Potion"},{"floor":17.0,"key":"Ancient Potion"},{"floor":22.0,"key":"LiquidMemories"},{"floor":28.0,"key":"PowerPotion"},{"floor":30.0,"key":"Ancient Potion"},{"floor":31.0,"key":"PowerPotion"},{"floor":34.0,"key":"SkillPotion"},{"floor":36.0,"key":"Block Potion"},{"floor":41.0,"key":"Fire Potion"},{"floor":47.0,"key":"FearPotion"},{"floor":55,"key":"Block Potion"}],"is_trial":false,"path_per_floor":["M","?","$","M","$","E","R","E","T","R","R","M","M","M","M","R","B",null,"M","?","?","M","?","R","?","E","T","M","R","M","E","$","R","B",null,"M","$","?","M","$","E","R","?","T","R","?","M","R","?","R","B",null,"R","$","E","B"],"character_chosen":"THE_SILENT","items_purchased":["Noxious Fumes","Lantern","FairyPotion","Ancient Tea Set"],"campfire_rested":2,"item_purchase_floors":[3,32,32,37],"current_hp_per_floor":[70,70,70,70,70,77,77,28,28,51,74,74,69,68,68,68,48,77,76,76,76,65,65,65,65,50,50,50,50,50,50,50,50,21,77,77,77,77,77,77,35,35,77,77,77,77,77,77,77,77,23,77,77,77,18,0,0],"gold":31,"neow_bonus":"THREE_ENEMY_KILL","is_daily":false,"chose_seed":false,"campfire_upgraded":9,"win_rate":0.0,"timestamp":1608638679,"path_taken":["M","?","$","M","$","E","R","E","T","R","R","M","M","M","M","R","BOSS","M","?","?","?","?","R","?","E","T","M","R","M","E","$","R","BOSS","M","$","?","?","$","E","R","?","T","R","?","?","R","?","R","BOSS","R","$","E","BOSS"],"items_purchased_type":["Card","Relic","Potion","Relic"],"build_version":"2020-12-13","purchased_purges":0,"victory":false,"max_hp_per_floor":[70,70,70,70,70,77,77,77,77,77,77,77,77,77,77,77,77,77,77,77,77,77,77,77,77,77,77,77,77,77,77,77,77,77,77,77,77,77,77,77,77,77,77,77,77,77,77,77,77,77,77,77,77,77,77,77,77],"card_choices":[{"not_picked":["Predator","Expertise"],"picked":"Underhanded Strike","floor":1.0},{"not_picked":["Noxious Fumes","PiercingWail","Cloak And Dagger"],"picked":"SKIP","floor":4.0},{"not_picked":["Backflip","Masterful Stab"],"picked":"Flying Knee","floor":6.0},{"not_picked":["Outmaneuver","Backflip","Quick Slash"],"picked":"SKIP","floor":8.0},{"not_picked":["Accuracy","Tactician"],"picked":"Dash","floor":12.0},{"not_picked":["Slice","Finisher"],"picked":"Blade Dance","floor":13.0},{"not_picked":["Heel Hook","Acrobatics"],"picked":"Bullet Time","floor":14.0},{"not_picked":["Caltrops","Bouncing Flask"],"picked":"Slice","floor":15.0},{"not_picked":["Storm of Steel","Burst"],"picked":"Corpse Explosion","floor":17.0},{"not_picked":["Blur","Underhanded Strike","Calculated Gamble"],"picked":"SKIP","floor":19.0},{"not_picked":["Heel Hook+1","Cloak And Dagger"],"picked":"Dagger Throw+1","floor":22.0},{"not_picked":["Setup+1","Flying Knee","Expertise+1"],"picked":"SKIP","floor":26.0},{"not_picked":["Outmaneuver","Crippling Poison+1"],"picked":"Blade Dance+1","floor":28.0},{"not_picked":["Dagger Throw+1","Reflex"],"picked":"Backstab+1","floor":30.0},{"not_picked":["Underhanded Strike","Predator"],"picked":"A Thousand Cuts","floor":31.0},{"not_picked":["Malaise","Doppelganger"],"picked":"After Image","floor":34.0},{"not_picked":["Sucker Punch","Deadly Poison"],"picked":"Dodge and Roll+1","floor":36.0},{"not_picked":["Acrobatics+1","Outmaneuver+1","Backflip+1"],"picked":"SKIP","floor":39.0},{"not_picked":["Noxious Fumes+1","Cloak And Dagger"],"picked":"After Image","floor":41.0},{"not_picked":["Poisoned Stab","Outmaneuver","Cloak And Dagger"],"picked":"SKIP","floor":47.0},{"not_picked":["Backflip","Endless Agony+1"],"picked":"Cloak And Dagger+1","floor":55}],"player_experience":101979,"relics_obtained":[{"floor":6.0,"key":"Strawberry"},{"floor":8.0,"key":"Calipers"},{"floor":9.0,"key":"Ornamental Fan"},{"floor":18.0,"key":"Centennial Puzzle"},{"floor":18.0,"key":"White Beast Statue"},{"floor":18.0,"key":"Pocketwatch"},{"floor":26.0,"key":"Pen Nib"},{"floor":31.0,"key":"Dream Catcher"},{"floor":41.0,"key":"Potion Belt"},{"floor":44.0,"key":"Happy Flower"},{"floor":55,"key":"Bag of Marbles"}],"event_choices":[{"damage_healed":0.0,"max_hp_gain":0.0,"max_hp_loss":0.0,"gold_gain":0.0,"event_name":"The Cleric","player_choice":"Leave","floor":2.0,"gold_loss":0.0,"damage_taken":0.0},{"damage_healed":0.0,"max_hp_gain":0.0,"max_hp_loss":0.0,"gold_gain":0.0,"event_name":"The Mausoleum","player_choice":"Opened","floor":20.0,"gold_loss":0.0,"damage_taken":0.0,"relics_obtained":["Gremlin Horn"],"cards_obtained":["Writhe"]},{"cards_removed":["Writhe"],"damage_healed":0.0,"max_hp_gain":0.0,"max_hp_loss":0.0,"gold_gain":0.0,"event_name":"Beggar","player_choice":"Gave Gold","floor":21.0,"gold_loss":75.0,"damage_taken":0.0},{"damage_healed":0.0,"max_hp_gain":0.0,"max_hp_loss":0.0,"gold_gain":0.0,"event_name":"Back to Basics","player_choice":"Simplicity","floor":23.0,"gold_loss":0.0,"damage_taken":0.0,"cards_upgraded":["Strike_G","Strike_G","Strike_G","Strike_G","Strike_G","Defend_G","Defend_G","Defend_G","Defend_G","Defend_G"]},{"damage_healed":0.0,"max_hp_gain":0.0,"max_hp_loss":0.0,"gold_gain":0.0,"event_name":"Drug Dealer","player_choice":"Inject Mutagens","floor":25.0,"gold_loss":0.0,"damage_taken":0.0,"relics_obtained":["MutagenicStrength"]},{"damage_healed":0.0,"max_hp_gain":0.0,"max_hp_loss":0.0,"gold_gain":0.0,"event_name":"Lab","player_choice":"Got Potions","floor":38.0,"gold_loss":0.0,"damage_taken":0.0},{"damage_healed":42.0,"max_hp_gain":0.0,"max_hp_loss":0.0,"gold_gain":0.0,"event_name":"MindBloom","player_choice":"Heal","floor":43.0,"gold_loss":0.0,"damage_taken":0.0,"cards_obtained":["Doubt"]},{"cards_removed":["Flying Knee"],"damage_healed":0.0,"max_hp_gain":0.0,"max_hp_loss":0.0,"gold_gain":0.0,"event_name":"WeMeetAgain","player_choice":"Gave Card","floor":46.0,"gold_loss":0.0,"damage_taken":0.0,"relics_obtained":["War Paint"]},{"damage_healed":0.0,"max_hp_gain":0.0,"max_hp_loss":0.0,"gold_gain":0.0,"event_name":"Tomb of Lord Red Mask","player_choice":"Paid","floor":49.0,"gold_loss":130.0,"damage_taken":0.0,"relics_obtained":["Red Mask"]}],"is_beta":false,"boss_relics":[{"not_picked":["Cursed Key","Runic Pyramid"],"picked":"Calling Bell"},{"not_picked":["Sozu","Velvet Choker"],"picked":"WristBlade"}],"items_purged_floors":[],"is_endless":false,"potions_floor_spawned":[1,13,14,17,19,22,26,28,30,31,34,36,39,41,47,55],"killed_by":"The Heart","ascension_level":1}}