{"host":"1zjc08c6hob33401","time":1608672013,"event":{"mods":["AchievementEnabler","Act Like it!","Aspiration","BaseMod","Downfall","Energized Spire","GifTheSpireLib","Hermit","Hubris","Infinite Spire","Jedi Mod","Jorbs\u0027s Wanderer Trilogy","Minty Spire (QoL Compilation)","Pale of the Ancients","Quick Restart","Replay The Spire","Retaliation","Shop Mod","StSLib","Stuff the Spire","Swap Starting Deck Mod","The Blue Laboratory","The Gatherer","The Poker Player","The Runesmith","Wandering Minibosses"],"gold_per_floor":[109,109,123,141,214,214,239,239,317,417,435,452,452,471,471,573,673,656,195,222,222,241,241,241,241],"floor_reached":24,"playtime":1335,"items_purged":["Strike_B"],"score":238,"play_id":"ec8f9145-777f-409a-a7dc-923e9f912121","local_time":"20201222232013","is_ascension_mode":true,"campfire_choices":[{"data":"Loop","floor":6.0,"key":"SMITH"},{"data":"Seek","floor":8.0,"key":"SMITH"},{"floor":13.0,"key":"REST"},{"floor":15.0,"key":"REST"},{"floor":23.0,"key":"REST"}],"circlet_count":0,"master_deck":["Strike_B","Strike_B","Strike_B","Defend_B","Defend_B","Defend_B","Zap","Dualcast","Hello World","Capacitor","Redo","Loop+1","Seek+1","Ball Lightning","BootSequence","jedi:blockon","Rainbow","Transmutation","Panic Button+1","Doom and Gloom"],"relics":["Cracked Core","Replay:WaspNest","infinitespire:Beetle Shell","Symbiotic Virus","Replay:Wanted Poster","Membership Card","aspiration:FaultyCoupler","CeramicFish","Nilry\u0027s Codex"],"acts_visited":["Exordium","TheCity"],"potions_floor_usage":[],"damage_taken":[{"damage":2.0,"enemies":"Jaw Worm","floor":1.0,"turns":4.0},{"damage":14.0,"enemies":"infinitespire:Voidling","floor":3.0,"turns":3.0},{"damage":6.0,"enemies":"Cultist","floor":4.0,"turns":3.0},{"damage":22.0,"enemies":"3 Sentries","floor":7.0,"turns":8.0},{"damage":12.0,"enemies":"Looter","floor":11.0,"turns":3.0},{"damage":22.0,"enemies":"Lots of Slimes","floor":12.0,"turns":2.0},{"damage":9.0,"enemies":"Exordium Wildlife","floor":14.0,"turns":3.0},{"damage":22.0,"enemies":"Hexaghost","floor":16.0,"turns":7.0},{"damage":23.0,"enemies":"2 Thieves","floor":18.0,"turns":4.0},{"damage":3.0,"enemies":"Spheric Guardian","floor":20.0,"turns":3.0},{"damage":16.0,"enemies":"Centurion and Healer","floor":22.0,"turns":5.0},{"damage":42,"enemies":"Shelled Parasite and Fungi","floor":24,"turns":6}],"seed_played":"7582006164920240838","potions_obtained":[{"floor":1.0,"key":"blueLaboratory:CoolantVial"},{"floor":11.0,"key":"jedi:coolantleak"},{"floor":12.0,"key":"Dexterity Potion"},{"floor":14.0,"key":"Languid Potion"},{"floor":18.0,"key":"BlessingOfTheForge"}],"is_trial":false,"path_per_floor":["M","?","M","M","T","R","E","R","T","?","M","M","R","M","R","B",null,"M","$","M","?","M","R","M"],"character_chosen":"DEFECT","items_purchased":["Membership Card","aspiration:FaultyCoupler","CeramicFish","Transmutation"],"campfire_rested":3,"item_purchase_floors":[19,19,19,19],"current_hp_per_floor":[73,73,64,58,58,58,36,36,36,36,24,2,24,15,37,15,75,52,52,49,33,17,39,0,0],"gold":241,"neow_bonus":"THREE_CARDS","is_daily":false,"chose_seed":false,"campfire_upgraded":2,"win_rate":0.0,"timestamp":1608672013,"path_taken":["M","?","M","?","?","R","E","R","T","?","?","M","R","M","R","BOSS","M","$","M","?","M","R","M"],"items_purchased_type":["Relic","Relic","Relic","Card"],"build_version":"2020-12-13","purchased_purges":1,"victory":false,"max_hp_per_floor":[75,75,75,75,75,75,75,75,75,75,75,75,75,75,75,75,75,75,75,75,75,75,75,75,75],"card_choices":[{"not_picked":["Streamline","Coolheaded"],"picked":"Hello World","floor":0.0},{"not_picked":["Rebound","Streamline"],"picked":"Capacitor","floor":1.0},{"not_picked":["Turbo","Panic Button"],"picked":"Redo","floor":3.0},{"not_picked":["Ball Lightning","Scrape"],"picked":"Loop","floor":4.0},{"not_picked":["Meteor Strike","Undo"],"picked":"Seek","floor":7.0},{"not_picked":["Sweeping Beam","Coolheaded"],"picked":"Ball Lightning","floor":11.0},{"not_picked":["Capacitor","aspiration:Polymerization"],"picked":"BootSequence","floor":12.0},{"not_picked":["Gash","StuffTheSpire:LoadUp"],"picked":"jedi:blockon","floor":14.0},{"not_picked":["StuffTheSpire:ForEach","Amplify"],"picked":"Rainbow","floor":16.0},{"not_picked":["Cold Snap","jedi:BurstLightning","BasicCrystalCard"],"picked":"SKIP","floor":18.0},{"not_picked":["Sweeping Beam","StuffTheSpire:GlassShard"],"picked":"Panic Button+1","floor":20.0},{"not_picked":["ReplayGash","Recycle"],"picked":"Doom and Gloom","floor":22.0}],"player_experience":477454,"relics_obtained":[{"floor":5.0,"key":"Replay:WaspNest"},{"floor":7.0,"key":"infinitespire:Beetle Shell"},{"floor":9.0,"key":"Symbiotic Virus"},{"floor":21.0,"key":"Nilry\u0027s Codex"}],"event_choices":[{"cards_removed":["Defend_B"],"damage_healed":0.0,"max_hp_gain":0.0,"max_hp_loss":0.0,"gold_gain":0.0,"event_name":"Bonfire Elementals","player_choice":"Offered Basic","floor":2.0,"gold_loss":0.0,"damage_taken":0.0},{"damage_healed":0.0,"max_hp_gain":0.0,"max_hp_loss":0.0,"gold_gain":100.0,"event_name":"Golden Shrine","player_choice":"Pray","floor":10.0,"gold_loss":0.0,"damage_taken":0.0},{"damage_healed":0.0,"max_hp_gain":0.0,"max_hp_loss":0.0,"gold_gain":0.0,"event_name":"Cursed Tome","player_choice":"Obtained Book","floor":21.0,"gold_loss":0.0,"damage_taken":16.0}],"is_beta":false,"boss_relics":[{"not_picked":["Calling Bell","ReplayTheSpireMod:DimensionalGlitch"],"picked":"Replay:Wanted Poster"}],"items_purged_floors":[19],"is_endless":false,"potions_floor_spawned":[1,11,12,14,18],"killed_by":"Shelled Parasite and Fungi","ascension_level":4}}