{"host":"mt3nndg5ku536gxi","time":1608625449,"event":{"mods":["BaseMod","Colored Powertips","Minty Spire (QoL Compilation)","Permanent Neow","Quick Restart","StSLib","UnlockEverythingMod"],"gold_per_floor":[114,114,131,19,32,32,57,75,75,100,100,118,118,140,140,217,217,237,237,251,261,279,292,319,339,339,159,193,203,203,238,238,309,309,322,322,339,206,221,221,252,252,252,281,293,340,49,65,65,65],"floor_reached":51,"playtime":4054,"items_purged":["Strike_P","Defend_P","Defend_P+1"],"score":2003,"play_id":"611ddcb0-b63b-4d31-b7ae-c63a1952eaad","local_time":"20201222162409","is_ascension_mode":true,"campfire_choices":[{"data":"Eruption","floor":6.0,"key":"SMITH"},{"data":"ClearTheMind","floor":11.0,"key":"SMITH"},{"data":"Study","floor":13.0,"key":"SMITH"},{"data":"Scrawl","floor":15.0,"key":"SMITH"},{"data":"MentalFortress","floor":30.0,"key":"SMITH"},{"data":"MasterReality","floor":32.0,"key":"SMITH"},{"data":"Vault","floor":40.0,"key":"SMITH"},{"data":"Adaptation","floor":42.0,"key":"SMITH"},{"data":"Wireheading","floor":49,"key":"SMITH"}],"circlet_count":0,"master_deck":["AscendersBane","Defend_P+1","Defend_P+1","Vigilance+1","CarveReality+1","Indignation+1","Tantrum","Study+1","ClearTheMind+1","Scrawl+1","EmptyFist+1","EmptyBody+1","LessonLearned+1","MasterReality+1","Sanctity","Wallop+1","DeceiveReality","MentalFortress+1","Vengeance+1","Vault+1","FearNoEvil+1","Nirvana+1","Judgement+1","Adaptation+1","DevaForm+1","Wireheading+1"],"relics":["Coffee Dripper","FossilizedHelix","Dead Branch","TeardropLocket","Odd Mushroom","Sozu","Smiling Mask","Calipers","Mummified Hand","Singing Bowl","Astrolabe","Damaru","MealTicket","Pocketwatch","MawBank","Akabeko","TheAbacus"],"acts_visited":["Exordium","TheCity","TheBeyond"],"potions_floor_usage":[],"damage_taken":[{"damage":0.0,"enemies":"Jaw Worm","floor":1.0,"turns":4.0},{"damage":0.0,"enemies":"Cultist","floor":3.0,"turns":2.0},{"damage":0.0,"enemies":"Small Slimes","floor":5.0,"turns":2.0},{"damage":0.0,"enemies":"Lagavulin","floor":7.0,"turns":3.0},{"damage":4.0,"enemies":"Exordium Wildlife","floor":8.0,"turns":3.0},{"damage":0.0,"enemies":"Gremlin Nob","floor":10.0,"turns":3.0},{"damage":0.0,"enemies":"Red Slaver","floor":12.0,"turns":2.0},{"damage":0.0,"enemies":"The Mushroom Lair","floor":14.0,"turns":2.0},{"damage":31.0,"enemies":"Hexaghost","floor":16.0,"turns":5.0},{"damage":0.0,"enemies":"2 Thieves","floor":18.0,"turns":2.0},{"damage":0.0,"enemies":"Chosen","floor":20.0,"turns":4.0},{"damage":0.0,"enemies":"Snake Plant","floor":21.0,"turns":1.0},{"damage":0.0,"enemies":"Cultist and Chosen","floor":22.0,"turns":4.0},{"damage":0.0,"enemies":"Centurion and Healer","floor":23.0,"turns":4.0},{"damage":0.0,"enemies":"Book of Stabbing","floor":24.0,"turns":5.0},{"damage":0.0,"enemies":"Snecko","floor":25.0,"turns":3.0},{"damage":0.0,"enemies":"Gremlin Leader","floor":28.0,"turns":8.0},{"damage":0.0,"enemies":"Shelled Parasite and Fungi","floor":29.0,"turns":6.0},{"damage":24.0,"enemies":"Slavers","floor":31.0,"turns":6.0},{"damage":0.0,"enemies":"Champ","floor":33.0,"turns":7.0},{"damage":0.0,"enemies":"3 Shapes","floor":35.0,"turns":11.0},{"damage":0.0,"enemies":"3 Darklings","floor":37.0,"turns":5.0},{"damage":0.0,"enemies":"4 Shapes","floor":39.0,"turns":4.0},{"damage":0.0,"enemies":"Giant Head","floor":41.0,"turns":9.0},{"damage":0.0,"enemies":"Nemesis","floor":44.0,"turns":6.0},{"damage":0,"enemies":"Reptomancer","floor":46,"turns":7},{"damage":0,"enemies":"Maw","floor":48,"turns":5},{"damage":0,"enemies":"Awakened One","floor":50,"turns":12}],"seed_played":"-3718624914893012718","potions_obtained":[{"floor":1.0,"key":"Regen Potion"},{"floor":5.0,"key":"BlessingOfTheForge"}],"is_trial":false,"path_per_floor":["M","?","M","$","M","R","E","M","T","E","R","M","R","?","R","B",null,"M","?","M","M","M","M","E","M","T","$","E","M","R","E","R","B",null,"M","?","M","$","M","R","E","R","T","E","?","E","$","M","R","B",null],"character_chosen":"WATCHER","items_purchased":["Tantrum","Study","MentalFortress","Vengeance","Adaptation","DevaForm","TheAbacus"],"campfire_rested":0,"item_purchase_floors":[4,4,27,27,38,47,47],"current_hp_per_floor":[61,68,68,68,68,68,68,64,64,64,64,64,64,64,64,33,59,59,59,59,59,59,59,59,59,59,59,59,59,59,37,37,37,62,64,64,66,66,68,68,70,70,70,72,72,74,82,82,82,82],"gold":65,"neow_bonus":"BOSS_RELIC","is_daily":false,"chose_seed":false,"campfire_upgraded":9,"win_rate":0.0,"timestamp":1608625449,"path_taken":["M","?","?","$","M","R","E","M","T","E","R","M","R","?","R","BOSS","M","?","M","M","M","?","E","M","T","$","E","M","R","E","R","BOSS","M","?","M","$","?","R","E","R","T","E","?","E","$","M","R","BOSS"],"items_purchased_type":["Card","Card","Card","Card","Card","Card","Relic"],"build_version":"2020-12-13","purchased_purges":3,"victory":true,"max_hp_per_floor":[68,68,68,68,68,68,68,68,68,68,68,68,68,68,68,68,68,68,68,68,68,68,68,68,68,68,68,68,68,68,70,70,70,70,72,72,74,74,76,76,78,78,78,80,80,82,82,82,82,82],"card_choices":[{"not_picked":["WreathOfFlame","Protect"],"picked":"CarveReality","floor":1.0},{"not_picked":["CrushJoints","SandsOfTime"],"picked":"Indignation","floor":3.0},{"not_picked":["Consecrate","Prostrate"],"picked":"ClearTheMind","floor":5.0},{"not_picked":["FlurryOfBlows","FearNoEvil"],"picked":"Scrawl","floor":7.0},{"not_picked":["FlyingSleeves","DeceiveReality"],"picked":"EmptyFist","floor":8.0},{"not_picked":["PathToVictory","Evaluate"],"picked":"EmptyBody","floor":10.0},{"not_picked":["Consecrate","Tantrum","BattleHymn"],"picked":"SKIP","floor":12.0},{"not_picked":["Wish","Omniscience"],"picked":"LessonLearned","floor":16.0},{"not_picked":["BowlingBash","Evaluate+1","FollowUp"],"picked":"SKIP","floor":18.0},{"not_picked":["WaveOfTheHand","FlyingSleeves","FlurryOfBlows+1"],"picked":"SKIP","floor":20.0},{"not_picked":["Consecrate","FearNoEvil"],"picked":"Wallop+1","floor":21.0},{"not_picked":["SpiritShield","WindmillStrike","ClearTheMind"],"picked":"SKIP","floor":22.0},{"not_picked":["ClearTheMind","Halt"],"picked":"DeceiveReality","floor":23.0},{"not_picked":["CutThroughFate","WreathOfFlame","FlyingSleeves"],"picked":"SKIP","floor":24.0},{"not_picked":["BowlingBash+1","ClearTheMind","Evaluate"],"picked":"SKIP","floor":25.0},{"not_picked":["WaveOfTheHand+1","Study","Weave"],"picked":"SKIP","floor":28.0},{"not_picked":["Tantrum","FlurryOfBlows","SashWhip"],"picked":"SKIP","floor":29.0},{"not_picked":["DeusExMachina","Judgement","FlurryOfBlows"],"picked":"Singing Bowl","floor":31.0},{"not_picked":["Omniscience","Blasphemy"],"picked":"Vault","floor":33.0},{"not_picked":["ClearTheMind","JustLucky+1","FlurryOfBlows"],"picked":"Singing Bowl","floor":35.0},{"not_picked":["Indignation","ThirdEye","WreathOfFlame"],"picked":"Singing Bowl","floor":37.0},{"not_picked":["FollowUp+1","Judgement","ClearTheMind+1"],"picked":"Singing Bowl","floor":39.0},{"not_picked":["PathToVictory","JustLucky","ClearTheMind"],"picked":"Singing Bowl","floor":41.0},{"not_picked":["CutThroughFate","PathToVictory","Crescendo"],"picked":"Singing Bowl","floor":44.0},{"not_picked":["Protect+1","CarveReality+1","FlyingSleeves"],"picked":"Singing Bowl","floor":46},{"not_picked":["Prostrate+1","TalkToTheHand"],"picked":"Wireheading","floor":48}],"player_experience":139077,"relics_obtained":[{"floor":7.0,"key":"FossilizedHelix"},{"floor":9.0,"key":"Dead Branch"},{"floor":10.0,"key":"TeardropLocket"},{"floor":14.0,"key":"Odd Mushroom"},{"floor":24.0,"key":"Smiling Mask"},{"floor":26.0,"key":"Calipers"},{"floor":28.0,"key":"Mummified Hand"},{"floor":31.0,"key":"Singing Bowl"},{"floor":41.0,"key":"MealTicket"},{"floor":43.0,"key":"Pocketwatch"},{"floor":44.0,"key":"MawBank"},{"floor":46,"key":"Akabeko"}],"event_choices":[{"damage_healed":7.0,"max_hp_gain":0.0,"max_hp_loss":0.0,"gold_gain":0.0,"event_name":"Wheel of Change","player_choice":"Full Heal","floor":2.0,"gold_loss":0.0,"damage_taken":0.0},{"damage_healed":0.0,"max_hp_gain":0.0,"max_hp_loss":0.0,"gold_gain":0.0,"event_name":"Mushrooms","player_choice":"Fought Mushrooms","floor":14.0,"gold_loss":0.0,"damage_taken":0.0},{"damage_healed":0.0,"max_hp_gain":0.0,"max_hp_loss":0.0,"gold_gain":0.0,"event_name":"Match and Keep!","player_choice":"2 cards matched","floor":19.0,"gold_loss":0.0,"damage_taken":0.0,"cards_obtained":["MasterReality","Sanctity"]},{"damage_healed":0.0,"max_hp_gain":0.0,"max_hp_loss":0.0,"gold_gain":0.0,"event_name":"WeMeetAgain","player_choice":"Gave Potion","floor":36.0,"gold_loss":0.0,"damage_taken":0.0,"relics_obtained":["Damaru"]},{"cards_removed":["Eruption"],"damage_healed":0.0,"max_hp_gain":0.0,"max_hp_loss":0.0,"gold_gain":0.0,"event_name":"Falling","player_choice":"Removed Attack","floor":45.0,"gold_loss":0.0,"damage_taken":0.0}],"is_beta":false,"boss_relics":[{"not_picked":["SacredBark","Cursed Key"],"picked":"Sozu"},{"not_picked":["Tiny House","Runic Dome"],"picked":"Astrolabe"}],"items_purged_floors":[27,38,47],"is_endless":false,"potions_floor_spawned":[1,5,14,16,22,23,25,29,31,33,37,39],"ascension_level":16}}