{"host":"npubv26u89aif4fa","time":1608629522,"event":{"mods":["Astrologer","BaseMod","Better Vampires","Better-Laid Plans","Colored Powertips","GifTheSpireLib","GungeonMod","HornydragonMod","Hubris","Jedi Mod","KinomotoSakuraMod(木之本樱)","Minty Spire (QoL Compilation)","Nova Terra(诺娃・泰拉)","Quick Restart","Remilia（蕾米莉亚）","Replay The Spire","StSLib","Td1madao Mod","The Administrix","The Alterego","The Bug Knight","The Cursed","The Dragon Tamer","The Hayseed","The Mystic","The Runesmith","TheWitcher","Yuri Mod","Yuyuko","【东方二次创作】八云紫mod"],"gold_per_floor":[369,384,16,16,30,30,59,59,132,132,147,166,200,230,230,365,365,395,423,27,27,27,27,67,103,103,103,142,181,181,226,226,369,369,414,432,452,493,493,544,544,604,604,663,702,642,185,0,0,20,20,20,20,74,94],"floor_reached":56,"playtime":3595,"items_purged":["hubris:Compulsion","yuri:yuriStrike"],"score":1393,"play_id":"34bc3149-27e6-422a-9833-cf12d5a174b5","local_time":"20201222173202","is_ascension_mode":false,"campfire_choices":[{"floor":6.0,"key":"RECALL"},{"data":"yuri:BlackTea","floor":8.0,"key":"SMITH"},{"floor":15.0,"key":"REST"},{"data":"Apotheosis","floor":23,"key":"SMITH"},{"floor":27,"key":"REST"},{"data":"yuri:TeaSet","floor":30,"key":"SMITH"},{"data":"yuri:DragonForm","floor":32,"key":"SMITH"},{"data":"yuri:NerfBat","floor":41,"key":"SMITH"},{"floor":49,"key":"REST"},{"data":"hubris:EnhanceAbility","floor":52,"key":"SMITH"}],"circlet_count":0,"master_deck":["yuri:yuriDefend","yuri:yuriDefend","yuri:yuriDefend","yuri:Oolong","yuri:yuriStab","yuri:Stalk","yuri:BookRed","yuri:BlackTea+1","yuri:StealPen","yuri:Virus","yuri:DejaVu","yuri:DragonForm+1","yuri:TeaSet+1","Apotheosis+1","yuri:SturdyUniform+1","yuri:TeaSet","yuri:WickedSlash","yuri:TeaSet","yuri:Skip+1","yuri:DistillInsanity","yuri:Stalk","yuri:RecklessStrike+1","yuri:NerfBat+1","yuri:SeeingDouble+1","yuri:InduceGlitch+1","Impatience","yuri:BookRed","hubris:EnhanceAbility+1","yuri:MirrorInsanity"],"relics":["yuri:yuriKnife","Runesmith:AutoHammer","jedi:shrinkray","Ice Cream","Bottled Lightning","Golden Idol","Replay:Drink Me","HandDrill","Ring of Searing","ReplayTheSpireMod:Shallot","hubris:Backtick","hubris:Potato","DemoMod:MemoryAlloy","Juzu Bracelet","DemoMod:Relodestone","BargainBundle","Anchor","Red Mask","Replay:Bottled Snecko"],"acts_visited":["Exordium","TheCity","TheBeyond","TheEnding"],"potions_floor_usage":[29,54,55,55],"damage_taken":[{"damage":0.0,"enemies":"2 Louse","floor":1.0,"turns":2.0},{"damage":5.0,"enemies":"Small Slimes","floor":2.0,"turns":4.0},{"damage":3.0,"enemies":"Jaw Worm","floor":5.0,"turns":4.0},{"damage":21.0,"enemies":"Gremlin Nob","floor":7.0,"turns":4.0},{"damage":16.0,"enemies":"Lots of Slimes","floor":11.0,"turns":5.0},{"damage":4.0,"enemies":"2 Fungi Beasts","floor":12.0,"turns":3.0},{"damage":3.0,"enemies":"3 Louse","floor":13.0,"turns":3.0},{"damage":12.0,"enemies":"Gremlin Gang","floor":14.0,"turns":4.0},{"damage":62.0,"enemies":"Fading Forest","floor":16.0,"turns":11.0},{"damage":9.0,"enemies":"Spheric Guardian","floor":18.0,"turns":5.0},{"damage":8.0,"enemies":"2 Thieves","floor":19.0,"turns":3.0},{"damage":5,"enemies":"Snake Plant","floor":24,"turns":2},{"damage":16,"enemies":"Centurion and Healer","floor":25,"turns":3},{"damage":25,"enemies":"Snecko","floor":28,"turns":4},{"damage":2,"enemies":"Snake Plant","floor":29,"turns":2},{"damage":13,"enemies":"Centurion and Healer","floor":31,"turns":3},{"damage":24,"enemies":"Automaton","floor":33,"turns":4},{"damage":18,"enemies":"3 Darklings","floor":35,"turns":3},{"damage":9,"enemies":"Orb Walker","floor":36,"turns":2},{"damage":2,"enemies":"Spire Growth","floor":37,"turns":2},{"damage":6,"enemies":"Jaw Worm Horde","floor":38,"turns":3},{"damage":15,"enemies":"Nemesis","floor":40,"turns":5},{"damage":9,"enemies":"Giant Head","floor":42,"turns":4},{"damage":16,"enemies":"Reptomancer","floor":44,"turns":4},{"damage":13,"enemies":"4 Shapes","floor":45,"turns":3},{"damage":21,"enemies":"Time Eater","floor":50,"turns":6},{"damage":1,"enemies":"Shield and Spear","floor":54,"turns":4},{"damage":54,"enemies":"The Heart","floor":55,"turns":6}],"seed_played":"-5058649736911687466","potions_obtained":[{"floor":5.0,"key":"Strength Potion"},{"floor":7.0,"key":"Weak Potion"},{"floor":13.0,"key":"Block Potion"},{"floor":19.0,"key":"Block Potion"},{"floor":29,"key":"DemoMod:LeadSkinPotion"}],"is_trial":false,"path_per_floor":["M","M","$","?","M","R","E","R","T","?","M","M","M","M","R","B",null,"M","M","$","?","?","R","M","M","T","R","M","M","R","M","R","B",null,"M","M","M","M","?","E","R","E","T","E","M","?","$","?","R","B",null,"R","$","E","B",null],"character_chosen":"YURI","items_purchased":["Runesmith:AutoHammer","jedi:shrinkray","Apotheosis","HandDrill","yuri:SturdyUniform+1","BargainBundle","Impatience","AttackPotion","ColorlessPotion","yuri:BookRed","hubris:EnhanceAbility","Anchor"],"campfire_rested":3,"item_purchase_floors":[3,3,20,20,20,47,47,47,47,47,47,47],"current_hp_per_floor":[80,79,79,79,78,78,60,60,60,40,31,33,36,31,55,24,60,51,49,49,49,49,49,51,44,44,60,42,47,47,43,43,29,60,44,41,46,47,47,42,42,39,39,30,19,19,19,19,37,26,60,60,60,60,11],"gold":94,"neow_bonus":"TWO_FIFTY_GOLD","is_daily":false,"chose_seed":false,"campfire_upgraded":6,"win_rate":0.0,"timestamp":1608629522,"path_taken":["M","M","$","?","M","R","E","R","T","?","M","M","M","M","R","BOSS","M","M","$","?","?","R","M","M","T","R","?","M","R","?","R","BOSS","M","M","M","M","?","E","R","E","T","E","M","?","$","?","R","BOSS","R","$","E","BOSS"],"items_purchased_type":["Relic","Relic","Card","Relic","Card","Relic","Card","Potion","Potion","Card","Card","Relic"],"build_version":"2020-12-13","purchased_purges":2,"victory":true,"max_hp_per_floor":[80,80,80,80,80,80,80,80,80,80,80,80,80,80,80,80,60,60,60,60,60,60,60,60,60,60,60,60,60,60,60,60,60,60,60,60,60,60,60,60,60,60,60,60,60,60,60,60,60,60,60,60,60,60,60],"card_choices":[{"not_picked":["yuri:RecklessStrike","yuri:yuriQuickStrike"],"picked":"yuri:Stalk","floor":1.0},{"not_picked":["yuri:CalmingAura","yuri:ThrowBook"],"picked":"yuri:BookRed","floor":2.0},{"not_picked":["yuri:yuriQuickStrike","yuri:Stare","yuri:BookBlue"],"picked":"SKIP","floor":5.0},{"not_picked":["yuri:yuriHeavyStrike","yuri:Spin"],"picked":"yuri:BlackTea","floor":7.0},{"not_picked":["yuri:Stalk","yuri:GlitchedStrike","yuri:TPose"],"picked":"SKIP","floor":11.0},{"not_picked":["yuri:yuriHeavyStrike","yuri:CalmingAura"],"picked":"yuri:StealPen","floor":12.0},{"not_picked":["yuri:DeepBreathing","yuri:ThrowBook"],"picked":"yuri:Virus","floor":13.0},{"not_picked":["yuri:ThrowingKnives","yuri:Stare"],"picked":"yuri:DejaVu","floor":14.0},{"not_picked":["yuri:Virus","yuri:DisableStrike"],"picked":"yuri:DragonForm","floor":16.0},{"not_picked":["yuri:GlitchedStrike","yuri:CalmingAura"],"picked":"yuri:TeaSet","floor":18.0},{"not_picked":["yuri:Skip+1","yuri:DebugCard","yuri:HoldBack"],"picked":"SKIP","floor":19.0},{"not_picked":["yuri:DebugCard","yuri:ChibiInvasion+1","yuri:yuriHeavyStrike+1"],"picked":"SKIP","floor":24},{"not_picked":["yuri:DebugCard","yuri:AdaptiveAI"],"picked":"yuri:WickedSlash","floor":25},{"not_picked":["yuri:ExploitStrike","yuri:GlitchedStrike"],"picked":"yuri:TeaSet","floor":28},{"not_picked":["yuri:WickedSlash","yuri:StealPen","yuri:MPose"],"picked":"SKIP","floor":29},{"not_picked":["yuri:TeaSet+1","yuri:GlitchedStrike"],"picked":"yuri:Skip+1","floor":31},{"not_picked":["yuri:RemoveSafetyChecks","yuri:NoEscape"],"picked":"yuri:DistillInsanity","floor":33},{"not_picked":["yuri:BookBlue+1","yuri:CalmingAura+1"],"picked":"yuri:Stalk","floor":35},{"not_picked":["yuri:MPose","yuri:HeavierStrike+1"],"picked":"yuri:RecklessStrike+1","floor":36},{"not_picked":["yuri:DejaVu","yuri:ThrowBook","yuri:MPose"],"picked":"SKIP","floor":37},{"not_picked":["yuri:Stare","yuri:HeavierStrike+1"],"picked":"yuri:NerfBat","floor":38},{"not_picked":["yuri:TeaSet+1","yuri:ThrowingKnives+1"],"picked":"yuri:SeeingDouble+1","floor":40},{"not_picked":["yuri:Virus","yuri:Spin+1","yuri:Skip"],"picked":"SKIP","floor":42},{"not_picked":["yuri:MPose+1","yuri:Stare"],"picked":"yuri:InduceGlitch+1","floor":44},{"not_picked":["yuri:AdaptiveAI","yuri:Spin","yuri:ThornRemove"],"picked":"SKIP","floor":45},{"not_picked":["yuri:ExploitStrike","yuri:ThrowBook"],"picked":"yuri:MirrorInsanity","floor":54}],"player_experience":151587,"relics_obtained":[{"floor":7.0,"key":"Ice Cream"},{"floor":9.0,"key":"Bottled Lightning"},{"floor":22,"key":"Ring of Searing"},{"floor":26,"key":"ReplayTheSpireMod:Shallot"},{"floor":40,"key":"DemoMod:MemoryAlloy"},{"floor":42,"key":"Juzu Bracelet"},{"floor":44,"key":"DemoMod:Relodestone"},{"floor":54,"key":"Replay:Bottled Snecko"}],"event_choices":[{"damage_healed":0.0,"max_hp_gain":0.0,"max_hp_loss":0.0,"gold_gain":0.0,"event_name":"Golden Idol","player_choice":"Take Damage","floor":10.0,"gold_loss":0.0,"damage_taken":20.0,"relics_obtained":["Golden Idol"]},{"cards_removed":["yuri:yuriStrike"],"damage_healed":0,"gold_gain":0,"player_choice":"Removed Attack","damage_taken":0,"max_hp_gain":0,"max_hp_loss":0,"event_name":"Falling","floor":39,"gold_loss":0},{"cards_removed":["yuri:yuriStrike"],"damage_healed":0,"gold_gain":0,"player_choice":"Single Remove","damage_taken":0,"max_hp_gain":0,"max_hp_loss":0,"event_name":"Designer","floor":46,"gold_loss":60},{"damage_healed":0,"gold_gain":0,"player_choice":"Paid","damage_taken":0,"relics_obtained":["Red Mask"],"max_hp_gain":0,"max_hp_loss":0,"event_name":"Tomb of Lord Red Mask","floor":48,"gold_loss":185}],"is_beta":false,"boss_relics":[{"not_picked":["Replay:Wanted Poster","Snecko Heart"],"picked":"Replay:Drink Me"},{"not_picked":["hubris:VirtuousBlindfold","ChewingGum"],"picked":"hubris:Backtick"}],"items_purged_floors":[3,47],"is_endless":false,"potions_floor_spawned":[5,7,13,16,18,19,25,29,38,40,45],"ascension_level":0}}