{"host":"99ad87xtd5ypi7ii","time":1608629073,"event":{"mods":["BaseMod","Hermit","Highlight Path","Marisa????????","Minty Spire (QoL Compilation)","Robot Space Explorer","StSLib","The Bladedancer","The Construct","The Cursed","The Disciple","The Gatherer","The Hierophant","The Runesmith","The Servant 0.9.4","TheVacant"],"gold_per_floor":[114,131,131,131,141,141,36,50,131,131,141,151,151,164,164,264,264,278,278,278,278,278,278,290,316,342,342,352,370,25,41,41,144,144,162,187,26,26,76,114,133,152,152,152,188,188,211,4,4,9,9],"floor_reached":50,"playtime":3328,"items_purged":[],"score":662,"play_id":"57ea3352-9e9e-459c-ac4f-09b66db1b184","local_time":"20201222102433","is_ascension_mode":false,"campfire_choices":[{"floor":6,"key":"REST"},{"data":"hermit:Adapt","floor":10,"key":"SMITH"},{"data":"hermit:CursedWeapon","floor":13,"key":"SMITH"},{"floor":15,"key":"REST"},{"data":"hermit:FullyLoaded","floor":23,"key":"SMITH"},{"data":"hermit:FromBeyond","floor":27,"key":"SMITH"},{"data":"hermit:DeadMansHand","floor":32,"key":"SMITH"},{"floor":44,"key":"REST"},{"floor":46,"key":"REST"},{"floor":49,"key":"RECALL"}],"circlet_count":0,"master_deck":["hermit:Strike_Hermit+1","hermit:Strike_Hermit+1","hermit:Strike_Hermit+1","hermit:Strike_Hermit+1","hermit:Defend_Hermit+1","hermit:Defend_Hermit+1","hermit:Defend_Hermit+1","hermit:Defend_Hermit+1","hermit:Snapshot","hermit:Covet","hermit:Adapt+1","hermit:CursedWeapon+1","hermit:FullyLoaded+1","hermit:GhostlyPresence","hermit:CursedWeapon+1","hermit:WideOpen","hermit:BodyArmor","hermit:Shortfuse","hermit:FromBeyond+1","hermit:BodyArmor","hermit:GhostlyPresence","hermit:EyeOfTheStorm","hermit:DeadMansHand+1","Dark Shackles","hermit:Scavenge","hermit:Adapt","hermit:EyeOfTheStorm","Dark Shackles","Dramatic Entrance","Madness","hermit:Showdown","hermit:FinalCanter"],"relics":["hermit:ClaspedLocket","FaceOfCleric","Kunai","Runic Pyramid","Vajra","Strawberry","Medical Kit","Shovel","The Courier","HornCleat","Oddly Smooth Stone","Ancient Tea Set"],"acts_visited":["Exordium","TheCity","TheBeyond"],"potions_floor_usage":[16,16,25,33,40,40,41,48,50],"damage_taken":[{"damage":0,"enemies":"Small Slimes","floor":1,"turns":4},{"damage":9,"enemies":"2 Louse","floor":2,"turns":3},{"damage":2,"enemies":"Cultist","floor":5,"turns":5},{"damage":11,"enemies":"Blue Slaver","floor":8,"turns":3},{"damage":2,"enemies":"3 Louse","floor":11,"turns":2},{"damage":4,"enemies":"Large Slime","floor":12,"turns":5},{"damage":4,"enemies":"2 Fungi Beasts","floor":14,"turns":2},{"damage":25,"enemies":"The Guardian","floor":16,"turns":14},{"damage":4,"enemies":"Chosen","floor":18,"turns":4},{"damage":2,"enemies":"Spheric Guardian","floor":24,"turns":3},{"damage":4,"enemies":"Book of Stabbing","floor":25,"turns":4},{"damage":6,"enemies":"Centurion and Healer","floor":28,"turns":5},{"damage":4,"enemies":"Cultist and Chosen","floor":29,"turns":4},{"damage":6,"enemies":"Snecko","floor":31,"turns":5},{"damage":20,"enemies":"Automaton","floor":33,"turns":9},{"damage":4,"enemies":"3 Shapes","floor":35,"turns":4},{"damage":16,"enemies":"3 Darklings","floor":36,"turns":8},{"damage":4,"enemies":"Mind Bloom Boss Battle","floor":39,"turns":5},{"damage":4,"enemies":"Reptomancer","floor":40,"turns":5},{"damage":27,"enemies":"Maw","floor":41,"turns":8},{"damage":32,"enemies":"Transient","floor":42,"turns":5},{"damage":4,"enemies":"Nemesis","floor":45,"turns":3},{"damage":88,"enemies":"Time Eater","floor":50,"turns":10}],"seed_played":"7825725832513993548","potions_obtained":[{"floor":1,"key":"Block Potion"},{"floor":5,"key":"SteroidPotion"},{"floor":12,"key":"Weak Potion"},{"floor":14,"key":"LiquidBronze"},{"floor":16,"key":"hermit:Tonic"},{"floor":24,"key":"Fire Potion"},{"floor":28,"key":"Explosive Potion"},{"floor":33,"key":"Weak Potion"},{"floor":39,"key":"AttackPotion"},{"floor":42,"key":"Regen Potion"}],"is_trial":false,"path_per_floor":["M","M","?","?","M","R","$","M","T","R","M","M","R","M","R","B",null,"M","?","?","?","?","R","M","E","T","R","M","M","$","M","R","B",null,"M","M","$","?","?","E","M","M","T","R","E","R","T","$","R","B"],"character_chosen":"HERMIT","items_purchased":["hermit:CursedWeapon","hermit:WideOpen","Medical Kit","hermit:DeadMansHand","Dark Shackles","hermit:Scavenge","hermit:EyeOfTheStorm","Dark Shackles","hermit:FinalCanter","Fruit Juice"],"campfire_rested":4,"item_purchase_floors":[7,7,30,30,30,30,37,37,48,48],"current_hp_per_floor":[54,45,45,45,44,66,66,56,56,56,55,52,52,49,73,49,81,78,78,78,78,82,82,81,85,85,85,80,77,77,72,72,53,95,92,77,77,67,64,61,35,4,4,34,31,61,61,66,66,0,0],"gold":9,"neow_bonus":"THREE_RARE_CARDS","is_daily":false,"chose_seed":false,"campfire_upgraded":5,"win_rate":0.0,"timestamp":1608629073,"path_taken":["M","M","?","?","M","R","$","M","T","R","M","?","R","M","R","BOSS","M","?","?","?","?","R","M","E","T","R","M","M","$","?","R","BOSS","M","?","?","?","?","E","M","M","T","R","E","R","?","?","R","BOSS"],"items_purchased_type":["Card","Card","Relic","Card","Card","Card","Card","Card","Card","Potion"],"build_version":"2020-12-13","purchased_purges":0,"victory":false,"max_hp_per_floor":[75,75,75,75,76,76,76,77,77,77,78,79,79,80,80,81,81,82,82,82,82,82,82,83,91,91,91,92,93,93,94,94,95,95,96,97,97,97,98,99,100,101,101,101,102,102,102,107,107,107,107],"card_choices":[{"not_picked":["hermit:Gambit","hermit:BlackWind"],"picked":"hermit:Adapt","floor":0},{"not_picked":["hermit:EyeOfTheStorm","hermit:HoleUp"],"picked":"hermit:CursedWeapon","floor":1},{"not_picked":["hermit:ItchyTrigger","hermit:LowProfile"],"picked":"hermit:FullyLoaded","floor":2},{"not_picked":["hermit:Virtue","hermit:LuckOfTheDraw"],"picked":"hermit:GhostlyPresence","floor":5},{"not_picked":["hermit:WideOpen","hermit:Misfire"],"picked":"hermit:BodyArmor","floor":8},{"not_picked":["hermit:Misfire","hermit:Dive","hermit:Feint"],"picked":"SKIP","floor":11},{"not_picked":["hermit:SprayPray","hermit:CursedWeapon"],"picked":"hermit:Shortfuse","floor":12},{"not_picked":["hermit:CalledShot","hermit:Vantage"],"picked":"hermit:Maintenance","floor":14},{"not_picked":["hermit:Dissolve","hermit:Gambit"],"picked":"hermit:FromBeyond","floor":16},{"not_picked":["hermit:WideOpen+1","hermit:Spite"],"picked":"hermit:BodyArmor","floor":18},{"not_picked":["hermit:Manifest","hermit:SprayPray"],"picked":"hermit:GhostlyPresence","floor":24},{"not_picked":["hermit:Quickdraw+1","hermit:OverwhelmingPower","hermit:Cheat"],"picked":"SKIP","floor":25},{"not_picked":["hermit:Roulette","hermit:TrackingShot+1","hermit:Maintenance"],"picked":"SKIP","floor":28},{"not_picked":["hermit:HoleUp","hermit:Horror"],"picked":"hermit:EyeOfTheStorm","floor":29},{"not_picked":["hermit:CalledShot","hermit:Dive+1","hermit:Headshot"],"picked":"SKIP","floor":31},{"not_picked":["hermit:OverwhelmingPower","hermit:FinalCanter"],"picked":"hermit:Adapt","floor":33},{"not_picked":["hermit:NoHoldsBarred+1","hermit:CalledShot","hermit:Desperado+1"],"picked":"SKIP","floor":35},{"not_picked":["hermit:Feint","hermit:Horror","hermit:Vantage"],"picked":"SKIP","floor":36},{"not_picked":["Blind","Finesse"],"picked":"Dramatic Entrance","floor":38},{"not_picked":["Secret Weapon","Chrysalis"],"picked":"Madness","floor":38},{"not_picked":["hermit:Misfire","hermit:Desperado+1","hermit:SprayPray"],"picked":"SKIP","floor":40},{"not_picked":["hermit:SprayPray","hermit:CalledShot+1","hermit:Snipe+1"],"picked":"SKIP","floor":41},{"not_picked":["hermit:LuckOfTheDraw+1","hermit:Deadeye+1","hermit:TrackingShot"],"picked":"SKIP","floor":42},{"not_picked":["hermit:Determination+1","hermit:HoleUp"],"picked":"hermit:Showdown","floor":45}],"player_experience":813075,"relics_obtained":[{"floor":9,"key":"Kunai"},{"floor":25,"key":"Strawberry"},{"floor":39,"key":"Shovel"},{"floor":40,"key":"The Courier"},{"floor":43,"key":"HornCleat"},{"floor":45,"key":"Oddly Smooth Stone"},{"floor":47,"key":"Ancient Tea Set"}],"event_choices":[{"damage_healed":0,"gold_gain":0,"player_choice":"Grow","damage_taken":0,"max_hp_gain":0,"max_hp_loss":0,"event_name":"Living Wall","floor":3,"gold_loss":0,"cards_upgraded":["hermit:CursedWeapon"]},{"damage_healed":0,"gold_gain":0,"player_choice":"Trade","damage_taken":0,"relics_obtained":["FaceOfCleric"],"max_hp_gain":0,"max_hp_loss":0,"event_name":"FaceTrader","floor":4,"gold_loss":0},{"damage_healed":0,"gold_gain":0,"player_choice":"Opened","damage_taken":0,"relics_obtained":["Vajra"],"max_hp_gain":0,"max_hp_loss":0,"event_name":"The Mausoleum","floor":19,"gold_loss":0},{"damage_healed":0,"gold_gain":0,"player_choice":"Ignored","damage_taken":0,"max_hp_gain":0,"max_hp_loss":0,"event_name":"Beggar","floor":20,"gold_loss":0},{"damage_healed":0,"gold_gain":0,"player_choice":"Simplicity","damage_taken":0,"max_hp_gain":0,"max_hp_loss":0,"event_name":"Back to Basics","floor":21,"gold_loss":0,"cards_upgraded":["hermit:Strike_Hermit","hermit:Strike_Hermit","hermit:Strike_Hermit","hermit:Strike_Hermit","hermit:Defend_Hermit","hermit:Defend_Hermit","hermit:Defend_Hermit","hermit:Defend_Hermit"]},{"cards_removed":["hermit:Maintenance"],"damage_healed":4,"gold_gain":0,"player_choice":"Offered Uncommon","damage_taken":0,"max_hp_gain":0,"max_hp_loss":0,"event_name":"Bonfire Elementals","floor":22,"gold_loss":0},{"damage_healed":0,"gold_gain":0,"player_choice":"Memory 3","damage_taken":10,"max_hp_gain":0,"max_hp_loss":0,"event_name":"SensoryStone","floor":38,"gold_loss":0},{"damage_healed":0,"gold_gain":0,"player_choice":"Fight","damage_taken":0,"max_hp_gain":0,"max_hp_loss":0,"event_name":"MindBloom","floor":39,"gold_loss":0}],"is_beta":false,"boss_relics":[{"not_picked":["Fusion Hammer","SacredBark"],"picked":"Runic Pyramid"},{"not_picked":["Busted Crown","Snecko Eye"],"picked":"hermit:ClaspedLocket"}],"items_purged_floors":[],"is_endless":false,"potions_floor_spawned":[1,5,12,14,16,24,28,33,36,39,42],"killed_by":"Time Eater","ascension_level":0}}