{"host":"j06fkfseroga8i8e","time":1608651742,"event":{"mods":["BaseMod","Bestiary","Colored Map","Colored Powertips","Minty Spire (QoL Compilation)","Relic Stats","Slay the Relics Exporter","StSLib"],"gold_per_floor":[118,131,131,146,146,172,172,172,172],"floor_reached":8,"playtime":177,"items_purged":[],"score":90,"play_id":"74146d21-cdbf-4489-8887-1c5f076d0f17","local_time":"20201222104222","is_ascension_mode":true,"campfire_choices":[{"data":"Neutralize","floor":7,"key":"SMITH"}],"circlet_count":0,"master_deck":["AscendersBane","Strike_G","Strike_G","Strike_G","Strike_G","Defend_G","Defend_G","Defend_G","Defend_G","Defend_G","Survivor","Neutralize+1","Finisher","Footwork+1","Dodge and Roll"],"relics":["WristBlade","Eternal Feather"],"acts_visited":["Exordium"],"potions_floor_usage":[6],"damage_taken":[{"damage":18,"enemies":"Jaw Worm","floor":1,"turns":6},{"damage":0,"enemies":"Cultist","floor":2,"turns":4},{"damage":0,"enemies":"Small Slimes","floor":4,"turns":5},{"damage":31,"enemies":"Lagavulin","floor":6,"turns":10},{"damage":0,"enemies":"3 Sentries","floor":8,"turns":1}],"seed_played":"3243690632812555373","potions_obtained":[{"floor":1,"key":"SteroidPotion"}],"is_trial":false,"path_per_floor":["M","M","?","M","?","E","R","E"],"character_chosen":"THE_SILENT","items_purchased":[],"campfire_rested":0,"item_purchase_floors":[],"current_hp_per_floor":[45,45,45,45,45,14,23,23,23],"gold":172,"neow_bonus":"BOSS_RELIC","is_daily":false,"chose_seed":false,"campfire_upgraded":1,"win_rate":0.0,"timestamp":1608651742,"path_taken":["M","M","?","?","?","E","R","E"],"items_purchased_type":[],"build_version":"2020-12-13","purchased_purges":0,"victory":false,"max_hp_per_floor":[70,70,70,70,70,70,70,70,70],"relic_stats":{"counters":[5,26],"Eternal Feather":9,"obtain_stats":[{"WristBlade":0,"Eternal Feather":6,"Ring of the Snake":0},{"WristBlade":0,"Eternal Feather":4,"Ring of the Snake":0},{"WristBlade":0,"Eternal Feather":25,"Ring of the Snake":0}]},"card_choices":[{"not_picked":["Poisoned Stab","Sucker Punch"],"picked":"Finisher","floor":1},{"not_picked":["Finisher","Poisoned Stab"],"picked":"Footwork","floor":2},{"not_picked":["Acrobatics","Tactician","Dodge and Roll"],"picked":"SKIP","floor":4},{"not_picked":["Poisoned Stab","Flechettes"],"picked":"Dodge and Roll","floor":6}],"player_experience":543434,"relics_obtained":[{"floor":6,"key":"Eternal Feather"}],"event_choices":[{"damage_healed":0,"gold_gain":0,"player_choice":"Upgraded","damage_taken":0,"max_hp_gain":0,"max_hp_loss":0,"event_name":"Upgrade Shrine","floor":3,"gold_loss":0,"cards_upgraded":["Footwork"]},{"cards_removed":["Strike_G"],"damage_healed":0,"gold_gain":0,"player_choice":"Purged","damage_taken":0,"max_hp_gain":0,"max_hp_loss":0,"event_name":"Purifier","floor":5,"gold_loss":0}],"is_beta":false,"boss_relics":[],"items_purged_floors":[],"is_endless":false,"potions_floor_spawned":[1],"killed_by":"3 Sentries","ascension_level":12}}