{"host":"81h68oe4mr04pk3r","time":1608625637,"event":{"mods":["Act Like it!","Aspiration","BaseMod","BetterRewards","Colored Map","Colored Powertips","Conspire","Downfall","Hermit","Hubris","Infinite Spire","Jorbs\u0027s Wanderer Trilogy","Koishi","Lobotomy","LobotomyExtend","Marisa????????","Minty Spire (QoL Compilation)","Quick Restart","Reimu??????","Remilia??????","Replay The Spire","StSLib","The Bug Knight","The Construct","The Cursed","The Disciple","The Servant 0.9.4"],"gold_per_floor":[110,121,54,73,73,73,22,22,48,62,73,73,73,92,92,82,82],"floor_reached":16,"playtime":641,"items_purged":[],"score":92,"play_id":"4d03cc03-ac18-425a-a9c4-feaad45799a4","local_time":"20201222002717","is_ascension_mode":false,"campfire_choices":[{"floor":6,"key":"REST"},{"data":"Koishi:DanmakuParanoia","floor":8,"key":"SMITH"},{"data":"Koishi:UnseenTerror","floor":15,"key":"SMITH"}],"circlet_count":0,"master_deck":["Koishi:BasicStrike","Koishi:BasicStrike","Koishi:BasicStrike","Koishi:BasicStrike","Koishi:BasicDefend","Koishi:BasicDefend","Koishi:BasicDefend","Koishi:BasicDefend","Koishi:Provoke","Koishi:HauntingSlash","Koishi:DanmakuParanoia+1","Koishi:ParalyzingFear","Koishi:UnseenTerror+1","Koishi:StingingMind","Koishi:DreadfulBlow","Koishi:RollingInRichesHeart","Koishi:StingingMind"],"relics":["Koishi:ImaginaryFriend","aspiration:Nostalgia","Uniform","LetterFromLob","aspiration:TomeofQuesting"],"acts_visited":["Exordium"],"potions_floor_usage":[16,16],"damage_taken":[{"damage":7,"enemies":"Small Slimes","floor":1,"turns":4},{"damage":9,"enemies":"Cultist","floor":2,"turns":6},{"damage":7,"enemies":"2 Louse","floor":4,"turns":3},{"damage":0,"enemies":"Large Slime","floor":10,"turns":5},{"damage":8,"enemies":"3 Louse","floor":11,"turns":4},{"damage":2,"enemies":"Blue Slaver","floor":14,"turns":5},{"damage":53,"enemies":"Hexaghost","floor":16,"turns":14}],"seed_played":"6884757953553191555","potions_obtained":[{"floor":2,"key":"Weak Potion"},{"floor":4,"key":"Strength Potion"},{"floor":10,"key":"LifebloodPotion"}],"is_trial":false,"path_per_floor":["M","M","$","M","?","R","$","R","T","M","M","?","?","M","R","B"],"character_chosen":"KOISHI","items_purchased":["Koishi:UnseenTerror","Koishi:DreadfulBlow"],"campfire_rested":1,"item_purchase_floors":[3,7],"current_hp_per_floor":[53,46,46,39,39,57,57,57,57,57,51,51,51,52,52,0,0],"gold":82,"neow_bonus":"NOSTALGIA","is_daily":false,"chose_seed":false,"campfire_upgraded":2,"win_rate":0.0,"timestamp":1608625637,"path_taken":["M","M","$","M","?","R","?","R","T","M","M","?","?","M","R","BOSS"],"items_purchased_type":["Card","Card"],"build_version":"2020-12-13","purchased_purges":0,"victory":false,"max_hp_per_floor":[60,60,60,60,60,60,60,60,60,60,60,60,60,60,60,60,60],"card_choices":[{"not_picked":["Koishi:EmbryosDream","Koishi:SprinkleStarAndHeart"],"picked":"Koishi:DanmakuParanoia","floor":1},{"not_picked":["Koishi:Untouchable","Koishi:BloodcurdlingScream"],"picked":"Koishi:ParalyzingFear","floor":2},{"not_picked":["Koishi:Whimsy","Koishi:EmbryosDream"],"picked":"Koishi:StingingMind","floor":4},{"not_picked":["Koishi:UnconsciousUprising","Koishi:FidgetySnatcher","Koishi:Prune"],"picked":"SKIP","floor":10},{"not_picked":["Koishi:ReleaseOfTheId","Koishi:PhantomBarrier"],"picked":"Koishi:RollingInRichesHeart","floor":11},{"not_picked":["Koishi:EmbryosDream","Koishi:HeartAttack"],"picked":"Koishi:StingingMind","floor":14}],"player_experience":159375,"relics_obtained":[{"floor":1,"key":"LetterFromLob"},{"floor":9,"key":"aspiration:TomeofQuesting"}],"event_choices":[{"damage_healed":0,"gold_gain":0,"player_choice":"Ignored","damage_taken":0,"max_hp_gain":0,"max_hp_loss":0,"event_name":"NoteForYourself","floor":5,"gold_loss":0},{"damage_healed":0,"gold_gain":0,"player_choice":"Disagree","damage_taken":0,"max_hp_gain":0,"max_hp_loss":0,"event_name":"conspire:LoneGhost","floor":13,"gold_loss":0}],"is_beta":false,"boss_relics":[],"items_purged_floors":[],"is_endless":false,"potions_floor_spawned":[2,4,10],"killed_by":"Hexaghost","ascension_level":0}}