{"host":"jrulf9qy88x3vk31","time":1608661848,"event":{"mods":["BaseMod","Block Reminder","Colored Map","Colored Powertips","DeckTracker","GifTheSpireLib","Minty Spire (QoL Compilation)","Permanent Neow","Quick Restart","Rare Cards Sparkle","StSLib"],"gold_per_floor":[115,115,40,40,40,59,73,88,88,104,104,114,114,114,114,189,189,205,11,26,50,78,78,178,178,178,190,205,205,234,246,246,246,246],"floor_reached":33,"playtime":2260,"items_purged":["Regret"],"score":437,"play_id":"9655c253-1aa8-4d5c-b5d1-bcfc381507e9","local_time":"20201223023048","is_ascension_mode":true,"campfire_choices":[{"floor":11.0,"key":"DIG"},{"floor":13.0,"key":"DIG"},{"floor":15.0,"key":"DIG"},{"floor":23,"key":"REST"},{"floor":25,"key":"DIG"},{"floor":32,"key":"REST"}],"circlet_count":0,"master_deck":["AscendersBane","Strike_G","Strike_G","Strike_G","Strike_G","Defend_G","Defend_G","Defend_G","Defend_G","Defend_G","Survivor","Neutralize","Blind","Poisoned Stab","Decay","All Out Attack","Poisoned Stab","Deadly Poison","Dash","After Image","Footwork","Dagger Throw","Deadly Poison+1","Catalyst","Acrobatics","Dodge and Roll","Expertise"],"relics":["Ring of the Snake","CaptainsWheel","Shovel","Ninja Scroll","Mercury Hourglass","Bottled Flame","Fusion Hammer","Snake Skull","Nunchaku","Red Mask","Potion Belt","MutagenicStrength","Dream Catcher"],"acts_visited":["Exordium","TheCity"],"potions_floor_usage":[16,16,28,33,33],"damage_taken":[{"damage":1.0,"enemies":"Jaw Worm","floor":1.0,"turns":6.0},{"damage":4.0,"enemies":"Cultist","floor":6.0,"turns":5.0},{"damage":0.0,"enemies":"Small Slimes","floor":7.0,"turns":3.0},{"damage":13.0,"enemies":"Gremlin Gang","floor":8.0,"turns":6.0},{"damage":6.0,"enemies":"Red Slaver","floor":10.0,"turns":4.0},{"damage":5.0,"enemies":"Large Slime","floor":12.0,"turns":5.0},{"damage":15,"enemies":"The Guardian","floor":16,"turns":8},{"damage":3,"enemies":"2 Thieves","floor":18,"turns":4},{"damage":10,"enemies":"Shell Parasite","floor":20,"turns":4},{"damage":23,"enemies":"Masked Bandits","floor":22,"turns":5},{"damage":3,"enemies":"Centurion and Healer","floor":27,"turns":6},{"damage":20,"enemies":"Chosen and Byrds","floor":28,"turns":6},{"damage":6,"enemies":"Slavers","floor":30,"turns":5},{"damage":2,"enemies":"Sentry and Sphere","floor":31,"turns":5},{"damage":43,"enemies":"Automaton","floor":33,"turns":6}],"seed_played":"8307573847089125937","potions_obtained":[{"floor":1.0,"key":"DuplicationPotion"},{"floor":8.0,"key":"PowerPotion"},{"floor":12.0,"key":"PowerPotion"},{"floor":22,"key":"DuplicationPotion"},{"floor":27,"key":"PowerPotion"},{"floor":28,"key":"EssenceOfSteel"}],"is_trial":false,"path_per_floor":["M","?","$","?","$","M","M","M","T","M","R","M","R","?","R","B",null,"M","$","M","T","?","R","?","R","T","M","M","?","E","M","R","B"],"character_chosen":"THE_SILENT","items_purchased":["Snake Skull","Dagger Throw"],"campfire_rested":2,"item_purchase_floors":[19,19],"current_hp_per_floor":[58,58,58,58,58,54,54,41,41,35,35,30,30,30,30,15,53,50,50,40,40,17,36,36,36,36,33,13,13,7,5,24,0,0],"gold":246,"neow_bonus":"RANDOM_COLORLESS","is_daily":false,"chose_seed":false,"campfire_upgraded":0,"win_rate":0.0,"timestamp":1608661848,"path_taken":["M","?","$","?","$","M","M","?","T","M","R","M","R","?","R","BOSS","M","$","?","?","?","R","?","R","T","?","M","?","E","M","R","BOSS"],"items_purchased_type":["Relic","Card"],"build_version":"2020-12-13","purchased_purges":1,"victory":false,"max_hp_per_floor":[66,66,66,66,66,66,66,66,66,66,66,66,66,66,66,66,66,66,66,66,66,66,66,66,66,66,66,66,66,66,66,66,66,66],"card_choices":[{"not_picked":["Trip","Dramatic Entrance"],"picked":"Blind","floor":0.0},{"not_picked":["Deflect","Bane"],"picked":"Poisoned Stab","floor":1.0},{"not_picked":["Acrobatics","Blade Dance"],"picked":"All Out Attack","floor":6.0},{"not_picked":["Leg Sweep","Slice"],"picked":"Poisoned Stab","floor":7.0},{"not_picked":["Underhanded Strike","PiercingWail"],"picked":"Deadly Poison","floor":8.0},{"not_picked":["Dagger Spray","Finisher","Predator"],"picked":"SKIP","floor":10.0},{"not_picked":["Distraction","Underhanded Strike","Sucker Punch"],"picked":"SKIP","floor":12.0},{"not_picked":["Malaise","Bullet Time"],"picked":"After Image","floor":16},{"not_picked":["Cloak And Dagger","Finisher"],"picked":"Footwork","floor":18},{"not_picked":["Dagger Spray","Slice"],"picked":"Deadly Poison+1","floor":20},{"not_picked":["Choke","Slice+1"],"picked":"Catalyst","floor":22},{"not_picked":["Slice+1","Quick Slash"],"picked":"Acrobatics","floor":27},{"not_picked":["Prepared","Wraith Form v2"],"picked":"Dodge and Roll","floor":28},{"not_picked":["Riddle With Holes","PiercingWail"],"picked":"Expertise","floor":30},{"not_picked":["Dash","Slice","Dagger Spray"],"picked":"SKIP","floor":31}],"player_experience":741677,"relics_obtained":[{"floor":9.0,"key":"Shovel"},{"floor":11.0,"key":"Ninja Scroll"},{"floor":13.0,"key":"Mercury Hourglass"},{"floor":15.0,"key":"Bottled Flame"},{"floor":21,"key":"Nunchaku"},{"floor":22,"key":"Red Mask"},{"floor":25,"key":"Potion Belt"},{"floor":30,"key":"Dream Catcher"}],"event_choices":[{"damage_healed":0.0,"max_hp_gain":0.0,"max_hp_loss":0.0,"gold_gain":0.0,"event_name":"Big Fish","player_choice":"Box","floor":2.0,"gold_loss":0.0,"damage_taken":0.0,"relics_obtained":["CaptainsWheel"],"cards_obtained":["Regret"]},{"damage_healed":0.0,"max_hp_gain":0.0,"max_hp_loss":0.0,"gold_gain":0.0,"event_name":"Wheel of Change","player_choice":"Cursed","floor":4.0,"gold_loss":0.0,"damage_taken":0.0,"cards_obtained":["Decay"]},{"damage_healed":0.0,"max_hp_gain":0.0,"max_hp_loss":0.0,"gold_gain":0.0,"cards_transformed":["Strike_G"],"event_name":"Transmorgrifier","player_choice":"Transformed","floor":14.0,"gold_loss":0.0,"damage_taken":0.0,"cards_obtained":["Dash"]},{"damage_healed":0,"gold_gain":0,"player_choice":"Fought Bandits","damage_taken":0,"max_hp_gain":0,"max_hp_loss":0,"event_name":"Masked Bandits","floor":22,"gold_loss":0},{"damage_healed":0,"gold_gain":100,"player_choice":"Pray","damage_taken":0,"max_hp_gain":0,"max_hp_loss":0,"event_name":"Golden Shrine","floor":24,"gold_loss":0},{"damage_healed":0,"gold_gain":0,"player_choice":"Inject Mutagens","damage_taken":0,"relics_obtained":["MutagenicStrength"],"max_hp_gain":0,"max_hp_loss":0,"event_name":"Drug Dealer","floor":29,"gold_loss":0}],"is_beta":false,"boss_relics":[{"not_picked":["Tiny House","Ectoplasm"],"picked":"Fusion Hammer"}],"items_purged_floors":[3],"is_endless":false,"potions_floor_spawned":[1,8,10,12,22,27,28],"killed_by":"Automaton","ascension_level":14}}