{"host":"k5ezbu40hxyit46v","time":1608657748,"event":{"mods":["Act Like it!","Aspiration","Astrologer","BaseMod","BetterRewards","Conspire","DeckTracker","Energized Spire","Googly Eyes","Halation","HexUI Lib","Highlight Path","Hubris","Infinite Spire","Jedi Mod","Mad Scientist","Marisa????????","Minty Spire (QoL Compilation)","Quarter Circle Forward PUNCH!","Quick Restart","Replay The Spire","Reworked Bosses","Shop Mod","Spikes Relics","StSLib","The Administrix","The Awakened One except there are too many feathers","The Bladedancer","The Cursed","The IronCluck","The Servant 0.9.4","The Wild Card","everything is the same but u backflip on backflip","slay the spire mod where everything is the same but ironclad has a cowboy hat","vexMod"],"gold_per_floor":[117,132,132,45,45,75,75,92,115,115,40,40,71,82,82,155,155,155],"floor_reached":17,"playtime":389,"items_purged":["Strike_R"],"score":376,"play_id":"245dfd76-a227-4eba-b810-5c4fec2a8eac","local_time":"20201222122228","is_ascension_mode":true,"campfire_choices":[{"data":"theWildCard:Polydeuces","floor":7,"key":"SMITH"},{"data":"Whirlwind","floor":10,"key":"SMITH"},{"data":"Bash","floor":12,"key":"SMITH"},{"data":"Defend_R","floor":15,"key":"SMITH"}],"circlet_count":0,"master_deck":["AscendersBane","Strike_R","Strike_R","Strike_R","Strike_R","Defend_R","Defend_R","Defend_R","Defend_R+1","Bash+1","theWildCard:Polydeuces+1","Whirlwind+1","Immolate"],"relics":["Burning Blood","NeowsBlessing","aspiration:BabyByrd","Shuriken","RollingBoulder","Calipers","halation:Prosthetics"],"acts_visited":["Exordium","TheCity"],"potions_floor_usage":[16,16],"damage_taken":[{"damage":0,"enemies":"Cultist","floor":1,"turns":1},{"damage":0,"enemies":"2 Louse","floor":2,"turns":1},{"damage":0,"enemies":"Gremlin Nob","floor":6,"turns":1},{"damage":5,"enemies":"Jaw Worm","floor":8,"turns":4},{"damage":14,"enemies":"3 Sentries","floor":13,"turns":5},{"damage":2,"enemies":"Blue Slaver","floor":14,"turns":5},{"damage":69,"enemies":"Hexaghost","floor":16,"turns":14}],"seed_played":"2452829159250563427","potions_obtained":[{"floor":8,"key":"Ancient Potion"},{"floor":13,"key":"SpeedPotion"},{"floor":16,"key":"GamblersBrew"}],"is_trial":false,"path_per_floor":["M","M","?","$","?","E","R","M","T","R","$","R","E","M","R","B",null],"character_chosen":"IRONCLAD","items_purchased":["Whirlwind"],"campfire_rested":0,"item_purchase_floors":[4],"current_hp_per_floor":[74,75,75,75,75,75,75,75,75,75,75,75,67,71,71,8,32,32],"gold":155,"neow_bonus":"THREE_ENEMY_KILL","is_daily":false,"chose_seed":false,"campfire_upgraded":4,"win_rate":0.0,"timestamp":1608657748,"path_taken":["M","?","?","$","?","E","R","M","T","R","$","R","E","?","R","BOSS"],"items_purchased_type":["Card"],"build_version":"2020-12-13","purchased_purges":1,"victory":false,"max_hp_per_floor":[75,75,75,75,75,75,75,75,75,75,75,75,75,75,75,75,40,40],"card_choices":[{"not_picked":["Clothesline","Rage","Bloodletting"],"picked":"SKIP","floor":1},{"not_picked":["Perfected Strike","Warcry","jedi:collectorstrike"],"picked":"SKIP","floor":2},{"not_picked":["Hemokinesis","jedi:fear","Second Wind"],"picked":"SKIP","floor":6},{"not_picked":["Hemokinesis","jedi:fear","Second Wind"],"picked":"SKIP","floor":6},{"not_picked":["Pommel Strike","Clothesline","Pummel"],"picked":"SKIP","floor":8},{"not_picked":["Shrug It Off","Hemogenesis","Anger"],"picked":"SKIP","floor":13},{"not_picked":["Warcry","Pummel","hubris:ReadiedAction"],"picked":"SKIP","floor":14},{"not_picked":["jedi:unlimitedpower","Replay:Many Hands"],"picked":"Immolate","floor":16}],"player_experience":1200624,"relics_obtained":[{"floor":6,"key":"Shuriken"},{"floor":9,"key":"RollingBoulder"},{"floor":13,"key":"Calipers"}],"event_choices":[],"is_beta":false,"boss_relics":[{"not_picked":["aspiration:FutureDiary","Sandwich"],"picked":"halation:Prosthetics"}],"items_purged_floors":[11],"is_endless":false,"potions_floor_spawned":[8,13,16],"ascension_level":20}}