{"host":"ljnkpwbnfujn5lym","time":1608595935,"event":{"mods":["Bard","BaseMod","Better Note","Colored Map","Colored Powertips","Exacting","Googly Eyes","Highlight Path","Infinite Spire","Minty Spire (QoL Compilation)","Permanent Neow","Quick Restart","Relic Sorter","Relic Stats","Replay The Spire","StSLib","The IronCluck","slay the spire mod where everything is the same but ironclad has a cowboy hat"],"gold_per_floor":[110,260,260,298,298,298,311,337,337,357,357,384,384,419,469,480,480,555,555,565,74,74,91,125,125,152,152,176,176,202,215,215,241,241,318,368,381,341,341,353,353,353,384,384,384,56,56,91,27,44,44,44],"floor_reached":53,"playtime":1766,"items_purged":["Doubt","Defend_G","Bite"],"score":2034,"play_id":"68703015-9efe-41f4-9109-a53bbe355a11","local_time":"20201221181215","is_ascension_mode":true,"campfire_choices":[{"data":"Predator","floor":9.0,"key":"SMITH"},{"data":"Leg Sweep","floor":13.0,"key":"SMITH"},{"floor":17.0,"key":"REST"},{"data":"1","floor":27.0,"key":"LIFT"},{"data":"2","floor":32.0,"key":"LIFT"},{"data":"3","floor":34.0,"key":"LIFT"},{"data":"Footwork","floor":42,"key":"SMITH"},{"data":"Malaise","floor":44,"key":"SMITH"},{"data":"Noxious Fumes","floor":47,"key":"SMITH"},{"floor":51,"key":"REST"}],"circlet_count":0,"master_deck":["AscendersBane","Defend_G","Defend_G","Defend_G","Defend_G","Survivor","Neutralize","Bane","Predator+1","Corpse Explosion","Leg Sweep+1","Malaise+1","PiercingWail+1","Glass Knife","Backflip","Noxious Fumes+1","Bite","Bite","Bite","Bite","infinitespire:Starlight","Poisoned Stab","infinitespire:Punishment","Footwork+1","Deadly Poison+1","Finesse","Deflect+1"],"relics":["NeowsBlessing","Sizzling Blood","infinitespire:Broken Mirror","Sundial","Anchor","Boot","Onion Ring","Velvet Choker","Girya","Garlic","ReplayFunnel","Snack Pack","SlaversCollar","Happy Flower","Pocketwatch","Tiny House","Smiling Mask","Ginger","ReplayTheSpireMod:Ninjato","Centennial Puzzle"],"acts_visited":["Exordium","TheCity","TheBeyond"],"potions_floor_usage":[52],"damage_taken":[{"damage":0.0,"enemies":"Small Slimes","floor":1.0,"turns":1.0},{"damage":0.0,"enemies":"2 Louse","floor":7.0,"turns":1.0},{"damage":0.0,"enemies":"Lagavulin","floor":8.0,"turns":1.0},{"damage":6.0,"enemies":"Cultist","floor":10.0,"turns":5.0},{"damage":3.0,"enemies":"3 Sentries","floor":12.0,"turns":4.0},{"damage":22.0,"enemies":"Lagavulin","floor":14.0,"turns":5.0},{"damage":0.0,"enemies":"Blue Slaver","floor":16.0,"turns":4.0},{"damage":35.0,"enemies":"Slime Boss","floor":18.0,"turns":12.0},{"damage":7.0,"enemies":"Chosen","floor":20.0,"turns":5.0},{"damage":4.0,"enemies":"3 Byrds","floor":23.0,"turns":3.0},{"damage":2.0,"enemies":"Centurion and Healer","floor":24.0,"turns":5.0},{"damage":43.0,"enemies":"Book of Stabbing","floor":26.0,"turns":8.0},{"damage":0.0,"enemies":"Gremlin Leader","floor":30.0,"turns":7.0},{"damage":2.0,"enemies":"Shelled Parasite and Fungi","floor":31.0,"turns":2.0},{"damage":0.0,"enemies":"Book of Stabbing","floor":33.0,"turns":4.0},{"damage":18.0,"enemies":"Pondfish","floor":35.0,"turns":8.0},{"damage":6.0,"enemies":"3 Shapes","floor":37.0,"turns":4.0},{"damage":0,"enemies":"3 Darklings","floor":40,"turns":3},{"damage":23,"enemies":"Nemesis","floor":43,"turns":5},{"damage":30,"enemies":"Writhing Mass","floor":48,"turns":9},{"damage":34,"enemies":"Transient","floor":50,"turns":6},{"damage":0,"enemies":"Time Eater","floor":52,"turns":11}],"seed_played":"5099239927176160661","potions_obtained":[{"floor":1.0,"key":"Block Potion"},{"floor":4.0,"key":"FairyPotion"},{"floor":16.0,"key":"CultistPotion"},{"floor":24.0,"key":"Venom Potion"},{"floor":26.0,"key":"CunningPotion"},{"floor":31.0,"key":"Swift Potion"},{"floor":33.0,"key":"Languid Potion"},{"floor":38.0,"key":"Doom Potion"}],"is_trial":false,"path_per_floor":["M","?","?","?","PTL","PTL","M","E","R","M","T","E","R","E","?","M","R","B",null,"M","$","?","M","M","?","E","R","T","AVR","E","M","R","E","R","B",null,"M","?","$","M","?","R","E","R","T","$","R","M","?","M","R","B",null],"character_chosen":"THE_SILENT","items_purchased":["Noxious Fumes","Girya","ReplayTheSpireMod:Ninjato"],"campfire_rested":2,"item_purchase_floors":[21,21,46],"current_hp_per_floor":[59,59,63,40,40,40,44,48,48,46,46,47,47,29,22,26,47,16,57,54,54,49,49,49,37,20,20,20,20,49,49,49,49,49,49,54,54,54,54,54,44,44,43,43,43,43,43,41,41,24,40,54],"gold":44,"neow_bonus":"THREE_ENEMY_KILL","is_daily":false,"chose_seed":false,"campfire_upgraded":5,"win_rate":0.0,"timestamp":1608595935,"path_taken":["M","?","?","?","PTL","PTL","M","E","R","M","T","E","R","E","?","M","R","BOSS","M","$","?","M","M","?","E","R","T","AVR","E","M","R","E","R","BOSS","M","?","$","?","?","R","E","R","T","$","R","M","?","M","R","BOSS"],"items_purchased_type":["Card","Relic","Relic"],"build_version":"2020-12-13","purchased_purges":3,"victory":true,"max_hp_per_floor":[66,66,70,70,70,70,70,70,70,70,70,70,70,70,70,70,70,70,70,70,70,49,49,49,49,49,49,49,49,49,49,49,49,49,49,54,54,54,54,54,54,54,54,54,54,54,54,54,54,54,54,54],"relic_stats":{"Centennial Puzzle":[3],"Happy Flower":[17],"counters":[22,112],"Sundial":[12],"Ginger":[9],"Boot":[29],"Smiling Mask":50,"obtain_stats":[{"ReplayFunnel":28,"Girya":21,"Tiny House":36,"ReplayTheSpireMod:Ninjato":46,"NeowsBlessing":0,"Happy Flower":30,"Velvet Choker":19,"Sizzling Blood":3,"Ginger":45,"Boot":12,"Smiling Mask":43,"SlaversCollar":29,"Anchor":11,"Centennial Puzzle":49,"infinitespire:Broken Mirror":4,"Sundial":8,"Onion Ring":14,"Garlic":26,"Snack Pack":29,"Ring of the Snake":0,"Pocketwatch":33},{"ReplayFunnel":12,"Girya":9,"Tiny House":16,"ReplayTheSpireMod:Ninjato":19,"NeowsBlessing":0,"Happy Flower":13,"Velvet Choker":8,"Sizzling Blood":1,"Ginger":19,"Boot":5,"Smiling Mask":19,"SlaversCollar":12,"Anchor":4,"Centennial Puzzle":20,"infinitespire:Broken Mirror":1,"Sundial":3,"Onion Ring":6,"Garlic":12,"Snack Pack":12,"Ring of the Snake":0,"Pocketwatch":15},{"ReplayFunnel":54,"Girya":38,"Tiny House":75,"ReplayTheSpireMod:Ninjato":87,"NeowsBlessing":0,"Happy Flower":61,"Velvet Choker":33,"Sizzling Blood":1,"Ginger":87,"Boot":12,"Smiling Mask":87,"SlaversCollar":54,"Anchor":8,"Centennial Puzzle":96,"infinitespire:Broken Mirror":1,"Sundial":3,"Onion Ring":17,"Garlic":54,"Snack Pack":54,"Ring of the Snake":0,"Pocketwatch":67}],"Pocketwatch":[51]},"card_choices":[{"not_picked":["Hidden Blade","Fluid Movement","Prepared"],"picked":"SKIP","floor":1.0},{"not_picked":["ReplayTheSpireMod:Shiv Toss","Hidden Blade"],"picked":"Bane","floor":4.0},{"not_picked":["Backflip","Prepared"],"picked":"Predator","floor":7.0},{"not_picked":["Concentrate","Setup","Calculated Gamble"],"picked":"SKIP","floor":8.0},{"not_picked":["Tactician","Underhanded Strike"],"picked":"Corpse Explosion","floor":10.0},{"not_picked":["Predator","Quick Slash"],"picked":"Leg Sweep","floor":12.0},{"not_picked":["Prepared","Venomology"],"picked":"Malaise","floor":14.0},{"not_picked":["Heel Hook","Slice"],"picked":"PiercingWail","floor":16.0},{"not_picked":["Doppelganger","Envenom"],"picked":"Glass Knife","floor":18.0},{"not_picked":["PiercingWail","Expertise"],"picked":"Backflip","floor":20.0},{"not_picked":["Finisher","Underhanded Strike","Sucker Punch+1"],"picked":"SKIP","floor":23.0},{"not_picked":["Sucker Punch","Reflex+1","Cloak And Dagger"],"picked":"SKIP","floor":24.0},{"not_picked":["infinitespire:NeuralNetwork","infinitespire:SealOfDarkness+"],"picked":"infinitespire:Starlight","floor":25.0},{"not_picked":["Backstab","ReplayTheSpireMod:The Works"],"picked":"Poisoned Stab","floor":26.0},{"not_picked":["Draining Mist","Quick Slash","Slice"],"picked":"SKIP","floor":30.0},{"not_picked":["Backflip","Masterful Stab","Poisoned Stab"],"picked":"SKIP","floor":31.0},{"not_picked":["Dodge and Roll","Riddle With Holes"],"picked":"Footwork","floor":33.0},{"not_picked":["Slice+1","PiercingWail"],"picked":"Deadly Poison+1","floor":37.0},{"not_picked":["Blade Dance","Setup","ReplayTheSpireMod:Shiv Toss"],"picked":"SKIP","floor":40},{"not_picked":["ReplayTheSpireMod:Trickstab","Discovery"],"picked":"Finesse","floor":41},{"not_picked":["Dagger Spray","Underhanded Strike"],"picked":"Deflect+1","floor":43},{"not_picked":["Underhanded Strike","Prepared+1","Quick Slash+1"],"picked":"SKIP","floor":48},{"not_picked":["Flying Knee","Dodge and Roll","Skewer+1"],"picked":"SKIP","floor":50}],"player_experience":623955,"relics_obtained":[{"floor":4.0,"key":"infinitespire:Broken Mirror"},{"floor":8.0,"key":"Sundial"},{"floor":11.0,"key":"Anchor"},{"floor":12.0,"key":"Boot"},{"floor":14.0,"key":"Onion Ring"},{"floor":26.0,"key":"Garlic"},{"floor":28.0,"key":"ReplayFunnel"},{"floor":30.0,"key":"Happy Flower"},{"floor":33.0,"key":"Pocketwatch"},{"floor":43,"key":"Smiling Mask"},{"floor":45,"key":"Ginger"}],"event_choices":[{"damage_healed":0.0,"max_hp_gain":0.0,"max_hp_loss":0.0,"gold_gain":150.0,"event_name":"Liars Game","player_choice":"AGREE","floor":2.0,"gold_loss":0.0,"damage_taken":0.0,"cards_obtained":["Doubt"]},{"damage_healed":0.0,"max_hp_gain":0.0,"max_hp_loss":0.0,"gold_gain":50.0,"event_name":"FaceTrader","player_choice":"Touch","floor":15.0,"gold_loss":0.0,"damage_taken":7.0},{"damage_healed":0.0,"max_hp_gain":0.0,"max_hp_loss":21.0,"gold_gain":0.0,"event_name":"Vampires","player_choice":"Became a vampire","floor":22.0,"gold_loss":0.0,"damage_taken":0.0,"cards_obtained":["Bite","Bite","Bite","Bite","Bite"]},{"damage_healed":0.0,"max_hp_gain":0.0,"max_hp_loss":0.0,"gold_gain":0.0,"event_name":"The Woman in Blue","player_choice":"Bought 3 Potions","floor":38.0,"gold_loss":0.0,"damage_taken":0.0},{"damage_healed":0,"gold_gain":0,"player_choice":"Memory 3","damage_taken":10,"max_hp_gain":0,"max_hp_loss":0,"event_name":"SensoryStone","floor":41,"gold_loss":0},{"damage_healed":0,"gold_gain":0,"player_choice":"Paid Gold","damage_taken":0,"relics_obtained":["Centennial Puzzle"],"max_hp_gain":0,"max_hp_loss":0,"event_name":"WeMeetAgain","floor":49,"gold_loss":64}],"is_beta":false,"boss_relics":[{"not_picked":["Pandora\u0027s Box","Black Star"],"picked":"Velvet Choker"},{"not_picked":["Cursed Key","infinitespire:Cupcake"],"picked":"Tiny House"}],"items_purged_floors":[21,29,46],"is_endless":false,"potions_floor_spawned":[1,10,16,24,26,31,33,37,48],"ascension_level":17}}