{"host":"l2821e3dgmq4sghh","time":1608680978,"event":{"mods":["BaseMod","Colored Powertips","Minty Spire (QoL Compilation)","StSLib"],"gold_per_floor":[217,92,92,112,128,155,155,189,215,215,249,249,249,274,274,372,372,390,390,390,390,83,83,111,126,126,26,26,26,26,126,126,231,231,243,254,10,25,25,25,45,45,45,45],"floor_reached":43,"playtime":4704,"items_purged":["Strike_B","Regret"],"score":516,"play_id":"119dab69-a841-4cdc-a10e-0022d4091232","local_time":"20201223004938","is_ascension_mode":true,"campfire_choices":[{"data":"Go for the Eyes","floor":7.0,"key":"SMITH"},{"data":"Beam Cell","floor":10.0,"key":"SMITH"},{"data":"Streamline","floor":12.0,"key":"SMITH"},{"data":"Sweeping Beam","floor":15.0,"key":"SMITH"},{"data":"Ghostly","floor":23.0,"key":"SMITH"},{"data":"Ghostly","floor":28.0,"key":"SMITH"},{"data":"Ghostly","floor":30.0,"key":"SMITH"},{"floor":32.0,"key":"REST"},{"data":"Ghostly","floor":40.0,"key":"SMITH"},{"data":"Ghostly","floor":42.0,"key":"SMITH"}],"circlet_count":0,"master_deck":["Strike_B","Defend_B","Defend_B","Defend_B","Defend_B","Zap","Dualcast","Ball Lightning+1","Beam Cell+1","Go for the Eyes+1","Leap","Leap","Streamline+1","Sweeping Beam+1","Ball Lightning","Ghostly+1","Ghostly+1","Ghostly+1","Ghostly+1","Ghostly+1","Compile Driver","Redo+1","Streamline+1","Compile Driver","Compile Driver","Redo+1","Ball Lightning+1"],"relics":["Cracked Core","Dream Catcher","Juzu Bracelet","Happy Flower","Potion Belt","Bottled Flame","Cursed Key","Enchiridion","Symbiotic Virus","DataDisk","Turnip","StrikeDummy","Dead Branch","Empty Cage","Cables"],"acts_visited":["Exordium","TheCity","TheBeyond"],"potions_floor_usage":[],"damage_taken":[{"damage":1.0,"enemies":"Cultist","floor":1.0,"turns":3.0},{"damage":0.0,"enemies":"2 Louse","floor":4.0,"turns":2.0},{"damage":5.0,"enemies":"Small Slimes","floor":5.0,"turns":2.0},{"damage":16.0,"enemies":"Lagavulin","floor":6.0,"turns":5.0},{"damage":18.0,"enemies":"3 Sentries","floor":8.0,"turns":9.0},{"damage":3.0,"enemies":"Lagavulin","floor":11.0,"turns":6.0},{"damage":5.0,"enemies":"Gremlin Nob","floor":14.0,"turns":3.0},{"damage":15.0,"enemies":"Hexaghost","floor":16.0,"turns":8.0},{"damage":1.0,"enemies":"Chosen","floor":18.0,"turns":3.0},{"damage":0.0,"enemies":"Book of Stabbing","floor":24.0,"turns":4.0},{"damage":1.0,"enemies":"Spheric Guardian","floor":25.0,"turns":3.0},{"damage":3.0,"enemies":"Colosseum Slavers","floor":31.0,"turns":4.0},{"damage":2.0,"enemies":"Colosseum Nobs","floor":31.0,"turns":4.0},{"damage":13.0,"enemies":"Collector","floor":33.0,"turns":11.0},{"damage":4.0,"enemies":"Orb Walker","floor":35.0,"turns":3.0},{"damage":11.0,"enemies":"3 Darklings","floor":36.0,"turns":5.0},{"damage":2.0,"enemies":"Writhing Mass","floor":38.0,"turns":5.0},{"damage":0.0,"enemies":"Spire Growth","floor":41.0,"turns":4.0}],"seed_played":"2844549114152288567","potions_obtained":[{"floor":1.0,"key":"DuplicationPotion"},{"floor":6.0,"key":"Energy Potion"},{"floor":11.0,"key":"EssenceOfSteel"},{"floor":18.0,"key":"PotionOfCapacity"},{"floor":25.0,"key":"ColorlessPotion"},{"floor":35.0,"key":"FairyPotion"},{"floor":38.0,"key":"Ancient Potion"}],"is_trial":false,"path_per_floor":["M","$","?","M","M","E","R","E","T","R","E","R","?","E","R","B",null,"M","?","?","?","$","R","E","M","T","$","R","?","R","?","R","B",null,"M","M","$","M","?","R","M","R","T"],"character_chosen":"DEFECT","items_purchased":["Ball Lightning","Symbiotic Virus","Compile Driver","Cables"],"campfire_rested":1,"item_purchase_floors":[2,22,22,37],"current_hp_per_floor":[74,74,74,74,69,53,53,35,35,35,32,32,32,27,27,12,75,74,37,37,21,21,21,21,20,20,20,20,20,20,15,26,13,37,33,22,22,20,20,20,20,20,20,20],"gold":45,"neow_bonus":"HUNDRED_GOLD","is_daily":false,"chose_seed":false,"campfire_upgraded":9,"win_rate":0.0,"timestamp":1608680978,"path_taken":["M","?","?","M","M","E","R","E","T","R","E","R","?","E","R","BOSS","M","?","?","?","$","R","E","M","T","$","R","?","R","?","R","BOSS","M","M","$","M","?","R","M","R","T"],"items_purchased_type":["Card","Relic","Card","Relic"],"build_version":"2020-12-13","purchased_purges":2,"victory":false,"max_hp_per_floor":[75,75,75,75,75,75,75,75,75,75,75,75,75,75,75,75,75,75,37,37,37,37,37,37,37,37,37,37,37,37,37,37,37,37,37,37,37,37,37,37,37,37,37,37],"card_choices":[{"not_picked":["BootSequence","Aggregate","Barrage"],"picked":"SKIP","floor":1.0},{"not_picked":["Melter","Rebound"],"picked":"Beam Cell","floor":4.0},{"not_picked":["Conserve Battery","Gash"],"picked":"Go for the Eyes","floor":5.0},{"not_picked":["Hyperbeam","Skim"],"picked":"Leap","floor":6.0},{"not_picked":["Auto Shields","Turbo"],"picked":"Leap","floor":8.0},{"not_picked":["Coolheaded","Sweeping Beam"],"picked":"Streamline","floor":11.0},{"not_picked":["Storm","Go for the Eyes"],"picked":"Sweeping Beam","floor":14.0},{"not_picked":["Steam","Leap"],"picked":"Ball Lightning","floor":18.0},{"not_picked":["Melter+1","Chaos","Cold Snap"],"picked":"SKIP","floor":24.0},{"not_picked":["Rip and Tear+1","Compile Driver"],"picked":"Redo+1","floor":25.0},{"not_picked":["Turbo","Storm"],"picked":"Streamline+1","floor":31.0},{"not_picked":["Steam Power","Darkness"],"picked":"Compile Driver","floor":32.0},{"not_picked":["Lockon","Consume"],"picked":"Compile Driver","floor":35.0},{"not_picked":["Skim+1","Undo+1","Double Energy"],"picked":"SKIP","floor":36.0},{"not_picked":["Darkness+1","Conserve Battery+1"],"picked":"Redo+1","floor":38.0},{"not_picked":["Streamline+1","Rip and Tear+1"],"picked":"Ball Lightning+1","floor":41.0}],"player_experience":5340774,"relics_obtained":[{"floor":6.0,"key":"Dream Catcher"},{"floor":8.0,"key":"Juzu Bracelet"},{"floor":9.0,"key":"Happy Flower"},{"floor":11.0,"key":"Potion Belt"},{"floor":14.0,"key":"Bottled Flame"},{"floor":21.0,"key":"Enchiridion"},{"floor":24.0,"key":"DataDisk"},{"floor":26.0,"key":"Turnip"},{"floor":31.0,"key":"StrikeDummy"},{"floor":31.0,"key":"Dead Branch"}],"event_choices":[{"damage_healed":0.0,"max_hp_gain":0.0,"max_hp_loss":0.0,"gold_gain":0.0,"event_name":"Living Wall","player_choice":"Grow","floor":3.0,"gold_loss":0.0,"damage_taken":0.0,"cards_upgraded":["Ball Lightning"]},{"damage_healed":0.0,"max_hp_gain":0.0,"max_hp_loss":0.0,"gold_gain":0.0,"event_name":"Liars Game","player_choice":"Ignored","floor":13.0,"gold_loss":0.0,"damage_taken":0.0},{"damage_healed":0.0,"max_hp_gain":0.0,"max_hp_loss":38.0,"gold_gain":0.0,"event_name":"Ghosts","player_choice":"Became a Ghost","floor":19.0,"gold_loss":0.0,"damage_taken":0.0,"cards_obtained":["Ghostly","Ghostly","Ghostly","Ghostly","Ghostly"]},{"damage_healed":0.0,"max_hp_gain":0.0,"max_hp_loss":0.0,"gold_gain":0.0,"event_name":"The Mausoleum","player_choice":"Ignored","floor":20.0,"gold_loss":0.0,"damage_taken":0.0},{"damage_healed":0.0,"max_hp_gain":0.0,"max_hp_loss":0.0,"gold_gain":0.0,"event_name":"Cursed Tome","player_choice":"Obtained Book","floor":21.0,"gold_loss":0.0,"damage_taken":16.0},{"damage_healed":0.0,"max_hp_gain":0.0,"max_hp_loss":0.0,"gold_gain":0.0,"event_name":"Colosseum","player_choice":"Fight","floor":31.0,"gold_loss":0.0,"damage_taken":0.0},{"damage_healed":0.0,"max_hp_gain":0.0,"max_hp_loss":0.0,"gold_gain":0.0,"event_name":"Colosseum","player_choice":"Fought Nobs","floor":31.0,"gold_loss":0.0,"damage_taken":0.0},{"damage_healed":0.0,"max_hp_gain":0.0,"max_hp_loss":0.0,"gold_gain":0.0,"event_name":"Match and Keep!","player_choice":"0 cards matched","floor":39.0,"gold_loss":0.0,"damage_taken":0.0,"cards_obtained":[]}],"is_beta":false,"boss_relics":[{"not_picked":["Tiny House","Fusion Hammer"],"picked":"Cursed Key"},{"not_picked":["Calling Bell","Astrolabe"],"picked":"Empty Cage"}],"items_purged_floors":[2,27],"is_endless":false,"potions_floor_spawned":[1,6,11,18,25,35,38],"ascension_level":1}}