{"host":"hi7fki77kkmhrce8","time":1608665890,"event":{"mods":["AchievementEnabler","Act Like it!","BaseMod","Beaked The Cultist","Colored Powertips","Downfall","Halation","Hallownest","Jedi Mod","Mad Scientist","Minty Spire (QoL Compilation)","Relic Stats","Replay The Spire","StSLib","SuperFastMode","The Blackbeard","The Construct","The Hierophant","The Necromancer","The Servant 0.9.4","The Witch"],"gold_per_floor":[115,115,115,115,45,81,7,38,38,38,62,62,86,107,107,233,233,251,271,145,169,187,187,187,187],"floor_reached":24,"playtime":823,"items_purged":["Strike_R"],"score":256,"play_id":"e84b9927-e423-4bee-9772-1ba2aee210df","local_time":"20201222143810","is_ascension_mode":false,"campfire_choices":[{"data":"jedi:strikingstrike","floor":10,"key":"SMITH"},{"data":"Fire Breathing","floor":12,"key":"SMITH"},{"data":"Bash","floor":15,"key":"SMITH"},{"data":"Rampage","floor":23,"key":"SMITH"}],"circlet_count":0,"master_deck":["Strike_R","Strike_R","Strike_R","Defend_R","Defend_R","Defend_R","Defend_R","Bash+1","Run Through","Fire Breathing+1","Flame Barrier","Inflame","jedi:strikingstrike+1","Clothesline","Wild Strike","Wild Strike","Immolate","Wild Strike+1","Pummel+1","Shrug It Off","Rampage+1","Spot Weakness"],"relics":["Burning Blood","NeowsBlessing","halation:PinkSoulGem","Golden Idol","Replay:Bottled Snecko","halation:BottledLove","Bottled Tornado","Runic Pyramid"],"acts_visited":["Exordium","TheCity"],"potions_floor_usage":[16,18,24],"damage_taken":[{"damage":0,"enemies":"Jaw Worm","floor":1,"turns":1},{"damage":0,"enemies":"Lagavulin","floor":6,"turns":2},{"damage":0,"enemies":"Gremlin Nob","floor":8,"turns":1},{"damage":12,"enemies":"2 Louse","floor":11,"turns":3},{"damage":11,"enemies":"Small Slimes","floor":13,"turns":4},{"damage":9,"enemies":"Looter","floor":14,"turns":3},{"damage":14,"enemies":"Fading Forest","floor":16,"turns":11},{"damage":24,"enemies":"3 Byrds","floor":18,"turns":4},{"damage":30,"enemies":"2 Thieves","floor":19,"turns":3},{"damage":12,"enemies":"Snake Plant","floor":21,"turns":4},{"damage":0,"enemies":"Snecko","floor":22,"turns":3},{"damage":43,"enemies":"Replay:Snechameleon","floor":24,"turns":5}],"seed_played":"8150211326863237560","potions_obtained":[{"floor":1,"key":"AttackPotion"},{"floor":11,"key":"SteroidPotion"},{"floor":13,"key":"Weak Potion"},{"floor":18,"key":"jedi:mysterypotion"},{"floor":19,"key":"Fire Potion"}],"is_trial":false,"path_per_floor":["M","?","?","?","$","E","$","E","T","R","M","R","M","M","R","B",null,"M","M","$","M","M","R","E"],"character_chosen":"IRONCLAD","items_purchased":["Fire Breathing","Inflame","Shrug It Off"],"campfire_rested":0,"item_purchase_floors":[5,7,20],"current_hp_per_floor":[80,73,73,53,53,59,59,65,65,65,59,59,54,51,51,53,80,62,38,38,32,38,38,0,0],"gold":187,"neow_bonus":"THREE_ENEMY_KILL","is_daily":false,"chose_seed":false,"campfire_upgraded":4,"win_rate":0.0,"timestamp":1608665890,"path_taken":["M","?","?","?","?","E","$","E","T","R","?","R","M","M","R","BOSS","M","?","$","M","M","R","E"],"items_purchased_type":["Card","Card","Card"],"build_version":"2020-12-13","purchased_purges":1,"victory":false,"max_hp_per_floor":[80,80,80,80,80,80,80,80,80,80,80,80,80,80,80,80,80,80,80,80,80,80,80,80,80],"relic_stats":{"counters":[12,44],"Golden Idol":69,"obtain_stats":[{"NeowsBlessing":0,"Golden Idol":4,"halation:BottledLove":8,"Replay:Bottled Snecko":6,"Bottled Tornado":9,"halation:PinkSoulGem":3,"Burning Blood":0,"Runic Pyramid":17},{"NeowsBlessing":0,"Golden Idol":1,"halation:BottledLove":3,"Replay:Bottled Snecko":2,"Bottled Tornado":3,"halation:PinkSoulGem":1,"Burning Blood":0,"Runic Pyramid":7},{"NeowsBlessing":0,"Golden Idol":1,"halation:BottledLove":4,"Replay:Bottled Snecko":3,"Bottled Tornado":4,"halation:PinkSoulGem":1,"Burning Blood":0,"Runic Pyramid":25}],"Burning Blood":60},"card_choices":[{"not_picked":["Second Wind","Pommel Strike"],"picked":"Run Through","floor":1},{"not_picked":["True Grit","Perfected Strike"],"picked":"Flame Barrier","floor":6},{"not_picked":["Heavy Blade","Fire Breathing"],"picked":"jedi:strikingstrike","floor":8},{"not_picked":["Armaments","Disarm"],"picked":"Clothesline","floor":11},{"not_picked":["Dual Wield","Warcry"],"picked":"Wild Strike","floor":13},{"not_picked":["ReplayTheSpireMod:Corrosion Curse","Defy Death"],"picked":"Wild Strike","floor":14},{"not_picked":["Feed","Brutality"],"picked":"Immolate","floor":16},{"not_picked":["Perfected Strike","Clash"],"picked":"Wild Strike+1","floor":18},{"not_picked":["Warcry","Sword Boomerang"],"picked":"Pummel+1","floor":19},{"not_picked":["Shrug It Off","Pommel Strike"],"picked":"Rampage","floor":21},{"not_picked":["Pommel Strike","Seeing Red"],"picked":"Spot Weakness","floor":22}],"player_experience":137056,"relics_obtained":[{"floor":6,"key":"Replay:Bottled Snecko"},{"floor":8,"key":"halation:BottledLove"},{"floor":9,"key":"Bottled Tornado"}],"event_choices":[{"cards_removed":["Strike_R"],"damage_healed":0,"gold_gain":0,"player_choice":"Card Removal","damage_taken":7,"max_hp_gain":0,"max_hp_loss":0,"event_name":"Golden Wing","floor":2,"gold_loss":0},{"damage_healed":0,"gold_gain":0,"player_choice":"Take Damage","damage_taken":20,"relics_obtained":["Golden Idol"],"max_hp_gain":0,"max_hp_loss":0,"event_name":"Golden Idol","floor":4,"gold_loss":0}],"is_beta":false,"boss_relics":[{"not_picked":["halation:PlatinumPhoenix","Replay:Drink Me"],"picked":"Runic Pyramid"}],"items_purged_floors":[20],"is_endless":false,"potions_floor_spawned":[1,11,13,18,19],"killed_by":"Replay:Snechameleon","ascension_level":0}}