{"host":"zsm7bdfo51n66z45","time":1608601940,"event":{"mods":["AchievementEnabler","BaseMod","Bestiary","Better Skull","Better Third Choice","Colored Powertips","DeckTracker","Mimic Mod","Minty Spire (QoL Compilation)","Quick Restart","Relic Stats","Spicy Shops","StSLib","Waifu the Spire"],"gold_per_floor":[115,129,129,139,64,94,94,124,149,160,160,193,268,31,31,130,180,199,199,199,218,143,175,175,206,206,206,237,5,5,17,17,115,115,135,135,135,11,11,42,42,42,68,68,86,86,86,9,9,9],"floor_reached":51,"playtime":1522,"items_purged":["Defend_R"],"score":783,"play_id":"ad00575b-cb0c-4aa8-874e-54317b417f6e","local_time":"20201221195220","is_ascension_mode":false,"campfire_choices":[{"data":"Uppercut","floor":7,"key":"SMITH"},{"data":"Whirlwind","floor":11,"key":"SMITH"},{"floor":15,"key":"REST"},{"floor":24,"key":"REST"},{"floor":27,"key":"REST"},{"floor":30,"key":"REST"},{"floor":32,"key":"REST"},{"floor":41,"key":"REST"},{"data":"Demon Form","floor":44,"key":"SMITH"},{"data":"Infernal Blade","floor":47,"key":"SMITH"},{"floor":49,"key":"REST"}],"circlet_count":0,"master_deck":["Defend_R+1","Defend_R+1","Defend_R+1","Bash","Uppercut+1","Shrug It Off","Sword Boomerang","Whirlwind+1","Infernal Blade+1","Sword Boomerang","Immolate","Twin Strike","Dropkick","Bite","Bite","Bite","Bite","Bite","Uppercut+1","Whirlwind","Thunderclap+1","Demon Form+1","Uppercut+1","Spot Weakness+1","Demon Form+1"],"relics":["Burning Blood","Potion Belt","Bronze Scales","Strawberry","Membership Card","Mercury Hourglass","Tiny House","Omamori","Anchor","WingedGreaves","The Courier","Lantern","Molten Egg 2","Toxic Egg 2","Calling Bell","Orichalcum","Mummified Hand","Pocketwatch","Frozen Eye","Sling","Letter Opener","Regal Pillow","Thread and Needle","DollysMirror"],"acts_visited":["Exordium","TheCity","TheBeyond"],"potions_floor_usage":[6,8,25,28,33,33,40,50,50],"damage_taken":[{"damage":5,"enemies":"Small Slimes","floor":1,"turns":4},{"damage":5,"enemies":"Jaw Worm","floor":2,"turns":5},{"damage":2,"enemies":"2 Louse","floor":4,"turns":3},{"damage":30,"enemies":"Gremlin Nob","floor":6,"turns":5},{"damage":8,"enemies":"Looter","floor":8,"turns":7},{"damage":2,"enemies":"Looter","floor":10,"turns":3},{"damage":28,"enemies":"Lagavulin","floor":12,"turns":6},{"damage":35,"enemies":"Slime Boss","floor":16,"turns":9},{"damage":30,"enemies":"Spheric Guardian","floor":18,"turns":3},{"damage":30,"enemies":"Shell Parasite","floor":21,"turns":5},{"damage":19,"enemies":"Gremlin Leader","floor":23,"turns":5},{"damage":37,"enemies":"Slavers","floor":25,"turns":3},{"damage":54,"enemies":"Gremlin Leader","floor":28,"turns":6},{"damage":13,"enemies":"Cultist and Chosen","floor":31,"turns":4},{"damage":89,"enemies":"Collector","floor":33,"turns":10},{"damage":21,"enemies":"3 Darklings","floor":35,"turns":3},{"damage":51,"enemies":"Giant Head","floor":40,"turns":8},{"damage":10,"enemies":"3 Shapes","floor":45,"turns":2},{"damage":61,"enemies":"Time Eater","floor":50,"turns":8}],"seed_played":"-7215006891020596192","potions_obtained":[{"floor":1,"key":"BloodPotion"},{"floor":4,"key":"Strength Potion"},{"floor":10,"key":"ElixirPotion"},{"floor":17,"key":"SneckoOil"},{"floor":23,"key":"PowerPotion"},{"floor":25,"key":"LiquidMemories"},{"floor":31,"key":"AttackPotion"},{"floor":35,"key":"SteroidPotion"},{"floor":45,"key":"Ancient Potion"}],"is_trial":false,"path_per_floor":["M","M","?","M","$","E","R","MIM","T","M","R","E","?","$","R","B",null,"M","?","?","M","?","E","R","E","T","R","E","$","R","M","R","B",null,"M","?","?","$","?","E","R","?","T","R","M","?","R","$","R","B",null],"character_chosen":"IRONCLAD","items_purchased":["Membership Card","Mercury Hourglass","Sword Boomerang","Lantern","Molten Egg 2","Toxic Egg 2","Frozen Eye","Sling","Thread and Needle","DollysMirror","Fire Potion"],"campfire_rested":7,"item_purchase_floors":[14,14,14,29,29,29,38,38,48,48,48],"current_hp_per_floor":[88,88,93,93,93,69,69,85,85,91,91,78,67,67,97,70,105,81,81,81,69,69,58,89,60,60,91,53,53,84,77,105,24,105,90,90,90,90,90,45,75,75,75,75,71,71,71,71,100,49],"gold":9,"neow_bonus":"TEN_PERCENT_HP_BONUS","is_daily":false,"chose_seed":false,"campfire_upgraded":4,"win_rate":0.0,"timestamp":1608601940,"path_taken":["M","M","?","M","$","E","R","?","T","M","R","E","?","$","R","BOSS","M","?","?","M","?","E","R","E","T","R","E","$","R","M","R","BOSS","M","?","?","$","?","E","R","?","T","R","?","?","R","?","R","BOSS"],"items_purchased_type":["Relic","Relic","Card","Relic","Relic","Relic","Relic","Relic","Relic","Relic","Potion"],"build_version":"2020-12-13","purchased_purges":1,"victory":true,"max_hp_per_floor":[88,88,93,93,93,93,93,93,93,93,93,100,100,100,100,100,105,105,105,105,105,105,105,105,105,105,105,105,105,105,105,105,105,105,105,105,105,105,100,100,100,100,100,100,100,100,100,100,100,100],"relic_stats":{"Regal Pillow":0,"counters":[19,99],"Mummified Hand":[3],"Bronze Scales":[188],"Letter Opener":[0],"Orichalcum":[66],"obtain_stats":[{"Lantern":29,"Regal Pillow":43,"Tiny House":17,"Sling":38,"Burning Blood":0,"Blood Vial":9,"Frozen Eye":38,"Mummified Hand":34,"DollysMirror":48,"Strawberry":12,"WingedGreaves":26,"Toxic Egg 2":29,"Potion Belt":6,"Thread and Needle":48,"The Courier":28,"Omamori":23,"Letter Opener":40,"Orichalcum":34,"Mercury Hourglass":14,"Calling Bell":34,"Anchor":25,"Bronze Scales":8,"Molten Egg 2":29,"Membership Card":14,"Pocketwatch":34},{"Lantern":13,"Regal Pillow":17,"Tiny House":8,"Sling":16,"Burning Blood":0,"Blood Vial":5,"Frozen Eye":16,"Mummified Hand":15,"DollysMirror":18,"Strawberry":7,"WingedGreaves":12,"Toxic Egg 2":13,"Potion Belt":4,"Thread and Needle":18,"The Courier":13,"Omamori":11,"Letter Opener":17,"Orichalcum":15,"Mercury Hourglass":7,"Calling Bell":15,"Anchor":12,"Bronze Scales":5,"Molten Egg 2":13,"Membership Card":7,"Pocketwatch":15},{"Lantern":64,"Regal Pillow":89,"Tiny House":42,"Sling":81,"Burning Blood":0,"Blood Vial":24,"Frozen Eye":81,"Mummified Hand":78,"DollysMirror":91,"Strawberry":33,"WingedGreaves":58,"Toxic Egg 2":64,"Potion Belt":17,"Thread and Needle":91,"The Courier":64,"Omamori":55,"Letter Opener":89,"Orichalcum":78,"Mercury Hourglass":33,"Calling Bell":78,"Anchor":58,"Bronze Scales":24,"Molten Egg 2":64,"Membership Card":33,"Pocketwatch":78}],"Burning Blood":108,"Mercury Hourglass":[288],"Pocketwatch":[48]},"card_choices":[{"not_picked":["Burning Pact","Battle Trance"],"picked":"Uppercut","floor":1},{"not_picked":["Headbutt","Warcry"],"picked":"Shrug It Off","floor":2},{"not_picked":["True Grit","Seeing Red"],"picked":"Sword Boomerang","floor":4},{"not_picked":["Bloodletting","Berserk"],"picked":"Pommel Strike","floor":6},{"not_picked":["Pommel Strike","Fire Breathing"],"picked":"Whirlwind","floor":10},{"not_picked":["Havoc","Rage"],"picked":"Infernal Blade","floor":12},{"not_picked":["Brutality","Corruption"],"picked":"Immolate","floor":16},{"not_picked":["Rage","Headbutt"],"picked":"Twin Strike","floor":17},{"not_picked":["Ghostly Armor","Pommel Strike"],"picked":"Dropkick","floor":18},{"not_picked":["Twin Strike","Blood for Blood"],"picked":"Uppercut+1","floor":21},{"not_picked":["Pommel Strike","Burning Pact"],"picked":"Dual Wield+1","floor":23},{"not_picked":["Juggernaut","Anger","Headbutt"],"picked":"SKIP","floor":25},{"not_picked":["Twin Strike","Sword Boomerang"],"picked":"Whirlwind","floor":28},{"not_picked":["Sentinel+1","Sword Boomerang+1"],"picked":"Thunderclap+1","floor":31},{"not_picked":["Fiend Fire+1","Offering+1"],"picked":"Demon Form","floor":33},{"not_picked":["Pommel Strike+1","Armaments+1"],"picked":"Uppercut+1","floor":35},{"not_picked":["True Grit+1","Disarm+1","Sentinel+1"],"picked":"SKIP","floor":40},{"not_picked":["Combust+1","Metallicize+1"],"picked":"Spot Weakness+1","floor":45}],"player_experience":149083,"relics_obtained":[{"floor":6,"key":"Potion Belt"},{"floor":8,"key":"Bronze Scales"},{"floor":9,"key":"Blood Vial"},{"floor":12,"key":"Strawberry"},{"floor":23,"key":"Omamori"},{"floor":25,"key":"Anchor"},{"floor":26,"key":"WingedGreaves"},{"floor":28,"key":"The Courier"},{"floor":34,"key":"Orichalcum"},{"floor":34,"key":"Mummified Hand"},{"floor":34,"key":"Pocketwatch"},{"floor":40,"key":"Letter Opener"},{"floor":43,"key":"Regal Pillow"}],"event_choices":[{"damage_healed":0,"gold_gain":0,"player_choice":"Donut","damage_taken":0,"max_hp_gain":5,"max_hp_loss":0,"event_name":"Big Fish","floor":3,"gold_loss":0},{"damage_healed":0,"gold_gain":75,"player_choice":"Gold","damage_taken":11,"max_hp_gain":0,"max_hp_loss":0,"event_name":"betterThird:BetterGoop","floor":13,"gold_loss":0},{"damage_healed":0,"gold_gain":0,"player_choice":"Became a vampire (Vial)","damage_taken":0,"max_hp_gain":0,"max_hp_loss":0,"event_name":"Vampires","floor":19,"relics_lost":["Blood Vial"],"gold_loss":0,"cards_obtained":["Bite","Bite","Bite","Bite","Bite"]},{"damage_healed":0,"gold_gain":0,"player_choice":"Simplicity","damage_taken":0,"max_hp_gain":0,"max_hp_loss":2,"event_name":"betterThird:BetterWriting","floor":20,"gold_loss":0},{"cards_removed":["Pommel Strike"],"damage_healed":0,"gold_gain":0,"player_choice":"Gave Gold","damage_taken":0,"max_hp_gain":0,"max_hp_loss":0,"event_name":"Beggar","floor":22,"gold_loss":75},{"damage_healed":0,"gold_gain":0,"player_choice":"Ignored","damage_taken":0,"max_hp_gain":0,"max_hp_loss":0,"event_name":"Mysterious Sphere","floor":36,"gold_loss":0},{"cards_removed":["Dual Wield"],"damage_healed":0,"gold_gain":0,"player_choice":"Removed Skill","damage_taken":0,"max_hp_gain":0,"max_hp_loss":0,"event_name":"Falling","floor":37,"gold_loss":0},{"damage_healed":0,"gold_gain":0,"player_choice":"Max HP","damage_taken":0,"max_hp_gain":0,"max_hp_loss":5,"event_name":"Winding Halls","floor":39,"gold_loss":0},{"damage_healed":0,"gold_gain":0,"player_choice":"Cursed","damage_taken":0,"max_hp_gain":0,"max_hp_loss":0,"event_name":"Wheel of Change","floor":42,"gold_loss":0,"cards_obtained":["Decay"]},{"damage_healed":0,"gold_gain":0,"player_choice":"Memory 1","damage_taken":0,"max_hp_gain":0,"max_hp_loss":0,"event_name":"SensoryStone","floor":46,"gold_loss":0}],"is_beta":false,"boss_relics":[{"not_picked":["Runic Cube","Runic Dome"],"picked":"Tiny House"},{"not_picked":["Fusion Hammer","Busted Crown"],"picked":"Calling Bell"}],"items_purged_floors":[5],"is_endless":false,"potions_floor_spawned":[1,4,10,23,25,31,35,45],"ascension_level":0}}