{"host":"hgppx942rrnelsya","time":1608604301,"event":{"mods":["Act Like it!","BaseMod","Friendly Minions","Gensokyo","GifTheSpireLib","Hallownest","KinomotoSakuraMod(????)","Koishi","Marisa????????","Minty Spire (QoL Compilation)","Prisma Mod","Remilia??????","StSLib","The Alterego","The Animator","The Forsaken","The Hierophant","The Mystic","The Runesmith","The Servant 0.9.4"],"gold_per_floor":[113,113,142,162,162,196,196,206,206,248,39,39,52,62,62,162,162,172,172,184,215,215,215],"floor_reached":22,"playtime":1113,"items_purged":[],"score":273,"play_id":"01293c1d-7722-4881-b511-9d6dcc21b3f0","local_time":"20201222023141","is_ascension_mode":false,"campfire_choices":[{"data":"animator:Shigure","floor":7,"key":"SMITH"},{"data":"animator:Shinoa","floor":12,"key":"SMITH"},{"data":"animator:Shigure","floor":15,"key":"SMITH"}],"circlet_count":0,"master_deck":["animator:Strike_OwariNoSeraph","animator:Defend_OwariNoSeraph","animator:Strike","animator:Strike","animator:Strike","animator:Defend","animator:Defend","animator:Defend","animator:Shinoa","animator:Mikaela","animator:Mikaela","animator:Shigure+1","animator:YunYun","animator:Mitsuba","animator:Shinoa+1","animator:Yuuichirou","animator:Shigure+1","animator:Shigure","animator:Shigure","animator:Albedo","animator:Mitsuba+1","animator:Raven"],"relics":["animator:LivingPicture","animator:TheMissingPiece","animator:PurgingStone","NeowsBlessing","Hallownest:DreamNailRelic","Bottled Flame","Runesmith:Nanobots","Ice Cream","Regal Pillow","Velvet Choker","Blood Vial"],"acts_visited":["Hallownest:Greenpath","Hallownest:CityofTears"],"potions_floor_usage":[10,16,16,22,22],"damage_taken":[{"damage":1,"enemies":"Hallownest:2_Tiktiks_and_1_Crawlid","floor":1,"turns":1},{"damage":0,"enemies":"Hallownest:2_MossCreeps","floor":3,"turns":1},{"damage":0,"enemies":"Hallownest:monsterHuskGuard","floor":4,"turns":1},{"damage":0,"enemies":"Hallownest:eliteCrystalGuardian","floor":6,"turns":5},{"damage":2,"enemies":"Hallownest:Wandering_and_Horned","floor":8,"turns":3},{"damage":0,"enemies":"Hallownest:eliteMossKnight","floor":10,"turns":6},{"damage":0,"enemies":"Hallownest:monsterMossCharger","floor":13,"turns":2},{"damage":13,"enemies":"Hallownest:Guard_and_Warrior","floor":14,"turns":5},{"damage":45,"enemies":"Hallownest:BossFalseKnight","floor":16,"turns":7},{"damage":14,"enemies":"Hallownest:Guard_and_Sentry","floor":18,"turns":4},{"damage":15,"enemies":"Hallownest:Flukemon_and_Top","floor":20,"turns":5},{"damage":34,"enemies":"Hallownest:2_Flukemon","floor":21,"turns":7},{"damage":15,"enemies":"Hallownest:3_Mistakes","floor":22,"turns":5}],"seed_played":"2177523577344999623","potions_obtained":[{"floor":4,"key":"Swift Potion"},{"floor":8,"key":"PowerPotion"},{"floor":13,"key":"Fire Potion"},{"floor":16,"key":"BlessingOfTheForge"}],"is_trial":false,"path_per_floor":["M","?","M","M","?","E","R","M","T","E","$","R","M","M","R","B",null,"M","?","M","M","M"],"character_chosen":"THE_ANIMATOR","items_purchased":["animator:Shigure","Regal Pillow"],"campfire_rested":0,"item_purchase_floors":[11,11],"current_hp_per_floor":[65,65,65,65,65,66,66,64,64,64,64,64,64,51,51,21,67,53,53,40,8,0,0],"gold":215,"neow_bonus":"THREE_ENEMY_KILL","is_daily":false,"chose_seed":false,"campfire_upgraded":3,"win_rate":0.0,"timestamp":1608604301,"path_taken":["M","?","M","?","?","E","R","?","T","E","?","R","M","?","R","BOSS","M","?","M","M","M"],"items_purchased_type":["Card","Relic"],"build_version":"2020-12-13","purchased_purges":0,"victory":false,"max_hp_per_floor":[66,66,66,66,66,67,67,67,67,67,67,67,67,67,67,67,67,67,67,67,67,67,67],"card_choices":[{"not_picked":["animator:Elsword","animator:Layla"],"picked":"animator:Mikaela","floor":1},{"not_picked":["animator:Hitei","animator:UneriGinkaku"],"picked":"animator:Shigure","floor":3},{"not_picked":["animator:MumenRider","animator:Shichika"],"picked":"animator:YunYun","floor":4},{"not_picked":["animator:CrowleyEusford","animator:Mikaela"],"picked":"animator:Mitsuba","floor":6},{"not_picked":["animator:EmiyaShirou","animator:MumenRider"],"picked":"animator:Shinoa","floor":8},{"not_picked":["animator:Kazuma","animator:Berserker"],"picked":"animator:Yuuichirou","floor":10},{"not_picked":["animator:Genos","animator:EmiyaShirou"],"picked":"animator:Shigure","floor":13},{"not_picked":["animator:Shinoa","animator:Mitsuba"],"picked":"animator:Shigure","floor":14},{"not_picked":["animator:HigakiRinne","animator:Saitama"],"picked":"animator:Albedo","floor":16},{"not_picked":["animator:Shion","animator:SakuraMatou"],"picked":"animator:Mitsuba+1","floor":18},{"not_picked":["animator:RinTohsaka","animator:Evileye","animator:Chung"],"picked":"SKIP","floor":20},{"not_picked":["animator:Gillette+1","animator:Berserker+1"],"picked":"animator:Raven","floor":21}],"player_experience":33741,"relics_obtained":[{"floor":6,"key":"Bottled Flame"},{"floor":9,"key":"Runesmith:Nanobots"},{"floor":10,"key":"Ice Cream"}],"event_choices":[],"is_beta":false,"boss_relics":[{"not_picked":["animator:VividPicture","Mark of Pain"],"picked":"Velvet Choker"}],"items_purged_floors":[],"is_endless":false,"potions_floor_spawned":[4,8,13,14,16],"killed_by":"Hallownest:3_Mistakes","ascension_level":0}}