{"host":"nh1tx9wty0m9wedw","time":1608596392,"event":{"mods":["BaseMod","Colored Map","Colored Powertips","Minty Spire (QoL Compilation)"],"gold_per_floor":[115,131,144,319,333,358,377,377,377],"floor_reached":8,"playtime":605,"items_purged":[],"score":69,"play_id":"da91508b-1951-463e-992d-5345e6e6a929","local_time":"20201222011952","is_ascension_mode":true,"campfire_choices":[],"circlet_count":0,"master_deck":["Strike_R","Strike_R","Strike_R","Strike_R","Strike_R","Defend_R","Defend_R","Defend_R","Defend_R","Bash","Metallicize","Headbutt","Reckless Charge","Doubt","Thunderclap","Rage","Rampage"],"relics":["Burning Blood","Eternal Feather"],"acts_visited":["Exordium"],"potions_floor_usage":[1,2,5,6,6],"damage_taken":[{"damage":0,"enemies":"Small Slimes","floor":1,"turns":2},{"damage":5,"enemies":"2 Louse","floor":2,"turns":4},{"damage":10,"enemies":"Jaw Worm","floor":3,"turns":4},{"damage":4,"enemies":"Lots of Slimes","floor":5,"turns":2},{"damage":31,"enemies":"Lagavulin","floor":6,"turns":6},{"damage":11,"enemies":"Looter","floor":7,"turns":3},{"damage":56,"enemies":"Gremlin Nob","floor":8,"turns":5}],"seed_played":"8397141210314147594","potions_obtained":[{"floor":0,"key":"Explosive Potion"},{"floor":0,"key":"SpeedPotion"},{"floor":0,"key":"PowerPotion"},{"floor":3,"key":"Explosive Potion"},{"floor":5,"key":"Strength Potion"}],"is_trial":false,"path_per_floor":["M","M","M","?","M","E","M","E"],"character_chosen":"IRONCLAD","items_purchased":[],"campfire_rested":0,"item_purchase_floors":[],"current_hp_per_floor":[80,80,76,76,78,53,48,0,0],"gold":377,"neow_bonus":"THREE_SMALL_POTIONS","is_daily":false,"chose_seed":false,"campfire_upgraded":0,"win_rate":0.0,"timestamp":1608596392,"path_taken":["M","M","M","?","M","E","M","E"],"items_purchased_type":[],"build_version":"2020-12-13","purchased_purges":0,"victory":false,"max_hp_per_floor":[80,80,80,80,80,80,80,80,80],"card_choices":[{"not_picked":["Perfected Strike","Entrench"],"picked":"Metallicize","floor":1},{"not_picked":["Anger","Pommel Strike"],"picked":"Headbutt","floor":2},{"not_picked":["Sentinel","Clash"],"picked":"Reckless Charge","floor":3},{"not_picked":["Carnage","Second Wind"],"picked":"Thunderclap","floor":5},{"not_picked":["Disarm","Hemokinesis"],"picked":"Rage","floor":6},{"not_picked":["Sword Boomerang","Blood for Blood"],"picked":"Rampage","floor":7}],"player_experience":574086,"relics_obtained":[{"floor":6,"key":"Eternal Feather"}],"event_choices":[{"damage_healed":0,"gold_gain":175,"player_choice":"AGREE","damage_taken":0,"max_hp_gain":0,"max_hp_loss":0,"event_name":"Liars Game","floor":4,"gold_loss":0,"cards_obtained":["Doubt"]}],"is_beta":false,"boss_relics":[],"items_purged_floors":[],"is_endless":false,"potions_floor_spawned":[3,5],"killed_by":"Gremlin Nob","ascension_level":3}}