{"host":"llpusn9usp8rznkj","time":1608660090,"event":{"mods":["2.2 Compatiblity","Aspiration","BaseMod","Colored Map","Colored Powertips","Conspire","Hubris","Minty Spire (QoL Compilation)","Quick Restart","Rare Cards Sparkle","Replay The Spire","StSLib","The Cursed"],"gold_per_floor":[109,126,5,5,5,34,34,68,68,68,86,156,182,211,211,282,282,300,316,67,67,67,67,95,105,105,19,19,19,19,19,19,96,96,107,32,32,46,11,45,45,320,366,91,122,135,170,186,186,186,186],"floor_reached":50,"playtime":1840,"items_purged":["Strike_B","Regret"],"score":1374,"play_id":"1f649c01-99ce-46f0-9634-d643d1ac9374","local_time":"20201222130130","is_ascension_mode":true,"campfire_choices":[{"data":"ReplayTheSpireMod:Calculation Training","floor":7,"key":"SMITH"},{"data":"Zap","floor":10,"key":"SMITH"},{"floor":15,"key":"REST"},{"data":"Storm","floor":23,"key":"SMITH"},{"data":"Defragment","floor":28,"key":"SMITH"},{"data":"Storm","floor":32,"key":"SMITH"},{"data":"Fission","floor":41,"key":"SMITH"},{"floor":49,"key":"RECALL"}],"circlet_count":0,"master_deck":["AscendersBane","Defend_B","Defend_B","Defend_B","Defend_B","Zap+1","Dualcast","Streamline","Conserve Battery","ReplayTheSpireMod:Calculation Training+1","Storm+1","Conserve Battery","FIFO Queue","Defragment+1","Self Repair","Buffer","Storm+1","Cold Snap","Hologram+1","Storm+1","BootSequence","Ball Lightning","Coolheaded","Buffer","Self Repair","Fission+1","BootSequence+1","Redo+1","BootSequence","Hologram","Electrodynamics","BasicCrystalCard+1","Self Repair","hubris:PowerSurge"],"relics":["Cracked Core","NeowsBlessing","Pear","Toy Ornithopter","Sundial","Odd Mushroom","Meat on the Bone","aspiration:FutureDiary","Prayer Wheel","Runic Capacitor","Letter Opener","Replay:Antivirus Software","hubris:DisguiseKit","hubris:Towel","aspiration:Stellarator","hubris:Icosahedron","Centennial Puzzle","ReplayTheSpireMod:TigerMarble","Emotion Chip","hubris:CuriousFeather"],"acts_visited":["Exordium","TheCity","TheBeyond"],"potions_floor_usage":[8,14,18,46],"damage_taken":[{"damage":0,"enemies":"Cultist","floor":1,"turns":1},{"damage":0,"enemies":"2 Louse","floor":2,"turns":1},{"damage":0,"enemies":"Gremlin Nob","floor":6,"turns":1},{"damage":16,"enemies":"Lagavulin","floor":8,"turns":6},{"damage":0,"enemies":"Jaw Worm","floor":11,"turns":4},{"damage":19,"enemies":"The Mushroom Lair","floor":13,"turns":6},{"damage":43,"enemies":"Gremlin Nob","floor":14,"turns":5},{"damage":24,"enemies":"Hexaghost","floor":16,"turns":9},{"damage":20,"enemies":"Spheric Guardian","floor":18,"turns":5},{"damage":0,"enemies":"Chosen","floor":19,"turns":4},{"damage":36,"enemies":"Gremlin Leader","floor":24,"turns":6},{"damage":22,"enemies":"Snake Plant","floor":25,"turns":4},{"damage":6,"enemies":"Automaton","floor":33,"turns":8},{"damage":7,"enemies":"Orb Walker","floor":35,"turns":3},{"damage":0,"enemies":"3 Shapes","floor":38,"turns":3},{"damage":24,"enemies":"Sphere and 2 Shapes","floor":39,"turns":4},{"damage":0,"enemies":"R_Hoarder","floor":40,"turns":5},{"damage":0,"enemies":"Reptomancer","floor":45,"turns":3},{"damage":0,"enemies":"Writhing Mass","floor":46,"turns":3},{"damage":0,"enemies":"Giant Head","floor":47,"turns":6},{"damage":27,"enemies":"3 Darklings","floor":48,"turns":3},{"damage":92,"enemies":"conspire:OrnateMirror","floor":50,"turns":4}],"seed_played":"-5853510456303338460","potions_obtained":[{"floor":1,"key":"FearPotion"},{"floor":13,"key":"Block Potion"},{"floor":14,"key":"Explosive Potion"},{"floor":19,"key":"FairyPotion"},{"floor":25,"key":"Explosive Potion"},{"floor":46,"key":"Languid Potion"}],"is_trial":false,"path_per_floor":["M","M","$","T","?","E","R","E","T","R","M","?","?","E","R","B",null,"M","M","$","?","T","R","E","M","T","$","R","?","?","?","R","B",null,"M","$","?","M","M","E","R","?","T","$","E","M","E","M","R","B"],"character_chosen":"DEFECT","items_purchased":["ReplayTheSpireMod:Calculation Training","Storm","Runic Capacitor","Storm","Self Repair","Electrodynamics"],"campfire_rested":1,"item_purchase_floors":[3,3,20,20,27,44],"current_hp_per_floor":[64,64,64,64,68,78,78,62,62,62,62,62,43,12,36,31,69,61,68,68,68,68,68,51,41,41,41,41,41,41,41,41,61,76,76,76,76,81,71,78,78,78,78,78,78,81,81,61,61,0,0],"gold":186,"neow_bonus":"THREE_ENEMY_KILL","is_daily":false,"chose_seed":false,"campfire_upgraded":6,"win_rate":0.0,"timestamp":1608660090,"path_taken":["M","M","$","?","?","E","R","E","T","R","M","?","?","E","R","BOSS","M","M","$","?","?","R","E","M","T","?","R","?","?","?","R","BOSS","M","?","?","M","M","E","R","?","T","$","E","?","E","M","R","BOSS"],"items_purchased_type":["Card","Card","Relic","Card","Card","Card"],"build_version":"2020-12-13","purchased_purges":2,"victory":false,"max_hp_per_floor":[71,71,71,71,71,81,81,81,81,81,81,81,81,81,81,81,81,81,81,81,81,81,81,81,81,81,81,81,81,81,81,81,81,81,81,81,81,81,81,81,81,81,81,81,81,81,81,81,81,81,81],"card_choices":[{"not_picked":["Compile Driver","Stack"],"picked":"Streamline","floor":1},{"not_picked":["Hologram","Turbo"],"picked":"Conserve Battery","floor":2},{"not_picked":["Redo","Sweeping Beam"],"picked":"Conserve Battery","floor":6},{"not_picked":["Rebound","Ball Lightning"],"picked":"FIFO Queue","floor":8},{"not_picked":["Rebound","Heatsinks"],"picked":"Defragment","floor":11},{"not_picked":["Turbo","Conserve Battery"],"picked":"Self Repair","floor":13},{"not_picked":["aspiration:Polymerization","Lockon"],"picked":"Buffer","floor":14},{"not_picked":["Reboot","Amplify"],"picked":"ReplayTheSpireMod:Fabricate Wheel","floor":16},{"not_picked":["Glacier","aspiration:Polymerization"],"picked":"Storm+1","floor":18},{"not_picked":["Sweeping Beam","ReplayGash"],"picked":"Cold Snap","floor":18},{"not_picked":["Stack+1","hubris:Ukulele"],"picked":"Hologram+1","floor":19},{"not_picked":["Stack","Cold Snap","Recycle"],"picked":"SKIP","floor":19},{"not_picked":["Beam Cell","Gash"],"picked":"Coolheaded","floor":24},{"not_picked":["Turbo","Rebound"],"picked":"Buffer","floor":25},{"not_picked":["Go for the Eyes","Ball Lightning","Tempest"],"picked":"SKIP","floor":25},{"not_picked":["hubris:Prefetch","hubris:SpecializedCircuitry","Doppelganger"],"picked":"Fission","floor":33},{"not_picked":["Steam Power","Beam Cell","PiercingWail"],"picked":"BootSequence+1","floor":35},{"not_picked":["Turbo","Streamline","Dagger Spray"],"picked":"Redo+1","floor":35},{"not_picked":["Aggregate+1","ReplayTheSpireMod:Omega Cannon","Dagger Throw"],"picked":"BootSequence","floor":38},{"not_picked":["BasicCrystalCard","Barrage+1","Concentrate"],"picked":"Hologram","floor":38},{"not_picked":["ReplayTheSpireMod:Repulse","Beam Cell+1","Barrage","ReplayTheSpireMod:The Works"],"picked":"SKIP","floor":39},{"not_picked":["Go for the Eyes","ReplayGash","Panic Button","Acrobatics"],"picked":"SKIP","floor":39},{"not_picked":["Sweeping Beam","Tempest","Time Bomb","Sucker Punch"],"picked":"SKIP","floor":40},{"not_picked":["Go for the Eyes","Panic Button","Slice"],"picked":"BasicCrystalCard+1","floor":45},{"not_picked":["Go for the Eyes","Steam","ReplaySolidLightProjector","Bane"],"picked":"SKIP","floor":46},{"not_picked":["Conserve Battery","Streamline","Time Bomb","Deflect"],"picked":"SKIP","floor":46},{"not_picked":["Melter","BasicCrystalCard","Undo","conspire:DoublingDagger"],"picked":"SKIP","floor":47},{"not_picked":["Force Field","BasicCrystalCard","Reflex"],"picked":"Self Repair","floor":48},{"not_picked":["ReplaySolidLightProjector","Coolheaded+1","Acrobatics"],"picked":"hubris:PowerSurge","floor":48}],"player_experience":1118246,"relics_obtained":[{"floor":6,"key":"Pear"},{"floor":8,"key":"Toy Ornithopter"},{"floor":9,"key":"Sundial"},{"floor":13,"key":"Odd Mushroom"},{"floor":14,"key":"Meat on the Bone"},{"floor":22,"key":"Letter Opener"},{"floor":24,"key":"Replay:Antivirus Software"},{"floor":26,"key":"hubris:DisguiseKit"},{"floor":40,"key":"Centennial Puzzle"},{"floor":43,"key":"ReplayTheSpireMod:TigerMarble"},{"floor":45,"key":"Emotion Chip"},{"floor":47,"key":"hubris:CuriousFeather"}],"event_choices":[{"damage_healed":0,"gold_gain":70,"player_choice":"Gained Gold","damage_taken":0,"max_hp_gain":0,"max_hp_loss":0,"event_name":"Golden Wing","floor":12,"gold_loss":0},{"damage_healed":0,"gold_gain":0,"player_choice":"Fought Mushrooms","damage_taken":0,"max_hp_gain":0,"max_hp_loss":0,"event_name":"Mushrooms","floor":13,"gold_loss":0},{"damage_healed":0,"gold_gain":0,"cards_transformed":["Strike_B","Strike_B"],"player_choice":"Became Test Subject","damage_taken":0,"max_hp_gain":0,"max_hp_loss":0,"event_name":"Drug Dealer","floor":21,"gold_loss":0,"cards_obtained":["BootSequence","Ball Lightning"]},{"cards_removed":["Strike_B"],"damage_healed":0,"gold_gain":0,"player_choice":"Purged","damage_taken":0,"max_hp_gain":0,"max_hp_loss":0,"event_name":"Purifier","floor":31,"gold_loss":0},{"damage_healed":0,"gold_gain":275,"player_choice":"Desecrate","damage_taken":0,"max_hp_gain":0,"max_hp_loss":0,"event_name":"Golden Shrine","floor":42,"gold_loss":0,"cards_obtained":["Regret"]}],"is_beta":false,"boss_relics":[{"not_picked":["FrozenCore","SacredBark"],"picked":"aspiration:FutureDiary"},{"not_picked":["aspiration:SilentSkillbook","aspiration:WatcherSkillbook"],"picked":"aspiration:Stellarator"}],"items_purged_floors":[36,44],"is_endless":false,"potions_floor_spawned":[1,13,14,19,25,38,45,46,47,48],"killed_by":"conspire:OrnateMirror","ascension_level":20}}