{"host":"7l2t4psy44vpcd9q","time":1608641585,"event":{"mods":["AchievementEnabler","BaseMod","DeckTracker","Minty Spire (QoL Compilation)","SuperFastMode"],"gold_per_floor":[112,130,130,130,155,190,190,229,229,229,270,28,28,93,93,192,192,206,206,166,182,203,203,221,221,274,313,313,47,47,67,67,158,158,173,8,32,56,72,72,9,37,92,92,116,116,116,116],"floor_reached":47,"playtime":2283,"items_purged":["Strike_R","Strike_R"],"score":976,"play_id":"34313d24-3332-4842-9caa-a43377c71db0","local_time":"20201222215305","is_ascension_mode":true,"campfire_choices":[{"data":"Apotheosis","floor":7.0,"key":"SMITH"},{"floor":10.0,"key":"REST"},{"data":"Offering","floor":13.0,"key":"SMITH"},{"data":"Defend_R","floor":15.0,"key":"PURGE"},{"data":"Blood for Blood","floor":23.0,"key":"SMITH"},{"floor":25.0,"key":"REST"},{"data":"Strike_R","floor":30.0,"key":"PURGE"},{"floor":32.0,"key":"REST"},{"floor":40.0,"key":"REST"},{"floor":44.0,"key":"REST"},{"floor":46.0,"key":"REST"}],"circlet_count":0,"master_deck":["AscendersBane","Strike_R","Strike_R","Defend_R+1","Defend_R","Defend_R+1","Bash","Apotheosis+1","Twin Strike","Pommel Strike","Battle Trance","Combust","Offering+1","Hemokinesis","Flame Barrier","Blood for Blood+1","Warcry+1","Metallicize","Shrug It Off+1","Exhume","Impervious","Evolve","Double Tap","Disarm","Burning Pact"],"relics":["Burning Blood","Golden Idol","CaptainsWheel","Torii","Peace Pipe","Bottled Flame","ClockworkSouvenir","StoneCalendar","SacredBark","War Paint","Oddly Smooth Stone","Pantograph","Orrery","Runic Cube","TheAbacus","CeramicFish","Orichalcum"],"acts_visited":["Exordium","TheCity","TheBeyond"],"potions_floor_usage":[47,47],"damage_taken":[{"damage":4.0,"enemies":"Jaw Worm","floor":1.0,"turns":3.0},{"damage":9.0,"enemies":"Small Slimes","floor":2.0,"turns":4.0},{"damage":1.0,"enemies":"Cultist","floor":5.0,"turns":3.0},{"damage":26.0,"enemies":"3 Sentries","floor":6.0,"turns":8.0},{"damage":23.0,"enemies":"Gremlin Nob","floor":8.0,"turns":4.0},{"damage":10.0,"enemies":"Lagavulin","floor":11.0,"turns":4.0},{"damage":15.0,"enemies":"Gremlin Nob","floor":14.0,"turns":3.0},{"damage":25.0,"enemies":"Hexaghost","floor":16.0,"turns":7.0},{"damage":12.0,"enemies":"Spheric Guardian","floor":18.0,"turns":6.0},{"damage":8.0,"enemies":"Chosen","floor":21.0,"turns":4.0},{"damage":17.0,"enemies":"Snake Plant","floor":22.0,"turns":2.0},{"damage":9.0,"enemies":"Centurion and Healer","floor":24.0,"turns":5.0},{"damage":12.0,"enemies":"Gremlin Leader","floor":27.0,"turns":5.0},{"damage":15.0,"enemies":"Cultist and Chosen","floor":31.0,"turns":5.0},{"damage":58.0,"enemies":"Collector","floor":33.0,"turns":8.0},{"damage":16.0,"enemies":"Orb Walker","floor":35.0,"turns":4.0},{"damage":26.0,"enemies":"3 Darklings","floor":37.0,"turns":7.0},{"damage":13.0,"enemies":"Sphere and 2 Shapes","floor":38.0,"turns":6.0},{"damage":8.0,"enemies":"Writhing Mass","floor":39.0,"turns":6.0},{"damage":15.0,"enemies":"Maw","floor":42.0,"turns":7.0},{"damage":46.0,"enemies":"Sphere and 2 Shapes","floor":45.0,"turns":6.0},{"damage":59,"enemies":"Nemesis","floor":47,"turns":5}],"seed_played":"4560226051774278265","potions_obtained":[{"floor":1.0,"key":"BloodPotion"},{"floor":8.0,"key":"Fire Potion"},{"floor":11.0,"key":"SpeedPotion"},{"floor":20.0,"key":"LiquidBronze"},{"floor":20.0,"key":"HeartOfIron"},{"floor":22.0,"key":"Block Potion"},{"floor":24.0,"key":"LiquidBronze"},{"floor":33.0,"key":"Fire Potion"},{"floor":37.0,"key":"DistilledChaos"},{"floor":39.0,"key":"BlessingOfTheForge"},{"floor":45.0,"key":"ElixirPotion"}],"is_trial":false,"path_per_floor":["M","M","?","?","M","E","R","E","T","R","E","$","R","?","R","B",null,"M","?","?","M","M","R","M","R","T","E","?","$","R","M","R","B",null,"M","$","M","M","M","R","?","M","T","R","M","R","E"],"character_chosen":"IRONCLAD","items_purchased":["ClockworkSouvenir","Orrery","TheAbacus"],"campfire_rested":6,"item_purchase_floors":[12,29,36],"current_hp_per_floor":[52,49,23,48,53,33,33,16,16,38,49,49,49,40,40,21,62,56,56,56,54,43,43,40,62,62,56,56,56,56,47,69,23,62,52,52,32,25,23,45,45,36,36,58,18,40,0,0],"gold":116,"neow_bonus":"RANDOM_COLORLESS_2","is_daily":false,"chose_seed":false,"campfire_upgraded":3,"win_rate":0.0,"timestamp":1608641585,"path_taken":["M","M","?","?","M","E","R","E","T","R","E","?","R","?","R","BOSS","M","?","?","M","M","R","?","R","T","E","?","$","R","M","R","BOSS","M","$","M","?","M","R","?","M","T","R","?","R","E"],"items_purchased_type":["Relic","Relic","Relic"],"build_version":"2020-12-13","purchased_purges":2,"victory":false,"max_hp_per_floor":[75,75,75,75,75,75,75,75,75,75,75,75,75,75,75,75,75,75,75,75,75,75,75,75,75,75,75,75,75,75,75,75,75,75,75,75,75,75,75,75,75,75,75,75,75,75,75,75],"card_choices":[{"not_picked":["Secret Weapon","Violence"],"picked":"Apotheosis","floor":0.0},{"not_picked":["Heavy Blade","True Grit"],"picked":"Twin Strike","floor":1.0},{"not_picked":["Havoc","Clash"],"picked":"Pommel Strike","floor":2.0},{"not_picked":["Exhume","Dual Wield"],"picked":"Battle Trance","floor":5.0},{"not_picked":["Iron Wave","Ghostly Armor"],"picked":"Combust","floor":6.0},{"not_picked":["Carnage","Wild Strike"],"picked":"Offering","floor":8.0},{"not_picked":["Body Slam","Armaments"],"picked":"Hemokinesis","floor":11.0},{"not_picked":["Sword Boomerang","Wild Strike"],"picked":"Flame Barrier","floor":14.0},{"not_picked":["Body Slam","Iron Wave","Searing Blow"],"picked":"SKIP","floor":18.0},{"not_picked":["Anger+1","Perfected Strike","Clash"],"picked":"SKIP","floor":21.0},{"not_picked":["Corruption","Shrug It Off"],"picked":"Blood for Blood","floor":22.0},{"not_picked":["Headbutt","Flex"],"picked":"Warcry+1","floor":24.0},{"not_picked":["Havoc","Iron Wave"],"picked":"Metallicize","floor":27.0},{"not_picked":["Uppercut","Double Tap"],"picked":"Shrug It Off+1","floor":29.0},{"not_picked":["Disarm+1","True Grit"],"picked":"Exhume","floor":29.0},{"not_picked":["Headbutt","Wild Strike"],"picked":"Impervious","floor":29.0},{"not_picked":["Uppercut","Power Through"],"picked":"Evolve","floor":29.0},{"not_picked":["Thunderclap","Searing Blow","Clothesline"],"picked":"SKIP","floor":31.0},{"not_picked":["Berserk","Limit Break"],"picked":"Double Tap","floor":33.0},{"not_picked":["Armaments+1","Iron Wave","Dual Wield+1"],"picked":"SKIP","floor":35.0},{"not_picked":["Clash+1","Sword Boomerang+1","Sentinel"],"picked":"SKIP","floor":37.0},{"not_picked":["Spot Weakness","Fiend Fire"],"picked":"Disarm","floor":38.0},{"not_picked":["Thunderclap+1","Wild Strike+1","Clash+1"],"picked":"SKIP","floor":39.0},{"not_picked":["Twin Strike","Cleave"],"picked":"Burning Pact","floor":42.0},{"not_picked":["Iron Wave+1","Armaments","Clash"],"picked":"SKIP","floor":45.0}],"player_experience":1130653,"relics_obtained":[{"floor":6.0,"key":"CaptainsWheel"},{"floor":8.0,"key":"Torii"},{"floor":9.0,"key":"Peace Pipe"},{"floor":11.0,"key":"Bottled Flame"},{"floor":14.0,"key":"StoneCalendar"},{"floor":26.0,"key":"War Paint"},{"floor":27.0,"key":"Oddly Smooth Stone"},{"floor":28.0,"key":"Pantograph"},{"floor":43.0,"key":"Orichalcum"}],"event_choices":[{"damage_healed":0.0,"max_hp_gain":0.0,"max_hp_loss":0.0,"gold_gain":0.0,"event_name":"Golden Idol","player_choice":"Take Damage","floor":3.0,"gold_loss":0.0,"damage_taken":26.0,"relics_obtained":["Golden Idol"]},{"damage_healed":25.0,"max_hp_gain":0.0,"max_hp_loss":0.0,"gold_gain":0.0,"event_name":"Big Fish","player_choice":"Banana","floor":4.0,"gold_loss":0.0,"damage_taken":0.0},{"damage_healed":0.0,"max_hp_gain":0.0,"max_hp_loss":0.0,"gold_gain":30.0,"event_name":"Dead Adventurer","player_choice":"Searched \u00273\u0027 times","floor":14.0,"gold_loss":0.0,"damage_taken":0.0},{"damage_healed":0.0,"max_hp_gain":0.0,"max_hp_loss":0.0,"gold_gain":0.0,"event_name":"Vampires","player_choice":"Ignored","floor":19.0,"gold_loss":0.0,"damage_taken":0.0},{"damage_healed":0.0,"max_hp_gain":0.0,"max_hp_loss":0.0,"gold_gain":0.0,"event_name":"The Woman in Blue","player_choice":"Bought 3 Potions","floor":20.0,"gold_loss":0.0,"damage_taken":0.0},{"damage_healed":0.0,"max_hp_gain":0.0,"max_hp_loss":0.0,"gold_gain":0.0,"event_name":"Wheel of Change","player_choice":"Relic","floor":28.0,"gold_loss":0.0,"damage_taken":0.0},{"damage_healed":0.0,"max_hp_gain":0.0,"max_hp_loss":0.0,"gold_gain":0.0,"event_name":"WeMeetAgain","player_choice":"Paid Gold","floor":41.0,"gold_loss":63.0,"damage_taken":0.0,"relics_obtained":["CeramicFish"]}],"is_beta":false,"boss_relics":[{"not_picked":["Pandora\u0027s Box","Philosopher\u0027s Stone"],"picked":"SacredBark"},{"not_picked":["Black Blood","Tiny House"],"picked":"Runic Cube"}],"items_purged_floors":[12,29],"is_endless":false,"potions_floor_spawned":[1,8,11,21,22,24,33,37,39,45],"killed_by":"Nemesis","ascension_level":20}}