{"host":"3jpwrwmmgyabjceh","time":1608667291,"event":{"mods":["AchievementEnabler","BaseMod","Colored Map","Colored Powertips","Highlight Path","Minty Spire (QoL Compilation)","StSLib"],"gold_per_floor":[109,284,284,359,374,405,405,425,448,459,177,208,208,227,227,332,332,272,133,233,252,264,295,314,345,345,345,363,238,255,268,268,365,365,377,227,277,293,319,319,337,353,379,389,408,408,77,94,94,94],"floor_reached":51,"playtime":2088,"items_purged":["Strike_P","Eruption","Vigilance","Defend_P","Defend_P"],"score":835,"play_id":"4fdfde6f-73ce-4134-9beb-286c1b3182d2","local_time":"20201222230131","is_ascension_mode":true,"campfire_choices":[{"data":"PathToVictory","floor":13,"key":"SMITH"},{"data":"ThirdEye","floor":15,"key":"SMITH"},{"floor":27,"key":"REST"},{"floor":32,"key":"REST"},{"data":"Sanctity","floor":40,"key":"SMITH"},{"data":"ThirdEye","floor":46,"key":"SMITH"},{"floor":49,"key":"DIG"}],"circlet_count":0,"master_deck":["Defend_P","Defend_P","PathToVictory+1","ThirdEye+1","Sanctity+1","Conclude","PathToVictory+1","ThirdEye+1"],"relics":["HolyWater","NeowsBlessing","Ancient Tea Set","TheAbacus","Lantern","Empty Cage","Boot","Yang","Gremlin Horn","Shovel","Bronze Scales","Happy Flower","Bag of Marbles","Ornamental Fan"],"acts_visited":["Exordium","TheCity","TheBeyond"],"potions_floor_usage":[12,12,23,24,25,25,33,33,41,50],"damage_taken":[{"damage":0,"enemies":"2 Louse","floor":1,"turns":1},{"damage":0,"enemies":"Cultist","floor":5,"turns":1},{"damage":0,"enemies":"3 Sentries","floor":6,"turns":2},{"damage":2,"enemies":"Small Slimes","floor":8,"turns":3},{"damage":1,"enemies":"Exordium Wildlife","floor":10,"turns":3},{"damage":6,"enemies":"Gremlin Nob","floor":12,"turns":4},{"damage":1,"enemies":"2 Fungi Beasts","floor":14,"turns":3},{"damage":9,"enemies":"Hexaghost","floor":16,"turns":12},{"damage":1,"enemies":"2 Thieves","floor":18,"turns":4},{"damage":1,"enemies":"Chosen","floor":21,"turns":5},{"damage":5,"enemies":"Centurion and Healer","floor":22,"turns":8},{"damage":30,"enemies":"Gremlin Leader","floor":23,"turns":8},{"damage":8,"enemies":"Shelled Parasite and Fungi","floor":24,"turns":5},{"damage":12,"enemies":"Slavers","floor":25,"turns":6},{"damage":0,"enemies":"Snecko","floor":28,"turns":5},{"damage":0,"enemies":"Chosen and Byrds","floor":30,"turns":6},{"damage":2,"enemies":"Snake Plant","floor":31,"turns":3},{"damage":19,"enemies":"Collector","floor":33,"turns":9},{"damage":3,"enemies":"3 Shapes","floor":35,"turns":2},{"damage":0,"enemies":"Mind Bloom Boss Battle","floor":37,"turns":3},{"damage":5,"enemies":"Orb Walker","floor":38,"turns":3},{"damage":5,"enemies":"Sphere and 2 Shapes","floor":41,"turns":5},{"damage":10,"enemies":"Maw","floor":42,"turns":6},{"damage":0,"enemies":"Spire Growth","floor":44,"turns":3},{"damage":0,"enemies":"Writhing Mass","floor":45,"turns":3},{"damage":0,"enemies":"Jaw Worm Horde","floor":48,"turns":3},{"damage":50,"enemies":"Donu and Deca","floor":50,"turns":8}],"seed_played":"498955277420724460","potions_obtained":[{"floor":5,"key":"Weak Potion"},{"floor":6,"key":"Fire Potion"},{"floor":14,"key":"PowerPotion"},{"floor":16,"key":"Regen Potion"},{"floor":22,"key":"SpeedPotion"},{"floor":23,"key":"LiquidBronze"},{"floor":25,"key":"PowerPotion"},{"floor":28,"key":"Regen Potion"},{"floor":30,"key":"Swift Potion"},{"floor":37,"key":"Swift Potion"},{"floor":42,"key":"Regen Potion"},{"floor":44,"key":"GamblersBrew"}],"is_trial":false,"path_per_floor":["M","?","?","?","M","E","?","M","T","M","$","E","R","M","R","B",null,"M","$","?","M","M","E","M","E","T","R","M","$","M","M","R","B",null,"M","$","?","M","T","R","M","M","T","M","M","R","$","M","R","B",null],"character_chosen":"WATCHER","items_purchased":["TheAbacus","ThirdEye","Sanctity","Bag of Marbles"],"campfire_rested":2,"item_purchase_floors":[11,11,19,47],"current_hp_per_floor":[72,72,65,54,54,54,54,52,52,51,51,45,45,44,44,35,72,71,71,71,70,65,44,36,24,24,45,45,45,45,43,64,45,72,69,69,69,64,64,64,68,58,58,58,58,58,58,58,58,8],"gold":94,"neow_bonus":"THREE_ENEMY_KILL","is_daily":false,"chose_seed":false,"campfire_upgraded":4,"win_rate":0.0,"timestamp":1608667291,"path_taken":["M","?","?","?","M","E","?","M","T","M","$","E","R","M","R","BOSS","M","$","?","M","M","E","M","E","T","R","M","?","M","?","R","BOSS","M","$","?","M","?","R","M","M","T","M","M","R","$","M","R","BOSS"],"items_purchased_type":["Relic","Card","Card","Relic"],"build_version":"2020-12-13","purchased_purges":5,"victory":true,"max_hp_per_floor":[72,72,72,72,72,72,72,72,72,72,72,72,72,72,72,72,72,72,72,72,72,72,72,72,72,72,72,72,72,72,72,72,72,72,72,72,72,72,72,72,72,72,72,72,72,72,72,72,72,72],"card_choices":[{"not_picked":["FollowUp","TalkToTheHand","Worship"],"picked":"SKIP","floor":1},{"not_picked":["BowlingBash","SignatureMove"],"picked":"PathToVictory","floor":5},{"not_picked":["SignatureMove","Vengeance","Nirvana"],"picked":"SKIP","floor":6},{"not_picked":["Tantrum","Prostrate","FlurryOfBlows"],"picked":"SKIP","floor":8},{"not_picked":["Pray","WindmillStrike","JustLucky"],"picked":"SKIP","floor":10},{"not_picked":["SandsOfTime","CarveReality","Evaluate"],"picked":"SKIP","floor":12},{"not_picked":["JustLucky","Perseverance","Fasting2"],"picked":"SKIP","floor":14},{"not_picked":["JustLucky","SandsOfTime","Consecrate+1"],"picked":"SKIP","floor":18},{"not_picked":["FollowUp+1","FlurryOfBlows","CrushJoints"],"picked":"SKIP","floor":21},{"not_picked":["FearNoEvil","EmptyFist","CarveReality"],"picked":"SKIP","floor":22},{"not_picked":["ClearTheMind","Protect"],"picked":"Conclude","floor":23},{"not_picked":["Consecrate","DeceiveReality+1","CrushJoints"],"picked":"SKIP","floor":24},{"not_picked":["CutThroughFate+1","Fasting2","SashWhip+1"],"picked":"SKIP","floor":25},{"not_picked":["ClearTheMind","ForeignInfluence","Tantrum+1"],"picked":"SKIP","floor":28},{"not_picked":["Consecrate","MasterReality","JustLucky+1"],"picked":"SKIP","floor":30},{"not_picked":["EmptyBody","Study","BowlingBash"],"picked":"SKIP","floor":31},{"not_picked":["ThirdEye","TalkToTheHand"],"picked":"PathToVictory+1","floor":35},{"not_picked":["ClearTheMind","Prostrate+1","LikeWater"],"picked":"SKIP","floor":38},{"not_picked":["CutThroughFate+1","ReachHeaven+1"],"picked":"ThirdEye","floor":41},{"not_picked":["Fasting2","CutThroughFate+1","FollowUp"],"picked":"SKIP","floor":42},{"not_picked":["Crescendo","FlyingSleeves","Indignation"],"picked":"SKIP","floor":44},{"not_picked":["Study+1","BowlingBash+1","CrushJoints"],"picked":"SKIP","floor":45},{"not_picked":["EmptyMind+1","Scrawl","Crescendo"],"picked":"SKIP","floor":48}],"player_experience":246230,"relics_obtained":[{"floor":6,"key":"Ancient Tea Set"},{"floor":12,"key":"Lantern"},{"floor":23,"key":"Boot"},{"floor":25,"key":"Yang"},{"floor":26,"key":"Gremlin Horn"},{"floor":37,"key":"Shovel"},{"floor":39,"key":"Bronze Scales"},{"floor":43,"key":"Happy Flower"},{"floor":49,"key":"Ornamental Fan"}],"event_choices":[{"damage_healed":0,"gold_gain":175,"player_choice":"AGREE","damage_taken":0,"max_hp_gain":0,"max_hp_loss":0,"event_name":"Liars Game","floor":2,"gold_loss":0,"cards_obtained":["Doubt"]},{"cards_removed":["Doubt"],"damage_healed":0,"gold_gain":0,"player_choice":"Card Removal","damage_taken":7,"max_hp_gain":0,"max_hp_loss":0,"event_name":"Golden Wing","floor":3,"gold_loss":0},{"damage_healed":0,"gold_gain":75,"player_choice":"Gather Gold","damage_taken":11,"max_hp_gain":0,"max_hp_loss":0,"event_name":"World of Goop","floor":4,"gold_loss":0},{"cards_removed":["Strike_P"],"damage_healed":0,"gold_gain":0,"player_choice":"Purged","damage_taken":0,"max_hp_gain":0,"max_hp_loss":0,"event_name":"Purifier","floor":7,"gold_loss":0},{"damage_healed":0,"gold_gain":100,"player_choice":"Pray","damage_taken":0,"max_hp_gain":0,"max_hp_loss":0,"event_name":"Golden Shrine","floor":20,"gold_loss":0},{"damage_healed":0,"gold_gain":0,"player_choice":"Fight","damage_taken":0,"max_hp_gain":0,"max_hp_loss":0,"event_name":"MindBloom","floor":37,"gold_loss":0}],"is_beta":false,"boss_relics":[{"not_picked":["Busted Crown","Velvet Choker"],"picked":"Empty Cage"},{"not_picked":["Tiny House","Fusion Hammer"],"picked":"HolyWater"}],"items_purged_floors":[11,19,29,36,47],"is_endless":false,"potions_floor_spawned":[5,6,14,16,22,23,25,28,30,37,42,44],"ascension_level":1}}