{"host":"ffm36ba59us8r0su","time":1608665383,"event":{"mods":["AchievementEnabler","BaseMod","Curses Come First","DeckTracker","Minty Spire (QoL Compilation)","Relic Stats","StSLib"],"gold_per_floor":[117,67,77,2,12,45,64,64,64,76,76,76,95,126,126,249,249,269,269,21,46,145,189,189,228,228,246,246,271,196,5,5,134,134,149,424,10,33,48,48,88,88,88,126,140,160,224,260,260,260],"floor_reached":51,"playtime":7371,"items_purged":["Strike_B","Regret"],"score":1465,"play_id":"76613154-b03d-469d-ace0-209b4e3836b8","local_time":"20201222112943","is_ascension_mode":true,"campfire_choices":[{"floor":8,"key":"REST"},{"floor":15,"key":"DIG"},{"floor":24,"key":"DIG"},{"data":"Echo Form","floor":32,"key":"SMITH"},{"floor":40,"key":"DIG"},{"floor":42,"key":"DIG"},{"floor":49,"key":"DIG"}],"circlet_count":0,"master_deck":["AscendersBane","Defend_B","Defend_B","Defend_B","Zap","Dualcast","Cold Snap","Compile Driver","Cold Snap","Cold Snap","Blizzard","Ball Lightning","Coolheaded","Hologram","Creative AI","Ghostly","Ghostly","Ghostly","Ghostly","Ghostly","Go for the Eyes+1","Echo Form+1","Redo","Turbo","Coolheaded","CurseOfTheBell","Self Repair","Coolheaded+1","Defragment+1"],"relics":["Cracked Core","Bronze Scales","Ornamental Fan","Golden Idol","Shovel","DataDisk","Inserter","Sundial","Gremlin Horn","Orichalcum","Happy Flower","Incense Burner","Lee\u0027s Waffle","Calling Bell","Tiny Chest","Blue Candle","WingedGreaves","Membership Card","Matryoshka","Dream Catcher","CaptainsWheel","Dead Branch","Singing Bowl","Pocketwatch","Mango","Torii","Pantograph","Du-Vu Doll"],"acts_visited":["Exordium","TheCity","TheBeyond"],"potions_floor_usage":[6,23,35,47],"damage_taken":[{"damage":9,"enemies":"2 Louse","floor":1,"turns":2},{"damage":2,"enemies":"Small Slimes","floor":3,"turns":3},{"damage":0,"enemies":"Jaw Worm","floor":5,"turns":3},{"damage":26,"enemies":"Lagavulin","floor":6,"turns":10},{"damage":10,"enemies":"Exordium Wildlife","floor":7,"turns":4},{"damage":11,"enemies":"Blue Slaver","floor":10,"turns":2},{"damage":3,"enemies":"2 Fungi Beasts","floor":13,"turns":3},{"damage":11,"enemies":"3 Sentries","floor":14,"turns":5},{"damage":24,"enemies":"Slime Boss","floor":16,"turns":11},{"damage":0,"enemies":"Shell Parasite","floor":18,"turns":6},{"damage":0,"enemies":"Chosen","floor":21,"turns":6},{"damage":15,"enemies":"Slavers","floor":23,"turns":7},{"damage":5,"enemies":"Book of Stabbing","floor":25,"turns":6},{"damage":0,"enemies":"Shelled Parasite and Fungi","floor":27,"turns":6},{"damage":0,"enemies":"Chosen and Byrds","floor":29,"turns":7},{"damage":0,"enemies":"Champ","floor":33,"turns":12},{"damage":24,"enemies":"3 Darklings","floor":35,"turns":7},{"damage":0,"enemies":"Orb Walker","floor":38,"turns":6},{"damage":0,"enemies":"Spire Growth","floor":39,"turns":8},{"damage":0,"enemies":"Nemesis","floor":41,"turns":11},{"damage":0,"enemies":"Giant Head","floor":44,"turns":11},{"damage":0,"enemies":"Sphere and 2 Shapes","floor":45,"turns":7},{"damage":0,"enemies":"3 Darklings","floor":46,"turns":7},{"damage":4,"enemies":"2 Orb Walkers","floor":47,"turns":8},{"damage":0,"enemies":"Reptomancer","floor":48,"turns":7},{"damage":0,"enemies":"Time Eater","floor":50,"turns":12}],"seed_played":"-6133485839865984086","potions_obtained":[{"floor":1,"key":"GamblersBrew"},{"floor":5,"key":"Weak Potion"},{"floor":25,"key":"FocusPotion"},{"floor":29,"key":"SkillPotion"},{"floor":33,"key":"Strength Potion"},{"floor":38,"key":"Block Potion"}],"is_trial":false,"path_per_floor":["M","?","M","$","M","E","M","R","T","M","?","?","M","E","R","B",null,"M","?","$","M","?","E","R","E","T","M","?","M","?","$","R","B",null,"M","?","$","M","M","R","E","R","T","E","M","M","?","E","R","B",null],"character_chosen":"DEFECT","items_purchased":["Sundial","Lee\u0027s Waffle","Coolheaded","Membership Card","Matryoshka","Self Repair"],"campfire_rested":1,"item_purchase_floors":[20,31,31,37,37,37],"current_hp_per_floor":[59,59,57,57,57,31,21,43,43,32,32,57,54,43,43,19,61,61,37,37,37,37,22,22,17,17,17,17,17,17,44,44,44,44,20,20,20,27,41,41,44,44,44,60,62,64,66,68,68,68],"gold":260,"neow_bonus":"REMOVE_CARD","is_daily":false,"chose_seed":false,"campfire_upgraded":1,"win_rate":0.0,"timestamp":1608665383,"path_taken":["M","?","M","$","M","E","M","R","T","M","?","?","M","E","R","BOSS","M","?","$","M","?","E","R","E","T","?","?","M","?","$","R","BOSS","M","?","$","?","M","R","E","R","T","E","M","M","?","E","R","BOSS"],"items_purchased_type":["Relic","Relic","Card","Relic","Relic","Card"],"build_version":"2020-12-13","purchased_purges":2,"victory":true,"max_hp_per_floor":[75,75,75,75,75,75,75,75,75,75,75,75,75,75,75,75,75,75,37,37,37,37,37,37,37,37,37,37,37,37,44,44,44,44,44,44,44,44,44,44,44,44,44,60,62,64,66,68,68,68],"relic_stats":{"Lee\u0027s Waffle":27,"Inserter":[63],"Gremlin Horn":[14,14],"Happy Flower":[36],"Singing Bowl":10,"Torii":0,"counters":[26,177],"Golden Idol":176,"Blue Candle":[0],"Dead Branch":[60],"Orichalcum":[312],"Dream Catcher":0,"Shovel":5,"Ornamental Fan":[148],"Sundial":[16],"Bronze Scales":[504],"Pantograph":0,"Tiny Chest":0,"obtain_stats":[{"Gremlin Horn":23,"Singing Bowl":43,"Torii":47,"Mango":44,"Incense Burner":26,"Dream Catcher":40,"Shovel":14,"Matryoshka":37,"Sundial":20,"Pantograph":48,"Tiny Chest":34,"WingedGreaves":34,"Cracked Core":0,"Lee\u0027s Waffle":31,"Inserter":17,"Happy Flower":25,"Golden Idol":11,"Blue Candle":34,"Dead Branch":42,"Orichalcum":24,"Calling Bell":34,"Du-Vu Doll":49,"DataDisk":15,"CaptainsWheel":41,"Ornamental Fan":9,"Bronze Scales":6,"Membership Card":37,"Pocketwatch":43},{"Gremlin Horn":12,"Singing Bowl":20,"Torii":24,"Mango":21,"Incense Burner":13,"Dream Catcher":19,"Shovel":8,"Matryoshka":17,"Sundial":10,"Pantograph":25,"Tiny Chest":16,"WingedGreaves":16,"Cracked Core":0,"Lee\u0027s Waffle":15,"Inserter":9,"Happy Flower":13,"Golden Idol":6,"Blue Candle":16,"Dead Branch":20,"Orichalcum":12,"Calling Bell":16,"Du-Vu Doll":25,"DataDisk":8,"CaptainsWheel":20,"Ornamental Fan":5,"Bronze Scales":4,"Membership Card":17,"Pocketwatch":20},{"Gremlin Horn":62,"Singing Bowl":125,"Torii":158,"Mango":136,"Incense Burner":68,"Dream Catcher":114,"Shovel":32,"Matryoshka":100,"Sundial":49,"Pantograph":165,"Tiny Chest":93,"WingedGreaves":93,"Cracked Core":0,"Lee\u0027s Waffle":81,"Inserter":43,"Happy Flower":68,"Golden Idol":24,"Blue Candle":93,"Dead Branch":125,"Orichalcum":62,"Calling Bell":93,"Du-Vu Doll":165,"DataDisk":32,"CaptainsWheel":125,"Ornamental Fan":22,"Bronze Scales":18,"Membership Card":100,"Pocketwatch":125}],"Pocketwatch":[46]},"card_choices":[{"not_picked":["Rip and Tear","Go for the Eyes"],"picked":"Cold Snap","floor":1},{"not_picked":["Tempest","Go for the Eyes"],"picked":"Compile Driver","floor":3},{"not_picked":["Recycle","Steam"],"picked":"Cold Snap","floor":5},{"not_picked":["Chaos","Reprogram"],"picked":"Cold Snap","floor":6},{"not_picked":["Streamline","Force Field"],"picked":"Blizzard","floor":7},{"not_picked":["Hello World","Tempest"],"picked":"Ball Lightning","floor":10},{"not_picked":["Fusion","Steam Power"],"picked":"Coolheaded","floor":13},{"not_picked":["Force Field","Aggregate"],"picked":"Hologram","floor":14},{"not_picked":["Amplify","Rainbow"],"picked":"Creative AI","floor":16},{"not_picked":["Storm+1","Steam Power+1","Rip and Tear"],"picked":"SKIP","floor":18},{"not_picked":["Barrage","Steam","Aggregate"],"picked":"SKIP","floor":21},{"not_picked":["Static Discharge","Streamline","Leap"],"picked":"SKIP","floor":23},{"not_picked":["Streamline","Hello World"],"picked":"Go for the Eyes+1","floor":25},{"not_picked":["Recycle+1","Fusion","Beam Cell"],"picked":"SKIP","floor":27},{"not_picked":["Rebound","Static Discharge"],"picked":"Turbo","floor":29},{"not_picked":["Steam+1","Streamline","Reprogram"],"picked":"SKIP","floor":35},{"not_picked":["Doom and Gloom","Fusion+1","Go for the Eyes"],"picked":"SKIP","floor":38},{"not_picked":["Redo","Barrage"],"picked":"Coolheaded+1","floor":39},{"not_picked":["Barrage","Hologram+1"],"picked":"Defragment+1","floor":41},{"not_picked":["Rip and Tear","Fusion","Echo Form"],"picked":"Singing Bowl","floor":44},{"not_picked":["Beam Cell","Hologram","Streamline+1"],"picked":"Singing Bowl","floor":45},{"not_picked":["Barrage+1","BootSequence+1","Beam Cell"],"picked":"Singing Bowl","floor":46},{"not_picked":["Redo+1","Leap","Gash+1"],"picked":"Singing Bowl","floor":47},{"not_picked":["Redo","Rebound+1","Reboot"],"picked":"Singing Bowl","floor":48}],"player_experience":840685,"relics_obtained":[{"floor":6,"key":"Bronze Scales"},{"floor":9,"key":"Ornamental Fan"},{"floor":14,"key":"Shovel"},{"floor":15,"key":"DataDisk"},{"floor":23,"key":"Gremlin Horn"},{"floor":24,"key":"Orichalcum"},{"floor":25,"key":"Happy Flower"},{"floor":26,"key":"Incense Burner"},{"floor":34,"key":"Tiny Chest"},{"floor":34,"key":"Blue Candle"},{"floor":34,"key":"WingedGreaves"},{"floor":40,"key":"Dream Catcher"},{"floor":41,"key":"CaptainsWheel"},{"floor":42,"key":"Dead Branch"},{"floor":43,"key":"Singing Bowl"},{"floor":43,"key":"Pocketwatch"},{"floor":44,"key":"Mango"},{"floor":47,"key":"Torii"},{"floor":48,"key":"Pantograph"},{"floor":49,"key":"Du-Vu Doll"}],"event_choices":[{"cards_removed":["Strike_B"],"damage_healed":0,"gold_gain":0,"player_choice":"Card Removal","damage_taken":0,"max_hp_gain":0,"max_hp_loss":0,"event_name":"The Cleric","floor":2,"gold_loss":50},{"damage_healed":0,"gold_gain":0,"player_choice":"Take Wound","damage_taken":0,"relics_obtained":["Golden Idol"],"max_hp_gain":0,"max_hp_loss":0,"event_name":"Golden Idol","floor":11,"gold_loss":0,"cards_obtained":["Injury"]},{"damage_healed":25,"gold_gain":0,"player_choice":"Banana","damage_taken":0,"max_hp_gain":0,"max_hp_loss":0,"event_name":"Big Fish","floor":12,"gold_loss":0},{"damage_healed":0,"gold_gain":0,"player_choice":"Became a Ghost","damage_taken":0,"max_hp_gain":0,"max_hp_loss":38,"event_name":"Ghosts","floor":19,"gold_loss":0,"cards_obtained":["Ghostly","Ghostly","Ghostly","Ghostly","Ghostly"]},{"damage_healed":0,"gold_gain":99,"player_choice":"Stole From Cult","damage_taken":0,"max_hp_gain":0,"max_hp_loss":0,"event_name":"Nest","floor":22,"gold_loss":0},{"damage_healed":0,"gold_gain":0,"cards_transformed":["Strike_B","Strike_B"],"player_choice":"Became Test Subject","damage_taken":0,"max_hp_gain":0,"max_hp_loss":0,"event_name":"Drug Dealer","floor":28,"gold_loss":0,"cards_obtained":["Echo Form","Redo"]},{"cards_removed":["Injury"],"damage_healed":0,"gold_gain":0,"player_choice":"Gave Gold","damage_taken":0,"max_hp_gain":0,"max_hp_loss":0,"event_name":"Beggar","floor":30,"gold_loss":75},{"damage_healed":0,"gold_gain":275,"player_choice":"Desecrate","damage_taken":0,"max_hp_gain":0,"max_hp_loss":0,"event_name":"Golden Shrine","floor":36,"gold_loss":0,"cards_obtained":["Regret"]},{"damage_healed":0,"gold_gain":0,"player_choice":"Fight","damage_taken":0,"max_hp_gain":0,"max_hp_loss":0,"event_name":"Mysterious Sphere","floor":47,"gold_loss":0}],"is_beta":false,"boss_relics":[{"not_picked":["Runic Dome","Coffee Dripper"],"picked":"Inserter"},{"not_picked":["FrozenCore","Sozu"],"picked":"Calling Bell"}],"items_purged_floors":[4,37],"is_endless":false,"potions_floor_spawned":[1,5,25,29,33,38,45,46],"ascension_level":10}}