{"host":"00tqcjwpycel7e54","time":1608608022,"event":{"mods":["ATMod(阿瑾Mod)","BaseMod","Displayed Cursed Tome","Downfall","Hermit","KomeijiMod","Luminous","Marisa（F雨　魔理沙）","Minty Spire (QoL Compilation)","Remilia（蕾米莉亚）","Replay The Spire","Robot Space Explorer","Shop Mod","Spicy Shops","StSLib","The Administrix","The Bug Knight","The Cursed","The Dragon Tamer","The Gatherer","The Hierophant","The Runesmith","The Senshi","The Servant 0.9.4","WarShipGirlsR/战舰少女R mod","Youmu（魂魄妖梦）","Yuyuko","【东方二次创作】八云紫mod","【遗物卡牌】REMEMod"],"gold_per_floor":[117,117,117,97,110,144,154,154,154],"floor_reached":8,"playtime":412,"items_purged":[],"score":106,"play_id":"d2e95087-376e-4fae-b996-afa7a9e649d5","local_time":"20201222113342","is_ascension_mode":true,"campfire_choices":[],"circlet_count":0,"master_deck":["AscendersBane","Strike_G","Strike_G","Strike_G","Strike_G","Defend_G","Defend_G","Defend_G","Defend_G","Defend_G","Survivor","Neutralize","Dagger Spray","Regret","Hidden Blade+1","Fluid Movement","Leg Sweep","AT_WindFlip","Outmaneuver","Backflip"],"relics":["Ring of the Snake","AT_ATBox","REME_ComplimentaryCards","FossilizedHelix","Regal Pillow","Akabeko"],"acts_visited":["Exordium"],"potions_floor_usage":[6],"damage_taken":[{"damage":0,"enemies":"Cultist","floor":1,"turns":3},{"damage":8,"enemies":"Small Slimes","floor":5,"turns":6},{"damage":25,"enemies":"3 Sentries","floor":6,"turns":6},{"damage":0,"enemies":"2 Louse","floor":7,"turns":1},{"damage":6,"enemies":"HollowMod:MossKnight","floor":8,"turns":10}],"seed_played":"-4790836815641300739","potions_obtained":[{"floor":5,"key":"LiquidBronze"},{"floor":6,"key":"Energy Potion"}],"is_trial":false,"path_per_floor":["M","?","?","?","M","E","M","E"],"character_chosen":"THE_SILENT","items_purchased":[],"campfire_rested":0,"item_purchase_floors":[],"current_hp_per_floor":[44,44,44,44,36,11,11,5,5],"gold":154,"neow_bonus":"ONE_RARE_RELIC","is_daily":false,"chose_seed":false,"campfire_upgraded":0,"win_rate":0.0,"timestamp":1608608022,"path_taken":["M","?","?","?","M","E","M","E"],"items_purchased_type":[],"build_version":"2020-12-13","purchased_purges":0,"victory":false,"max_hp_per_floor":[66,66,66,66,66,66,66,66,66],"card_choices":[{"not_picked":["Acrobatics","Bouncing Flask"],"picked":"Dagger Spray","floor":1},{"not_picked":[],"picked":"Fluid Movement","floor":4},{"not_picked":[],"picked":"Leg Sweep","floor":4},{"not_picked":["Dagger Spray","Sucker Punch"],"picked":"AT_WindFlip","floor":5},{"not_picked":["AT_KingSlayer","Backflip"],"picked":"Outmaneuver","floor":6},{"not_picked":["Flying Knee","Bane"],"picked":"Backflip","floor":7}],"player_experience":678410,"relics_obtained":[{"floor":6,"key":"Akabeko"}],"event_choices":[{"damage_healed":0,"gold_gain":0,"player_choice":"Box","damage_taken":0,"relics_obtained":["Regal Pillow"],"max_hp_gain":0,"max_hp_loss":0,"event_name":"Big Fish","floor":2,"gold_loss":0,"cards_obtained":["Regret"]}],"is_beta":false,"boss_relics":[],"items_purged_floors":[],"is_endless":false,"potions_floor_spawned":[5,6],"killed_by":"HollowMod:MossKnight","ascension_level":18}}