{"host":"01os5saapwcfwn4c","time":1608624205,"event":{"mods":["ATMod(°¢èªMod)","Act Like it!","BaseMod","CapriCore","Gensokyo","Grow up Mod","KinomotoSakuraMod(Ä¾Ö®±¾Ó£)","Marisa£¨ìFÓê¡¡Ä§ÀíÉ³£©","Minty Spire (QoL Compilation)","MostiFishMod","Prisma Mod","Quick Restart","Reimu£¨²©ÀöÁéÃÎ£©","Remove Card Discount Mod","StSLib","The Animator","The Dragon Tamer","The Immortal","TheWitcher","WarShipGirlsR/Õ½½¢ÉÙÅ®R mod","Youmu£¨»êÆÇÑýÃÎ£©","Yuyuko","¡¾¶«·½¶þ´Î´´×÷¡¿°ËÔÆ×Ïmod","¡¾ÒÅÎï¿¨ÅÆ¡¿REMEMod","óô»ðÖ¸ÄÏ"],"gold_per_floor":[119,119,147,168,183,16,50,60,108,128,144,161,161,178,178,278,278,298,310,330,347,360,400,415,428,428,191,209,225,259,139,139,177,177,123,139,151,151,170,204,215,215,215,215,215,242,242,281,281,314],"floor_reached":51,"playtime":4632,"items_purged":["SnafuTest:DefaultCommonAttack","SnafuTest:DefaultCommonAttack","SnafuTest:DefaultCommonSkill","SnafuTest:DefaultCommonSkill","SnafuTest:BountyHunt","SnafuTest:DefaultCommonAttack","SnafuTest:DefaultCommonSkill","AT_OneInchPunch","SnafuTest:SignAxii","SnafuTest:ArmoredSortie"],"score":935,"play_id":"5f45d38a-5155-4140-9168-1b5103b38887","local_time":"20201222160325","is_ascension_mode":false,"campfire_choices":[{"data":"SnafuTest:SpellArcaneDomain","floor":13,"key":"SMITH"},{"data":"SnafuTest:Oriole","floor":15,"key":"SMITH"},{"data":"AT_EmpoweredMortalDraw","floor":32,"key":"SMITH"},{"data":"SnafuTest:SpellArcaneDomain","floor":44,"key":"SMITH"},{"data":"SnafuTest:PowerEternalFlame","floor":47,"key":"SMITH"},{"data":"SnafuTest:SignIgni","floor":49,"key":"SMITH"}],"circlet_count":0,"master_deck":["AT_EmpoweredMortalDraw+1","Gensokyo:CrescentMoonSlash","SnafuTest:Meditation","SnafuTest:Oriole+1","SnafuTest:Kick","SnafuTest:SpellArcaneDomain+1","SnafuTest:SignAard","SnafuTest:Amputation","SnafuTest:PowerEternalFlame+1","SnafuTest:SpellArcaneDomain+1","SnafuTest:BombDancingStar","SnafuTest:SpellIncendiaryShower+1","SnafuTest:SpellHellfire+1","SnafuTest:Oriole+1","SnafuTest:SpellHellfire+1","SnafuTest:SignIgni+1"],"relics":["SnafuTest:PlaceholderRelic","REME_ComplimentaryCards","DaveBox","AT_ATBox","PatriotShield","NeowsBlessing","Question Card","SnafuTest:QuenRelic","Oddly Smooth Stone","ImportantClient","Coffee Dripper","AT_ImmortalShieldbow","MealTicket","SnafuTest:YrdenRelic","HandDrill","Tiny Chest","Gensokyo:LionMask","rmod:extraamm","xbg","Nunchaku","AT_EbonyIvory","AT_TimeSand","REME_ArchaeologicalTools"],"acts_visited":["Gensokyo:Gensokyo","Gensokyo:Gensokyoer","TheBeyond"],"potions_floor_usage":[21,21,33],"damage_taken":[{"damage":0,"enemies":"Gensokyo:3_Fairies","floor":1,"turns":2},{"damage":0,"enemies":"Gensokyo:Gryphon","floor":3,"turns":1},{"damage":0,"enemies":"Gensokyo:Python","floor":4,"turns":2},{"damage":1,"enemies":"Gensokyo:VengefulSpirit","floor":5,"turns":2},{"damage":0,"enemies":"Gensokyo:Cirno","floor":7,"turns":4},{"damage":5,"enemies":"Gensokyo:CorruptedTreant","floor":8,"turns":1},{"damage":0,"enemies":"Gensokyo:2_Rabbits","floor":10,"turns":2},{"damage":1,"enemies":"Gensokyo:VengefulSpirit","floor":11,"turns":2},{"damage":1,"enemies":"Gensokyo:Kitsune","floor":12,"turns":2},{"damage":0,"enemies":"Gensokyo:LivingMonolith","floor":14,"turns":2},{"damage":3,"enemies":"Gensokyo:Kokoro","floor":16,"turns":8},{"damage":2,"enemies":"Gensokyo:AngelMirror","floor":18,"turns":2},{"damage":1,"enemies":"Gensokyo:Chomper","floor":19,"turns":2},{"damage":4,"enemies":"Gensokyo:Monolith_and_Dog","floor":20,"turns":2},{"damage":5,"enemies":"Gensokyo:Slime_Group","floor":21,"turns":3},{"damage":2,"enemies":"Gensokyo:Wraith","floor":22,"turns":3},{"damage":3,"enemies":"Gensokyo:Koishi","floor":23,"turns":5},{"damage":2,"enemies":"Gensokyo:Swordslinger","floor":24,"turns":3},{"damage":2,"enemies":"Gensokyo:Chomper_and_Gloop","floor":25,"turns":3},{"damage":2,"enemies":"Gensokyo:Slime_Group","floor":28,"turns":3},{"damage":2,"enemies":"Gensokyo:Swordslinger","floor":29,"turns":2},{"damage":2,"enemies":"Gensokyo:Reisen","floor":30,"turns":2},{"damage":2,"enemies":"Gensokyo:Eiki","floor":33,"turns":4},{"damage":0,"enemies":"3 Shapes","floor":35,"turns":1},{"damage":0,"enemies":"3 Darklings","floor":36,"turns":2},{"damage":0,"enemies":"Jaw Worm Horde","floor":37,"turns":2},{"damage":2,"enemies":"Maw","floor":39,"turns":3},{"damage":1,"enemies":"Giant Head","floor":40,"turns":4},{"damage":0,"enemies":"3 Darklings","floor":41,"turns":2},{"damage":0,"enemies":"Sphere and 2 Shapes","floor":46,"turns":1},{"damage":0,"enemies":"Jaw Worm Horde","floor":48,"turns":2},{"damage":7,"enemies":"Time Eater","floor":50,"turns":4}],"seed_played":"5471715456689244397","potions_obtained":[{"floor":1,"key":"SpeedPotion"},{"floor":3,"key":"Regen Potion"},{"floor":5,"key":"Fire Potion"},{"floor":23,"key":"SpeedPotion"},{"floor":24,"key":"LiquidBronze"},{"floor":35,"key":"DuplicationPotion"}],"is_trial":false,"path_per_floor":["M","?","M","M","M","$","E","M","T","M","M","M","R","M","R","B",null,"M","M","M","M","M","E","M","M","T","$","M","M","E","?","R","B",null,"M","M","M","?","M","E","M","?","T","R","T","M","R","M","R","B",null],"character_chosen":"THE_WITCHER","items_purchased":["SnafuTest:QuenRelic","SnafuTest:YrdenRelic","HandDrill"],"campfire_rested":0,"item_purchase_floors":[6,27,27],"current_hp_per_floor":[95,96,106,116,125,135,145,150,160,170,179,188,198,208,218,225,255,263,272,278,292,300,307,315,323,333,355,363,371,379,389,399,407,425,435,445,455,442,450,459,469,479,489,499,509,519,529,539,549,552],"gold":314,"neow_bonus":"THREE_ENEMY_KILL","is_daily":false,"chose_seed":false,"campfire_upgraded":6,"win_rate":0.0,"timestamp":1608624205,"path_taken":["M","?","M","M","M","$","E","?","T","?","M","M","R","M","R","BOSS","M","?","M","M","M","E","M","M","T","$","M","M","E","?","R","BOSS","M","M","M","?","M","E","M","?","T","R","?","M","R","M","R","BOSS"],"items_purchased_type":["Relic","Relic","Relic"],"build_version":"2020-12-13","purchased_purges":10,"victory":true,"max_hp_per_floor":[95,105,115,125,135,145,155,165,175,185,195,205,215,225,235,245,255,265,275,285,295,305,315,325,335,345,355,365,375,385,395,405,415,425,435,445,455,442,452,462,472,482,492,502,512,522,532,542,552,562],"card_choices":[{"not_picked":["SnafuTest:SpellTortoise","SnafuTest:UndefeatedNarcissism"],"picked":"SnafuTest:ArmoredSortie","floor":1},{"not_picked":["SnafuTest:SpellIncendiaryShower","SnafuTest:FirstAid","SnafuTest:MercilessReaper"],"picked":"SnafuTest:Meditation","floor":3},{"not_picked":["SnafuTest:SpellHellfire","SnafuTest:MCPlayGwent","SnafuTest:BlackSunReturn"],"picked":"SnafuTest:Oriole","floor":4},{"not_picked":["SnafuTest:CalculatingAmbition","SnafuTest:UnpredictablePuncture","SnafuTest:BombSamum"],"picked":"SnafuTest:Kick","floor":5},{"not_picked":["SnafuTest:PayWeaponSmith","SnafuTest:PowerAlwaysAWay","SnafuTest:Meditation","SnafuTest:PowerProbingFeint"],"picked":"SKIP","floor":7},{"not_picked":["SnafuTest:SpellButterflyIllusion","SnafuTest:MCSuccubusSeduction","SnafuTest:DesperateRemediation","SnafuTest:ArmoredSortie"],"picked":"SKIP","floor":8},{"not_picked":["SnafuTest:CalculatingAmbition","SnafuTest:BombNorthernWind","SnafuTest:ScholarsIntrigue"],"picked":"SnafuTest:SpellArcaneDomain","floor":10},{"not_picked":["SnafuTest:FeignDeath","SnafuTest:Shooting","SnafuTest:WeddingDance"],"picked":"SnafuTest:SignAard","floor":11},{"not_picked":["SnafuTest:WeddingDance","SnafuTest:SpellButterflyIllusion","SnafuTest:FirstAid","SnafuTest:SpellBlindFury"],"picked":"SKIP","floor":12},{"not_picked":["SnafuTest:BlueWhale","SnafuTest:CalculatingAmbition","SnafuTest:Offering"],"picked":"SnafuTest:Amputation","floor":14},{"not_picked":["SnafuTest:BlackSunRise","SnafuTest:MelitelesCare","SnafuTest:SpellCalcinedMetamorphism"],"picked":"SnafuTest:PowerEternalFlame","floor":16},{"not_picked":["SnafuTest:WeddingDance","SnafuTest:PayHappyHour+1","SnafuTest:PowerAlwaysOnRoads"],"picked":"SnafuTest:SpellArcaneDomain","floor":18},{"not_picked":["SnafuTest:PayHappyHour+1","SnafuTest:SpellBitingFrost","SnafuTest:SpellBlindFury+1","SnafuTest:SpellDispellingPush+1"],"picked":"SKIP","floor":19},{"not_picked":["SnafuTest:SpellBlindFury+1","SnafuTest:BombDimeritium","SnafuTest:GetPaid"],"picked":"SnafuTest:BombDancingStar","floor":20},{"not_picked":["SnafuTest:WeddingDance+1","SnafuTest:SpellLivingArmor+1","SnafuTest:SpellDispellingPush","SnafuTest:PowerEternalFlame"],"picked":"SKIP","floor":21},{"not_picked":["SnafuTest:HermitsErudition","SnafuTest:Oriole","SnafuTest:AncestralRitual","SnafuTest:SpellBlindFury"],"picked":"SKIP","floor":22},{"not_picked":["SnafuTest:NoPass","SnafuTest:PowerCrimsonRitual+1","SnafuTest:SpellLifeDrain+1","SnafuTest:SignYrden"],"picked":"SKIP","floor":23},{"not_picked":["SnafuTest:PayArmorSmith","SnafuTest:QueensGuard","SnafuTest:ScholarsIntrigue","SnafuTest:SpellLifeDrain+1"],"picked":"SKIP","floor":24},{"not_picked":["SnafuTest:SneakKill","SnafuTest:NoPass","SnafuTest:SpellButterflyIllusion+1"],"picked":"SnafuTest:SpellIncendiaryShower+1","floor":25},{"not_picked":["SnafuTest:PowerHangmenTree","SnafuTest:QueensGuard+1","SnafuTest:BombDimeritium","SnafuTest:DesperateRemediation"],"picked":"SKIP","floor":28},{"not_picked":["SnafuTest:SwiftAssault","SnafuTest:FirstAid+1","SnafuTest:QueensGuard"],"picked":"SnafuTest:PayExoticTreasure","floor":29},{"not_picked":["SnafuTest:Siege","SnafuTest:FlashingRaid","SnafuTest:PowerTrialOfGrasses","SnafuTest:BombMoonDust"],"picked":"SKIP","floor":30},{"not_picked":["SnafuTest:WhiteWolfRise","SnafuTest:OtherWorld","SnafuTest:MagePersecution"],"picked":"SnafuTest:PayExoticTreasure","floor":33},{"not_picked":["SnafuTest:PowerVainGlory","SnafuTest:QueensGuard+1","SnafuTest:SpellBlindFury","SnafuTest:PowerCounterAttack"],"picked":"SKIP","floor":35},{"not_picked":["SnafuTest:Siege+1","SnafuTest:MCMockAndRun","SnafuTest:WitchHunt"],"picked":"SnafuTest:SpellHellfire+1","floor":36},{"not_picked":["SnafuTest:Portal","SnafuTest:BombDevilsPuffball","SnafuTest:RecklessBlow","SnafuTest:ScholarsIntrigue+1"],"picked":"SKIP","floor":37},{"not_picked":["SnafuTest:PowerLadyOfLake","SnafuTest:PowerCounterAttack+1","SnafuTest:WeddingDance+1"],"picked":"SnafuTest:Oriole+1","floor":39},{"not_picked":["SnafuTest:BombDragonsDream","SnafuTest:MCPlayGwent+1","SnafuTest:BombDevilsPuffball+1","SnafuTest:SwordDance+1"],"picked":"SKIP","floor":40},{"not_picked":["SnafuTest:MCSuccubusSeduction","SnafuTest:SignIgni","SnafuTest:SignYrden+1"],"picked":"SnafuTest:SpellHellfire+1","floor":41},{"not_picked":["SnafuTest:SpellLifeDrain+1","SnafuTest:Amputation","SnafuTest:BombDimeritium+1"],"picked":"SnafuTest:SignIgni","floor":46},{"not_picked":["SnafuTest:PowerFireDamnation+1","SnafuTest:MCPlayGwent+1","SnafuTest:PowerMartialMagical+1","SnafuTest:PowerTrialOfGrasses"],"picked":"SKIP","floor":48}],"player_experience":208378,"relics_obtained":[{"floor":1,"key":"Question Card"},{"floor":7,"key":"Oddly Smooth Stone"},{"floor":16,"key":"ImportantClient"},{"floor":23,"key":"AT_ImmortalShieldbow"},{"floor":26,"key":"MealTicket"},{"floor":30,"key":"Tiny Chest"},{"floor":40,"key":"AT_EbonyIvory"},{"floor":43,"key":"AT_TimeSand"},{"floor":45,"key":"REME_ArchaeologicalTools"}],"event_choices":[{"damage_healed":0,"gold_gain":0,"player_choice":"Max HP","damage_taken":0,"max_hp_gain":0,"max_hp_loss":23,"event_name":"Winding Halls","floor":38,"gold_loss":0},{"damage_healed":0,"gold_gain":0,"player_choice":"0 cards matched","damage_taken":0,"max_hp_gain":0,"max_hp_loss":0,"event_name":"Match and Keep!","floor":42,"gold_loss":0,"cards_obtained":[]}],"is_beta":false,"boss_relics":[{"not_picked":["NightmareShop","SacredBark"],"picked":"Coffee Dripper"},{"not_picked":["JellyFishMachine","FixedStarFall"],"picked":"xbg"}],"items_purged_floors":[6,6,6,6,6,6,6,6,27,27],"is_endless":false,"potions_floor_spawned":[1,3,5,8,11,18,23,24,29,30,35,36,40,46],"ascension_level":0}}