{"host":"5qewjvycy34u7aeo","time":1608666003,"event":{"mods":["Act Like it!","Aspiration","BaseMod","Conspire","Downfall","GifTheSpireLib","Hubris","Infinite Spire","Minty Spire (QoL Compilation)","Permanent Neow","Replay The Spire","Shop Mod","StSLib","Stuff the Spire"],"gold_per_floor":[99,115,130,230,245,264,291,316,241,253,282,282,282,282,292,390,390,365,376,376,392,392,392,416,478,508,508,541,541,556,589,656,656,656,656],"floor_reached":33,"playtime":2809,"items_purged":["Guardian:Defend_Guardian"],"score":401,"play_id":"46a04892-895a-4d76-b359-31c74a755069","local_time":"20201222114003","is_ascension_mode":true,"campfire_choices":[{"floor":1.0,"key":"DIG"},{"data":"Guardian:EvasiveProtocol","floor":9.0,"key":"SMITH"},{"floor":13.0,"key":"RECALL"},{"data":"Guardian:Strike_Guardian","floor":18.0,"key":"PURGE"},{"data":"Guardian:PrismaticBeam","floor":29.0,"key":"SMITH"}],"circlet_count":0,"master_deck":["Guardian:Strike_Guardian","Guardian:Strike_Guardian","Guardian:Strike_Guardian","Guardian:Defend_Guardian","Guardian:Defend_Guardian","Guardian:Defend_Guardian","Guardian:CurlUp","Guardian:TwinSlam","Guardian:EvasiveProtocol+1","Guardian:PrismaticBeam+1","Guardian:Reroute","Guardian:ShieldSpikes","Guardian:FloatingOrbs+1","Ghostly","Ghostly","Ghostly","Ghostly","Ghostly","Guardian:TemporalStrike","infinitespire:Menacing","Guardian:Harden+1","Guardian:ShieldSpikes+1","Guardian:Gem_Red","Guardian:SpikerProtocol","Guardian:SpikerProtocol"],"relics":["SlaversCollar","Happy Flower","Guardian:DefensiveModeMoreBlock","downfall:HeartBlessingBlue","Omamori","hubris:MobiusCoin","Replay:Bronze Core","downfall:HeartBlessingRed","infinitespire:Lucky Rock","hubris:CrystalStatue","Blue Doll","Coffee Dripper","ReplayFunnel","hubris:TenFootPole"],"acts_visited":["Exordium","TheCity"],"potions_floor_usage":[],"damage_taken":[{"damage":10.0,"enemies":"2 Louse","floor":2.0,"turns":3.0},{"damage":5.0,"enemies":"Small Slimes","floor":3.0,"turns":4.0},{"damage":1.0,"enemies":"Cultist","floor":5.0,"turns":4.0},{"damage":3.0,"enemies":"Red Slaver","floor":6.0,"turns":4.0},{"damage":16.0,"enemies":"Gremlin Nob","floor":8.0,"turns":4.0},{"damage":0.0,"enemies":"Blue Slaver","floor":10.0,"turns":4.0},{"damage":4.0,"enemies":"3 Sentries","floor":11.0,"turns":6.0},{"damage":6.0,"enemies":"Gremlin Gang","floor":15.0,"turns":4.0},{"damage":8.0,"enemies":"downfall:Watcher","floor":16.0,"turns":12.0},{"damage":0.0,"enemies":"Chosen","floor":19.0,"turns":4.0},{"damage":20.0,"enemies":"3 Cultists","floor":21.0,"turns":7.0},{"damage":2.0,"enemies":"Cultist and Chosen","floor":25.0,"turns":6.0},{"damage":12.0,"enemies":"Nightmare","floor":26.0,"turns":13.0},{"damage":11.0,"enemies":"conspire:SneckoGhost","floor":28.0,"turns":14.0},{"damage":0.0,"enemies":"Snecko","floor":30.0,"turns":5.0},{"damage":0.0,"enemies":"Gremlin Leader","floor":31.0,"turns":5.0},{"damage":0.0,"enemies":"Snake Plant","floor":32.0,"turns":3.0},{"damage":53,"enemies":"downfall:Ironclad","floor":33,"turns":11}],"seed_played":"5572524542988715557","potions_obtained":[{"floor":5.0,"key":"Explosive Potion"},{"floor":6.0,"key":"SteroidPotion"},{"floor":8.0,"key":"LiquidBronze"},{"floor":11.0,"key":"sneckomod:MuddlingPotion"},{"floor":16.0,"key":"Elixir"}],"is_trial":false,"path_per_floor":["R","M","M","?","M","M","T","E","R","M","E","?","R","?","M","B",null,"R","M","?","M","?","?","T","M","NM","AVR","E","R","M","E","M","B"],"character_chosen":"GUARDIAN","items_purchased":[],"campfire_rested":0,"item_purchase_floors":[],"current_hp_per_floor":[80,70,65,65,64,61,61,45,55,55,51,51,51,51,45,37,90,90,90,90,70,45,55,55,53,41,41,30,30,30,30,30,0,0,0],"gold":656,"neow_bonus":"BOSS_RELIC","is_daily":false,"chose_seed":false,"campfire_upgraded":2,"win_rate":0.0,"timestamp":1608666003,"path_taken":["R","M","M","?","M","M","T","E","R","M","E","?","R","?","M","BOSS","R","M","?","M","?","?","T","M","NM","AVR","E","R","M","E","M","BOSS"],"items_purchased_type":[],"build_version":"2020-12-13","purchased_purges":1,"victory":false,"max_hp_per_floor":[80,80,80,80,80,80,80,80,90,90,90,90,90,90,90,90,90,90,90,90,90,45,55,55,55,55,55,55,55,55,55,55,55,55,55],"card_choices":[{"not_picked":["Guardian:ChargeCore","Guardian:RollAttack"],"picked":"Guardian:EvasiveProtocol","floor":2.0},{"not_picked":["Guardian:ShieldSpikes","Guardian:RollAttack"],"picked":"Guardian:PrismaticBeam","floor":3.0},{"not_picked":["Guardian:Gem_Lightblue","Guardian:Clone","Guardian:ChargeCore"],"picked":"SKIP","floor":5.0},{"not_picked":["Guardian:BronzeOrb","Guardian:WalkerClaw"],"picked":"Guardian:Gem_Crimson","floor":6.0},{"not_picked":["Guardian:AncientConstruct","Guardian:Suspension"],"picked":"Guardian:Reroute","floor":8.0},{"not_picked":["Guardian:ShieldCharger","Guardian:RefractedBeam"],"picked":"Guardian:Gem_Lightblue","floor":10.0},{"not_picked":["Guardian:MultiBeam","Guardian:CrystalBeam"],"picked":"Guardian:Harden","floor":11.0},{"not_picked":["Guardian:PrimingBeam","Guardian:CrystalBeam"],"picked":"Guardian:ShieldSpikes","floor":15.0},{"not_picked":["Guardian:GemFire","Guardian:FierceBash"],"picked":"Guardian:SphericShield","floor":16.0},{"not_picked":["Guardian:CrystalBeam","Guardian:BronzeArmor"],"picked":"Guardian:Gem_Lightblue","floor":19.0},{"not_picked":["Guardian:WalkerClaw","Guardian:Planning"],"picked":"Guardian:FloatingOrbs+1","floor":21.0},{"not_picked":["Guardian:DonusPower","Guardian:CrystalBeam"],"picked":"Guardian:TemporalStrike","floor":25.0},{"not_picked":["infinitespire:SealOfDarkness+","infinitespire:DeathsTouch"],"picked":"infinitespire:Menacing","floor":26.0},{"not_picked":["Guardian:Emergency","Guardian:Incinerate"],"picked":"Guardian:Harden+1","floor":26.0},{"not_picked":["Guardian:TemporalStrike+1","Guardian:ShieldCharger+1"],"picked":"Guardian:ShieldSpikes+1","floor":28.0},{"not_picked":["Guardian:FloatingOrbs","Guardian:Clone+1"],"picked":"Guardian:Gem_Red","floor":30.0},{"not_picked":["Guardian:WalkerClaw","Guardian:RollAttack"],"picked":"Guardian:SpikerProtocol","floor":31.0},{"not_picked":["Guardian:BronzeArmor","Guardian:PiercingHide"],"picked":"Guardian:SpikerProtocol","floor":32.0}],"player_experience":397500,"relics_obtained":[{"floor":1.0,"key":"Happy Flower"},{"floor":8.0,"key":"Guardian:DefensiveModeMoreBlock"},{"floor":11.0,"key":"Omamori"},{"floor":24.0,"key":"infinitespire:Lucky Rock"},{"floor":26.0,"key":"hubris:CrystalStatue"},{"floor":28.0,"key":"ReplayFunnel"},{"floor":31.0,"key":"hubris:TenFootPole"}],"event_choices":[{"damage_healed":0.0,"max_hp_gain":0.0,"max_hp_loss":0.0,"gold_gain":0.0,"event_name":"Big Fish","player_choice":"Box","floor":12.0,"gold_loss":0.0,"damage_taken":0.0,"relics_obtained":["hubris:MobiusCoin"],"cards_obtained":["Regret"]},{"damage_healed":0.0,"max_hp_gain":0.0,"max_hp_loss":0.0,"gold_gain":0.0,"event_name":"The Library","player_choice":"Read","floor":20.0,"gold_loss":0.0,"damage_taken":0.0,"cards_obtained":["Guardian:Gem_White"]},{"damage_healed":0.0,"max_hp_gain":0.0,"max_hp_loss":45.0,"gold_gain":0.0,"event_name":"Ghosts","player_choice":"Became a Ghost","floor":22.0,"gold_loss":0.0,"damage_taken":0.0,"cards_obtained":["Ghostly","Ghostly","Ghostly","Ghostly","Ghostly"]},{"cards_removed":["Guardian:SphericShield"],"damage_healed":0.0,"max_hp_gain":10.0,"max_hp_loss":0.0,"gold_gain":0.0,"event_name":"Bonfire Elementals","player_choice":"Offered Rare","floor":23.0,"gold_loss":0.0,"damage_taken":0.0}],"is_beta":false,"boss_relics":[{"not_picked":["hubris:Stopwatch","ChewingGum"],"picked":"Replay:Bronze Core"}],"items_purged_floors":[27],"is_endless":false,"potions_floor_spawned":[5,6,8,11,16,21,28,32],"killed_by":"downfall:Ironclad","ascension_level":2}}