{"host":"373g0ui1bgeshz9m","time":1608611384,"event":{"mods":["Act Like it!","Aspiration","BaseMod","Beaked The Cultist","Better Third Choice","Colored Map","Conspire","Downfall","Halation","Hermit","Hubris","Infinite Spire","Jorbs\u0027s Wanderer Trilogy","Minty Spire (QoL Compilation)","Pale of the Ancients","Permanent Neow","Quick Restart","Replay The Spire","Shade Mod","Shop Mod","Spikes Relics","StSLib","The Animator","The Bladedancer","The Bug Knight","The Construct","The Cursed","The Factory","The Florist","The Judge","The Jungle","The Necromancer","The Sage","The Wild Card","Trackpad","vexMod"],"gold_per_floor":[119,119,137,0,16,16,16,16,16,49,60,92,92,92,92,5,5,108,108,121,159,159,159,159,159,188,204,231,249,249,261,81,81,81,81],"floor_reached":34,"playtime":1212,"items_purged":[],"score":290,"play_id":"569de10c-4406-471b-97cf-f2db9973a190","local_time":"20201221232944","is_ascension_mode":true,"campfire_choices":[{"data":"Dramatic Entrance","floor":6,"key":"SMITH"},{"data":"Uncharnel","floor":8,"key":"SMITH"},{"data":"Negative_Energy_Burst","floor":13,"key":"SMITH"},{"data":"Specialist","floor":17,"key":"SMITH"},{"data":"Dramatic Entrance+1","floor":25,"key":"SMITH"},{"data":"Summon_Vampire_Lady","floor":30,"key":"SMITH"}],"circlet_count":0,"master_deck":["Strike_W+1","Strike_W+1","Strike_W+1","Defend_W+1","Defend_W+1","Defend_W+1","Defend_W+1","Negative_Energy_Arrows","Bone_Wall","Uncharnel+1","Negative_Energy_Javelin","Dramatic Entrance+2","Scare","Negative_Energy_Sphere","Spectral_Walk","Negative_Energy_Burst+1","Specialist+1","Summon_Vampire_Lady+1","TheCursedMod:Dregs","stsjorbsmod:Withering","Doubt","Finger_Of_Death","Blood_Curse","Negative_Energy_Mist","Necrotic_Claws","Bone_Spikes+1","Plague_Bolt"],"relics":["Vampire_Amulet","NeowsBlessing","conspire:DeflatedDodgeball","trackpad:CultistFigurine","Replay:Rubber Ducky","Replay:Ancient Bell","hubris:OldNail","trackpad:DisasterInABottle","conspire:InfiniteJournal","Replay:Wax Seal","HornCleat","Ice Cream","vexMod:MemoryStick","Vajra","NlothsMask"],"acts_visited":["Exordium","TheCity"],"potions_floor_usage":[],"damage_taken":[{"damage":0,"enemies":"Small Slimes","floor":1,"turns":1},{"damage":0,"enemies":"Cultist","floor":3,"turns":1},{"damage":0,"enemies":"2 Louse","floor":5,"turns":1},{"damage":7,"enemies":"Lagavulin","floor":10,"turns":5},{"damage":3,"enemies":"Red Slaver","floor":11,"turns":3},{"damage":5,"enemies":"Gremlin Nob","floor":12,"turns":4},{"damage":7,"enemies":"Slime Boss","floor":18,"turns":8},{"damage":10,"enemies":"2 Thieves","floor":20,"turns":3},{"damage":31,"enemies":"Slavers","floor":26,"turns":7},{"damage":0,"enemies":"3 Byrds","floor":27,"turns":4},{"damage":0,"enemies":"3 Cultists","floor":29,"turns":3},{"damage":5,"enemies":"Shelled Parasite and Fungi","floor":31,"turns":4}],"seed_played":"1224834736826676635","potions_obtained":[{"floor":3,"key":"Explosive Potion"},{"floor":5,"key":"Guardian:BlockOnCardUsePotion"},{"floor":18,"key":"Reflective Coating"}],"is_trial":false,"path_per_floor":["M","?","M","$","M","R","?","R","T","E","M","E","R","PTL","PTL","$","R","B",null,"M","?","?","T","$","R","E","M","T","M","R","M","$","?","R"],"character_chosen":"NECROMANCER","items_purchased":["Negative_Energy_Javelin","Dramatic Entrance","Specialist","Vajra","Plague_Bolt"],"campfire_rested":0,"item_purchase_floors":[4,4,16,32,32],"current_hp_per_floor":[75,75,75,75,75,75,75,75,75,70,69,66,66,66,66,66,66,65,75,69,69,69,69,69,69,47,53,53,59,59,64,64,64,64,64],"gold":81,"neow_bonus":"THREE_ENEMY_KILL","is_daily":false,"chose_seed":false,"campfire_upgraded":6,"win_rate":0.0,"timestamp":1608611384,"path_taken":["M","?","M","$","?","R","?","R","T","E","M","E","R","PTL","PTL","$","R","BOSS","M","?","?","?","$","R","E","M","T","?","R","M","?","?","R"],"items_purchased_type":["Card","Card","Card","Relic","Card"],"build_version":"2020-12-13","purchased_purges":0,"victory":false,"max_hp_per_floor":[75,75,75,75,75,75,75,75,75,75,75,75,75,75,75,75,75,75,75,75,75,75,75,75,75,75,75,75,75,75,75,75,75,75,75],"card_choices":[{"not_picked":["Death_Coil","Finger_Of_Death"],"picked":"Uncharnel","floor":1},{"not_picked":["Blood_Whip","Bones_to_Steel","Bone_Armor"],"picked":"SKIP","floor":3},{"not_picked":["Death_Coil","Bone_Shift"],"picked":"Scare","floor":5},{"not_picked":["Detonate_Bones","Flesh_Made_Foul"],"picked":"Negative_Energy_Sphere","floor":10},{"not_picked":["Bones_to_Steel","Whirlwind_of_Bones"],"picked":"Spectral_Walk","floor":11},{"not_picked":["Chill_Blood","Negative_Energy_Sphere"],"picked":"Negative_Energy_Burst","floor":12},{"not_picked":["Requiem","Summon_Death_Knight"],"picked":"Summon_Vampire_Lady","floor":18},{"not_picked":["infinitespire:Pacifist","hubris:Gluttony"],"picked":"TheCursedMod:Dregs","floor":19},{"not_picked":["Slimebound:Icky","conspire:Blindness"],"picked":"stsjorbsmod:Withering","floor":19},{"not_picked":["Slimebound:Icky","Shame"],"picked":"Doubt","floor":19},{"not_picked":["Negative_Energy_Bomb","Corrupt"],"picked":"Finger_Of_Death","floor":20},{"not_picked":["Death_March_Dance","Scare+1"],"picked":"Blood_Curse","floor":21},{"not_picked":["Bone_Armor+1","Negative_Energy_Shield"],"picked":"Negative_Energy_Mist","floor":21},{"not_picked":["Negative_Energy_Bomb","Death_Coil"],"picked":"Necrotic_Claws","floor":26},{"not_picked":["Chill_Blood","Life_Tap","Bone_Armory"],"picked":"SKIP","floor":27},{"not_picked":["Flesh_Made_Foul","Shackles_Of_Pain"],"picked":"Bone_Spikes+1","floor":29},{"not_picked":["Whirlwind_of_Bones","Death_Coil+1","Flesh_Made_Foul+1"],"picked":"SKIP","floor":31}],"player_experience":255377,"relics_obtained":[{"floor":9,"key":"conspire:DeflatedDodgeball"},{"floor":10,"key":"trackpad:CultistFigurine"},{"floor":12,"key":"Replay:Rubber Ducky"},{"floor":21,"key":"Replay:Wax Seal"},{"floor":23,"key":"HornCleat"},{"floor":26,"key":"Ice Cream"},{"floor":28,"key":"vexMod:MemoryStick"}],"event_choices":[{"damage_healed":0,"gold_gain":0,"player_choice":"0 cards matched","damage_taken":0,"max_hp_gain":0,"max_hp_loss":0,"event_name":"Match and Keep!","floor":2,"gold_loss":0,"cards_obtained":[]},{"cards_removed":["Strike_W"],"damage_healed":0,"gold_gain":0,"player_choice":"Offered Basic","damage_taken":0,"max_hp_gain":0,"max_hp_loss":0,"event_name":"Bonfire Elementals","floor":7,"gold_loss":0},{"damage_healed":0,"gold_gain":0,"player_choice":"Simplicity","damage_taken":0,"max_hp_gain":0,"max_hp_loss":7,"event_name":"betterThird:BetterWriting","floor":22,"gold_loss":0},{"damage_healed":0,"gold_gain":0,"player_choice":"Trade","damage_taken":0,"relics_obtained":["NlothsMask"],"max_hp_gain":0,"max_hp_loss":0,"event_name":"FaceTrader","floor":33,"gold_loss":0}],"is_beta":false,"boss_relics":[{"not_picked":["aspiration:WatcherSkillbook","Cursed Key"],"picked":"Replay:Ancient Bell"},{"not_picked":["Potion Belt","vexMod:FocusSash"],"picked":"hubris:OldNail"},{"not_picked":["InkBottle","hubris:PeanutButter"],"picked":"trackpad:DisasterInABottle"},{"not_picked":["Pocketwatch","Peace Pipe"],"picked":"conspire:InfiniteJournal"}],"items_purged_floors":[],"is_endless":false,"potions_floor_spawned":[3,5,18,26,31],"ascension_level":1}}