{"host":"m6aaltr68g9tvoay","time":1608676314,"event":{"mods":["AchievementEnabler","BaseMod","Colored Map","Minty Spire (QoL Compilation)","StSLib"],"gold_per_floor":[112,112,48,61,26,54,70,170,170,228,228,31,31,45,45,122,122,134,114,114,114,29,29,29,29,29,29,45,45,45],"floor_reached":29,"playtime":577,"items_purged":[],"score":412,"play_id":"5887fa6e-9296-4968-8639-6a1ae2e4d147","local_time":"20201222143154","is_ascension_mode":true,"campfire_choices":[{"floor":11,"key":"REST"},{"floor":13,"key":"REST"},{"floor":15,"key":"REST"},{"data":"Electrodynamics","floor":23,"key":"SMITH"},{"data":"Consume","floor":25,"key":"SMITH"}],"circlet_count":0,"master_deck":["AscendersBane","Strike_B","Strike_B","Strike_B","Defend_B","Defend_B","Defend_B","Defend_B","Zap","Dualcast","Hyperbeam","Conserve Battery","Go for the Eyes","Consume+1","Ball Lightning","Gash","Cold Snap","Electrodynamics+1","Rainbow","Rebound","RitualDagger","Self Repair","Reboot","Streamline"],"relics":["Cracked Core","Matryoshka","Happy Flower","Juzu Bracelet","Darkstone Periapt","Philosopher\u0027s Stone","MutagenicStrength","Bag of Marbles","Question Card"],"acts_visited":["Exordium","TheCity"],"potions_floor_usage":[16,19],"damage_taken":[{"damage":0,"enemies":"Cultist","floor":1,"turns":2},{"damage":0,"enemies":"Small Slimes","floor":4,"turns":1},{"damage":47,"enemies":"Lagavulin","floor":6,"turns":7},{"damage":0,"enemies":"2 Louse","floor":7,"turns":1},{"damage":9,"enemies":"Red Slaver","floor":14,"turns":3},{"damage":26,"enemies":"Slime Boss","floor":16,"turns":8},{"damage":8,"enemies":"Chosen","floor":18,"turns":4},{"damage":59,"enemies":"3 Byrds","floor":28,"turns":4},{"damage":42,"enemies":"Gremlin Leader","floor":29,"turns":5}],"seed_played":"-2919912884694329742","potions_obtained":[{"floor":6,"key":"SteroidPotion"},{"floor":16,"key":"DistilledChaos"},{"floor":19,"key":"Fruit Juice"}],"is_trial":false,"path_per_floor":["M","?","?","M","?","E","M","?","T","?","R","$","R","M","R","B",null,"M","?","?","?","$","R","?","R","T","?","M","E"],"character_chosen":"DEFECT","items_purchased":["FairyPotion","Gash","Cold Snap","Self Repair"],"campfire_rested":3,"item_purchase_floors":[12,12,12,22],"current_hp_per_floor":[64,38,38,38,55,8,8,8,8,8,29,29,50,41,62,36,62,54,59,59,53,53,53,53,53,53,53,29,0,0],"gold":45,"neow_bonus":"ONE_RANDOM_RARE_CARD","is_daily":false,"chose_seed":false,"campfire_upgraded":2,"win_rate":0.0,"timestamp":1608676314,"path_taken":["M","?","?","M","?","E","M","?","T","?","R","$","R","M","R","BOSS","M","?","?","?","$","R","?","R","T","?","M","E"],"items_purchased_type":["Potion","Card","Card","Card"],"build_version":"2020-12-13","purchased_purges":0,"victory":false,"max_hp_per_floor":[71,71,71,71,71,71,71,71,71,71,71,71,71,71,71,71,71,71,76,76,76,76,76,76,76,76,76,76,76,76],"card_choices":[{"not_picked":["Steam","Sweeping Beam"],"picked":"Conserve Battery","floor":1},{"not_picked":["Redo","Steam"],"picked":"Go for the Eyes","floor":4},{"not_picked":["Coolheaded","Compile Driver"],"picked":"Consume","floor":6},{"not_picked":["Stack","FTL"],"picked":"Ball Lightning","floor":7},{"not_picked":["Sweeping Beam","Redo"],"picked":"Electrodynamics","floor":14},{"not_picked":["Fission","Electrodynamics"],"picked":"Rainbow","floor":16},{"not_picked":["Sweeping Beam","Coolheaded"],"picked":"Rebound","floor":18},{"not_picked":["Blizzard","Sweeping Beam","Compile Driver"],"picked":"Streamline","floor":28}],"player_experience":1289425,"relics_obtained":[{"floor":6,"key":"Happy Flower"},{"floor":9,"key":"Juzu Bracelet"},{"floor":9,"key":"Darkstone Periapt"},{"floor":26,"key":"Bag of Marbles"},{"floor":26,"key":"Question Card"}],"event_choices":[{"damage_healed":0,"gold_gain":0,"player_choice":"Success","damage_taken":26,"relics_obtained":["Matryoshka"],"max_hp_gain":0,"max_hp_loss":0,"event_name":"Scrap Ooze","floor":2,"gold_loss":0},{"damage_healed":0,"gold_gain":0,"player_choice":"Left Gold","damage_taken":0,"max_hp_gain":0,"max_hp_loss":0,"event_name":"World of Goop","floor":3,"gold_loss":64},{"damage_healed":17,"gold_gain":0,"player_choice":"Healed","damage_taken":0,"max_hp_gain":0,"max_hp_loss":0,"event_name":"The Cleric","floor":5,"gold_loss":35},{"damage_healed":0,"gold_gain":100,"player_choice":"Gold","damage_taken":0,"max_hp_gain":0,"max_hp_loss":0,"event_name":"Wheel of Change","floor":8,"gold_loss":0},{"damage_healed":0,"gold_gain":58,"player_choice":"Gained Gold","damage_taken":0,"max_hp_gain":0,"max_hp_loss":0,"event_name":"Golden Wing","floor":10,"gold_loss":0},{"damage_healed":0,"gold_gain":0,"player_choice":"Bought 1 Potion","damage_taken":0,"max_hp_gain":0,"max_hp_loss":0,"event_name":"The Woman in Blue","floor":19,"gold_loss":0},{"damage_healed":0,"gold_gain":0,"player_choice":"Ignored","damage_taken":0,"max_hp_gain":0,"max_hp_loss":0,"event_name":"Ghosts","floor":20,"gold_loss":0},{"damage_healed":0,"gold_gain":0,"player_choice":"Joined the Cult","damage_taken":6,"max_hp_gain":0,"max_hp_loss":0,"event_name":"Nest","floor":21,"gold_loss":0,"cards_obtained":["RitualDagger"]},{"damage_healed":0,"gold_gain":0,"player_choice":"Inject Mutagens","damage_taken":0,"relics_obtained":["MutagenicStrength"],"max_hp_gain":0,"max_hp_loss":0,"event_name":"Drug Dealer","floor":24,"gold_loss":0},{"damage_healed":0,"gold_gain":0,"cards_transformed":["Strike_B"],"player_choice":"Transformed","damage_taken":0,"max_hp_gain":0,"max_hp_loss":0,"event_name":"Transmorgrifier","floor":27,"gold_loss":0,"cards_obtained":["Reboot"]}],"is_beta":false,"boss_relics":[{"not_picked":["Runic Dome","Sozu"],"picked":"Philosopher\u0027s Stone"}],"items_purged_floors":[],"is_endless":false,"potions_floor_spawned":[6,16,18],"killed_by":"Gremlin Leader","ascension_level":18}}