{"host":"9vk21r6l9dtkpvh9","time":1608659258,"event":{"mods":["2.2 Compatiblity","AchievementEnabler","Act Like it!","Astrologer","Bard","Bartender","BaseMod","Better Altar","Better Match","Better Note","Better Sensory Stone","Better Skull","Better Third Choice","BetterRewards","CapriCore","CatGirl Mod","Colored Map","Colored Powertips","Conspire","DeckTracker","Downfall","Energized Spire","Fiend Mod","Gensokyo","GifTheSpireLib","Hermit","Hubris","Infinite Spire","Jorbs\u0027s Wanderer Trilogy","Koishi","LagranYue(???·?)","Luminous","Mad Scientist","Marisa????????","Mimic Mod","Minty Spire (QoL Compilation)","Potionbrewer","Rare Cards Sparkle","Relic Stats","Replay The Spire","SOS???????","Shade Mod","Spicy Shops","StSLib","SuperFastMode","Td1madao Mod","The Animator","The Construct","The Forsaken","The Gatherer","The Hayseed","The Hierophant","The Immortal","The Jungle","The Mystic","The Necromancer","The Runesmith","The Senshi","The Servant 0.9.4","The Trickster","The Valiant","The Wild Card","TheBandit","TheSwordswoman","TheWitcher","WarShipGirlsR/????R mod","vexMod","???Mod??????Boss"],"gold_per_floor":[118,118,210,225,238,263,263,31,31,31,57,68,86,101,101,198,148,161,161,1,1,1,35,35,66,115,115,129,159,176,190,190,292,292,303,322,334,384,384,384,415,415,415,434,469,8,22,37,37,37,37,37,37,66,66,66],"floor_reached":55,"playtime":4755,"items_purged":[],"score":1172,"play_id":"823e1ad3-0fa5-4b2b-a104-f06fd52e9f91","local_time":"20201222124738","is_ascension_mode":false,"campfire_choices":[{"data":"ReplayTheSpireMod:Speed Training","floor":7,"key":"SMITH"},{"data":"Noxious Fumes","floor":10,"key":"SMITH"},{"data":"Draining Mist","floor":15,"key":"SMITH"},{"floor":24,"key":"RECALL"},{"data":"Toxin Wave","floor":32,"key":"SMITH"},{"data":"Poison Darts","floor":40,"key":"SMITH"},{"floor":42,"key":"REST"},{"data":"Offering","floor":49,"key":"SMITH"},{"data":"Adrenaline","floor":52,"key":"SMITH"}],"circlet_count":0,"master_deck":["Strike_G+1","Strike_G+1","Strike_G+1","Strike_G+1","Strike_G+1","Defend_G+1","Defend_G+1","Defend_G+1","Defend_G+1","Defend_G+1","Neutralize","ReplayTheSpireMod:Speed Training+1","m_Survivalism","PiercingWail","Deflect","Crippling Poison","Toxin Wave+1","PiercingWail","Noxious Fumes+1","Tools of the Trade+1","Dodge and Roll","Leg Sweep","Strike_G+1","Blur","Dagger Spray+1","Offering+1","Dagger Throw+1","hubris:DuctTapeCard","Replay:Poison Smokescreen","Quick Slash+1","Poison Darts+1","Tactician","Well Laid Plans+1","Backflip","Escape Plan+1","Acrobatics","Deflect+1","Adrenaline+1","Reflex+1"],"relics":["Ring of the Snake","LagranYue:RandomDrawCardRelic","vexMod:InvisibilityCloak","Molten Egg 2","LagranYue:MagicReflectiveArmorRelic","theForsaken:ScaryMask","Calipers","energizedSpire:HugeHouse","Gremlin Food","hubris:DuctTape","theForsaken:Lifeblossom","energizedSpire:SpiderWeb","Replay:Towering Pillar of Hats","CaptainsWheel","vexMod:RedPlottingStone","Gambling Chip","vexMod:FocusSash"],"acts_visited":["Exordium","TheCity","TheBeyond","TheEnding"],"potions_floor_usage":[41,41,44,55],"damage_taken":[{"damage":0,"enemies":"Cultist","floor":1,"turns":4},{"damage":0,"enemies":"Jaw Worm","floor":4,"turns":5},{"damage":0,"enemies":"2 Louse","floor":5,"turns":3},{"damage":0,"enemies":"Replay:BlueRogue","floor":6,"turns":10},{"damage":7,"enemies":"Lagavulin","floor":11,"turns":8},{"damage":0,"enemies":"Gremlin Gang","floor":12,"turns":4},{"damage":5,"enemies":"Large Slime","floor":13,"turns":7},{"damage":0,"enemies":"Blue Slaver","floor":14,"turns":5},{"damage":0,"enemies":"Fading Forest","floor":16,"turns":11},{"damage":0,"enemies":"Shell Parasite","floor":18,"turns":6},{"damage":0,"enemies":"Book of Stabbing","floor":23,"turns":8},{"damage":2,"enemies":"Gremlin Leader","floor":25,"turns":10},{"damage":0,"enemies":"Chosen","floor":28,"turns":5},{"damage":6,"enemies":"Book of Stabbing","floor":29,"turns":7},{"damage":0,"enemies":"Snake Plant","floor":30,"turns":4},{"damage":0,"enemies":"Centurion and Healer","floor":31,"turns":9},{"damage":6,"enemies":"conspire:MysteriousRune","floor":33,"turns":11},{"damage":20,"enemies":"3 Shapes","floor":35,"turns":4},{"damage":0,"enemies":"3 Darklings","floor":36,"turns":6},{"damage":24,"enemies":"Spire Growth","floor":37,"turns":7},{"damage":2,"enemies":"Mind Bloom Boss Battle","floor":38,"turns":8},{"damage":6,"enemies":"Giant Head","floor":41,"turns":10},{"damage":6,"enemies":"4 Shapes","floor":44,"turns":3},{"damage":29,"enemies":"Reptomancer","floor":45,"turns":7},{"damage":0,"enemies":"Sphere and 2 Shapes","floor":47,"turns":3},{"damage":0,"enemies":"Jaw Worm Horde","floor":48,"turns":5},{"damage":18,"enemies":"Donu and Deca","floor":50,"turns":9},{"damage":19,"enemies":"Shield and Spear","floor":54,"turns":7},{"damage":54,"enemies":"The Heart","floor":55,"turns":12}],"seed_played":"5407856245899362827","potions_obtained":[{"floor":1,"key":"Cursed Concoction"},{"floor":5,"key":"Venom Potion"},{"floor":6,"key":"champ:CounterPotion"},{"floor":13,"key":"potionbrewer:BoundlessPotion"},{"floor":14,"key":"potionbrewer:DiscountPotion"},{"floor":18,"key":"sneckomod:MuddlingPotion"},{"floor":25,"key":"Weak Potion"},{"floor":33,"key":"GamblersBrew"},{"floor":38,"key":"Slimebound:ThreeZeroPotion"},{"floor":44,"key":"potionbrewer:AcidPotion"}],"is_trial":false,"path_per_floor":["M","?","?","M","M","E","R","$","T","R","E","M","M","M","R","B",null,"M","?","?","?","?","E","R","E","T","?","M","E","M","M","R_BF","B",null,"M","M","M","?","?","R","E","R","T","M","E","$","M","M","R_BF","B",null,"R","$","E","B"],"character_chosen":"THE_SILENT","items_purchased":["vexMod:InvisibilityCloak","LagranYue:MagicReflectiveArmorRelic","Noxious Fumes","Gambling Chip","Adrenaline"],"campfire_rested":1,"item_purchase_floors":[0,8,8,46,46],"current_hp_per_floor":[62,62,45,45,45,45,45,45,45,45,38,38,33,33,33,43,65,65,65,65,65,65,65,65,63,63,63,63,57,63,65,65,65,65,45,51,33,37,37,37,37,56,56,56,33,33,38,44,44,32,65,65,65,47,0,0],"gold":66,"neow_bonus":"","is_daily":false,"chose_seed":false,"campfire_upgraded":7,"win_rate":0.0,"timestamp":1608659258,"path_taken":["M","?","?","?","M","E","R","$","T","R","E","M","M","M","R","BOSS","M","?","?","?","?","E","R","E","T","?","M","E","M","M","R_BF","BOSS","M","M","M","?","?","R","E","R","T","M","E","?","?","M","R_BF","BOSS","R","$","E","BOSS"],"items_purchased_type":["Relic","Relic","Card","Relic","Card"],"build_version":"2020-12-13","purchased_purges":0,"victory":false,"max_hp_per_floor":[70,70,70,70,70,70,70,70,70,70,70,70,70,70,70,70,65,65,65,65,65,65,65,65,65,65,65,65,65,65,65,65,65,65,65,65,65,65,65,65,65,65,65,65,65,65,65,65,65,65,65,65,65,65,65,65],"relic_stats":{"counters":[78,493],"Gambling Chip":[16],"obtain_stats":[{"Regal Pillow":7,"theForsaken:ScaryMask":26,"construct:FoamFinger":25,"Calipers":11,"theForsaken:Lifeblossom":29,"Snake Skull":19,"hubris:SlimyHat":54,"hubris:EmptyBottle":21,"LagranYue:MagicReflectiveArmorRelic":8,"Cleaning_Rag":43,"ClockworkSouvenir":27,"Replay:Wanted Poster":17,"vexMod:InvisibilityCloak":0,"Nunchaku":40,"TheAbacus":39,"Matryoshka":14,"vexMod:RedPlottingStone":43,"Gambling Chip":46,"energizedSpire:HugeHouse":17,"Chemical X":53,"Replay:Wax Seal":3,"theSenshi:SailorFukuRelic":19,"vexMod:RetaliationKit":11,"Ring of the Snake":0,"Gremlin Food":23,"construct:ClawGrip":34,"Runesmith:Nanobots":27,"hubris:DuctTape":25,"Replay:Towering Pillar of Hats":38,"vexMod:MysteryBossChallenge":25,"Thread and Needle":30,"theForsaken:PaleLantern":25,"vexMod:FocusSash":54,"energizedSpire:SpiderWeb":34,"Medical Kit":10,"MawBank":29,"infinitespire:EvilPickle":33,"vexMod:GhostlyGear":39,"CaptainsWheel":41,"Molten Egg 2":26,"Bag of Marbles":0,"vexMod:CursedCompass":17,"ReplayTheSpireMod:TigerMarble":28,"Snack Pack":42,"Runesmith:AutoHammer":39,"TungstenRod":7,"Toy Ornithopter":27,"Meat on the Bone":9},{"Regal Pillow":35,"theForsaken:ScaryMask":45,"construct:FoamFinger":45,"Calipers":54,"theForsaken:Lifeblossom":63,"Snake Skull":42,"hubris:SlimyHat":29,"hubris:EmptyBottle":43,"LagranYue:MagicReflectiveArmorRelic":53,"Cleaning_Rag":24,"ClockworkSouvenir":45,"Replay:Wanted Poster":41,"vexMod:InvisibilityCloak":49,"Nunchaku":23,"TheAbacus":22,"Matryoshka":40,"vexMod:RedPlottingStone":71,"Gambling Chip":73,"energizedSpire:HugeHouse":58,"Chemical X":28,"Replay:Wax Seal":32,"theSenshi:SailorFukuRelic":42,"vexMod:RetaliationKit":7,"Ring of the Snake":0,"Gremlin Food":60,"construct:ClawGrip":20,"Runesmith:Nanobots":45,"hubris:DuctTape":61,"Replay:Towering Pillar of Hats":70,"vexMod:MysteryBossChallenge":45,"Thread and Needle":18,"theForsaken:PaleLantern":45,"vexMod:FocusSash":77,"energizedSpire:SpiderWeb":66,"Medical Kit":37,"MawBank":47,"infinitespire:EvilPickle":20,"vexMod:GhostlyGear":22,"CaptainsWheel":71,"Molten Egg 2":45,"Bag of Marbles":0,"vexMod:CursedCompass":11,"ReplayTheSpireMod:TigerMarble":16,"Snack Pack":24,"Runesmith:AutoHammer":22,"TungstenRod":5,"Toy Ornithopter":45,"Meat on the Bone":6},{"Regal Pillow":220,"theForsaken:ScaryMask":275,"construct:FoamFinger":275,"Calipers":325,"theForsaken:Lifeblossom":388,"Snake Skull":257,"hubris:SlimyHat":185,"hubris:EmptyBottle":260,"LagranYue:MagicReflectiveArmorRelic":317,"Cleaning_Rag":151,"ClockworkSouvenir":275,"Replay:Wanted Poster":254,"vexMod:InvisibilityCloak":295,"Nunchaku":143,"TheAbacus":135,"Matryoshka":244,"vexMod:RedPlottingStone":447,"Gambling Chip":457,"energizedSpire:HugeHouse":352,"Chemical X":176,"Replay:Wax Seal":202,"theSenshi:SailorFukuRelic":257,"vexMod:RetaliationKit":41,"Ring of the Snake":0,"Gremlin Food":366,"construct:ClawGrip":124,"Runesmith:Nanobots":275,"hubris:DuctTape":376,"Replay:Towering Pillar of Hats":437,"vexMod:MysteryBossChallenge":275,"Thread and Needle":109,"theForsaken:PaleLantern":275,"vexMod:FocusSash":481,"energizedSpire:SpiderWeb":412,"Medical Kit":231,"MawBank":286,"infinitespire:EvilPickle":124,"vexMod:GhostlyGear":135,"CaptainsWheel":447,"Molten Egg 2":275,"Bag of Marbles":0,"vexMod:CursedCompass":64,"ReplayTheSpireMod:TigerMarble":99,"Snack Pack":151,"Runesmith:AutoHammer":135,"TungstenRod":27,"Toy Ornithopter":275,"Meat on the Bone":32}],"Ring of the Snake":[107]},"card_choices":[{"not_picked":["Acrobatics","Endless Agony"],"picked":"ReplayTheSpireMod:Speed Training","floor":1},{"not_picked":["Concentrate","Distraction"],"picked":"PiercingWail","floor":3},{"not_picked":["Masterful Stab","Outmaneuver"],"picked":"Deflect","floor":3},{"not_picked":["Backflip","Dodge and Roll"],"picked":"Crippling Poison","floor":3},{"not_picked":["Expertise","Endless Agony"],"picked":"Toxin Wave","floor":4},{"not_picked":["Flying Knee","Dagger Throw"],"picked":"Draining Mist","floor":5},{"not_picked":["ReplayTheSpireMod:Exploit Weakness","Blade Dance"],"picked":"PiercingWail","floor":6},{"not_picked":["Blade Dance","Poisoned Stab+1"],"picked":"Tools of the Trade","floor":11},{"not_picked":["Flechettes+1","Outmaneuver"],"picked":"Acrobatics","floor":12},{"not_picked":["Acrobatics","Calculated Gamble"],"picked":"Dodge and Roll","floor":13},{"not_picked":["Dagger Throw+1","ReplayTheSpireMod:Necrosis"],"picked":"Leg Sweep","floor":14},{"not_picked":["infinitespire:Neurotoxin","Doppelganger"],"picked":"Malaise","floor":16},{"not_picked":["Backstab+1","Eviscerate+1"],"picked":"Dagger Spray+1","floor":18},{"not_picked":["Eviscerate+1","Slice+1","PiercingWail"],"picked":"SKIP","floor":23},{"not_picked":["Sucker Punch+1","Blade Dance"],"picked":"Dagger Throw+1","floor":25},{"not_picked":["Predator+1","Expertise","hubris:SlightOfHand"],"picked":"SKIP","floor":28},{"not_picked":["Eviscerate+1","ReplayTheSpireMod:Exploit Weakness"],"picked":"Replay:Poison Smokescreen","floor":29},{"not_picked":["Sucker Punch+1","hubris:Sniper+1","hubris:Counter+1"],"picked":"SKIP","floor":30},{"not_picked":["Underhanded Strike+1","Cloak And Dagger"],"picked":"Quick Slash+1","floor":31},{"not_picked":["Wraith Form v2","Adrenaline"],"picked":"Poison Darts","floor":33},{"not_picked":["Dagger Spray+1","Underhanded Strike+1"],"picked":"Tactician","floor":35},{"not_picked":["Outmaneuver","hubris:Sniper+1"],"picked":"Well Laid Plans+1","floor":36},{"not_picked":["Crippling Poison+1","Choke+1","PiercingWail"],"picked":"SKIP","floor":37},{"not_picked":["PiercingWail+1","Sneak Up"],"picked":"Backflip","floor":38},{"not_picked":["Deadly Poison","Masterful Stab+1"],"picked":"Escape Plan+1","floor":41},{"not_picked":["Envenom","Outmaneuver"],"picked":"Acrobatics","floor":44},{"not_picked":["Hidden Blade","Poisoned Stab+1"],"picked":"Deflect+1","floor":45},{"not_picked":["Eviscerate+1","Sucker Punch+1","Concentrate+1"],"picked":"SKIP","floor":47},{"not_picked":["hubris:SlightOfHand","Flying Knee+1","Dagger Spray+1"],"picked":"SKIP","floor":48},{"not_picked":["Backflip","Bane+1"],"picked":"Reflex+1","floor":54}],"player_experience":610641,"relics_obtained":[{"floor":6,"key":"Molten Egg 2"},{"floor":9,"key":"theForsaken:ScaryMask"},{"floor":11,"key":"Calipers"},{"floor":23,"key":"Gremlin Food"},{"floor":25,"key":"hubris:DuctTape"},{"floor":29,"key":"theForsaken:Lifeblossom"},{"floor":38,"key":"Replay:Towering Pillar of Hats"},{"floor":41,"key":"CaptainsWheel"},{"floor":43,"key":"vexMod:RedPlottingStone"},{"floor":54,"key":"vexMod:FocusSash"}],"event_choices":[{"cards_removed":["Noxious Fumes"],"damage_healed":0,"gold_gain":0,"player_choice":"Take \u0026 Give","damage_taken":0,"max_hp_gain":0,"max_hp_loss":0,"event_name":"betterNote:BetterNote","floor":19,"gold_loss":0,"cards_obtained":["Offering"]},{"damage_healed":0,"gold_gain":0,"player_choice":"Simplicity","damage_taken":0,"max_hp_gain":0,"max_hp_loss":10,"event_name":"betterThird:BetterWriting","floor":27,"gold_loss":0},{"damage_healed":0,"gold_gain":0,"player_choice":"Fight","damage_taken":0,"max_hp_gain":0,"max_hp_loss":0,"event_name":"MindBloom","floor":38,"gold_loss":0},{"damage_healed":0,"gold_gain":0,"player_choice":"Ignored","damage_taken":0,"max_hp_gain":0,"max_hp_loss":0,"event_name":"Tomb of Lord Red Mask","floor":39,"gold_loss":0}],"is_beta":false,"boss_relics":[{"not_picked":["Velvet Choker","Sozu"],"picked":"energizedSpire:HugeHouse"},{"not_picked":["energizedSpire:RedRose","Runic Dome"],"picked":"energizedSpire:SpiderWeb"}],"items_purged_floors":[],"is_endless":false,"potions_floor_spawned":[1,5,6,13,14,18,25,30,33,37,38,44],"killed_by":"The Heart","ascension_level":0}}