{"host":"usewcu4ohw2wtmxk","time":1608626888,"event":{"mods":["BaseMod","Minty Spire (QoL Compilation)","Permanent Neow","Quick Restart","Relic Stats","UnlockEverythingMod"],"gold_per_floor":[115,190,190,203,151,151,176,190,190,206,221,221,251,267,267,342,342,352,363,382,382,382],"floor_reached":21,"playtime":446,"items_purged":[],"score":436,"play_id":"cb48a2d1-e587-497d-b2eb-bb848dc63960","local_time":"20201222164808","is_ascension_mode":true,"campfire_choices":[{"data":"Coolheaded","floor":6.0,"key":"SMITH"},{"data":"Defragment","floor":12.0,"key":"SMITH"},{"data":"Dualcast","floor":15.0,"key":"SMITH"}],"circlet_count":0,"master_deck":["AscendersBane","Strike_B","Strike_B","Strike_B","Strike_B","Defend_B","Defend_B","Defend_B","Defend_B","Zap","Dualcast+1","Ball Lightning","Coolheaded+1","Defragment+1","Coolheaded","Seek","Creative AI","White Noise+1","Defragment+1"],"relics":["Cracked Core","NeowsBlessing","Omamori","Calipers","Letter Opener","Bronze Scales","Runic Dome"],"acts_visited":["Exordium","TheCity"],"potions_floor_usage":[20],"damage_taken":[{"damage":0.0,"enemies":"Small Slimes","floor":1.0,"turns":1.0},{"damage":0.0,"enemies":"Cultist","floor":4.0,"turns":1.0},{"damage":0.0,"enemies":"Gremlin Nob","floor":7.0,"turns":1.0},{"damage":2.0,"enemies":"2 Louse","floor":8.0,"turns":3.0},{"damage":7.0,"enemies":"2 Fungi Beasts","floor":10.0,"turns":3.0},{"damage":24.0,"enemies":"Exordium Wildlife","floor":11.0,"turns":5.0},{"damage":2.0,"enemies":"Lagavulin","floor":13.0,"turns":6.0},{"damage":2.0,"enemies":"3 Louse","floor":14.0,"turns":2.0},{"damage":11.0,"enemies":"Slime Boss","floor":16.0,"turns":8.0},{"damage":10.0,"enemies":"Shell Parasite","floor":18.0,"turns":5.0},{"damage":1.0,"enemies":"3 Byrds","floor":19.0,"turns":2.0},{"damage":18,"enemies":"Snecko","floor":20,"turns":4},{"damage":31,"enemies":"Shelled Parasite and Fungi","floor":21,"turns":4}],"seed_played":"-6423020036344056803","potions_obtained":[{"floor":7.0,"key":"DistilledChaos"},{"floor":8.0,"key":"CultistPotion"},{"floor":11.0,"key":"Strength Potion"},{"floor":18.0,"key":"DuplicationPotion"}],"is_trial":false,"path_per_floor":["M","?","?","M","?","R","E","M","T","M","M","R","E","M","R","B",null,"M","M","M","M"],"character_chosen":"DEFECT","items_purchased":[],"campfire_rested":0,"item_purchase_floors":[],"current_hp_per_floor":[64,53,58,58,58,58,58,56,56,49,25,25,23,21,21,10,60,50,49,31,0,0],"gold":382,"neow_bonus":"THREE_ENEMY_KILL","is_daily":false,"chose_seed":false,"campfire_upgraded":3,"win_rate":0.0,"timestamp":1608626888,"path_taken":["M","?","?","M","?","R","E","M","T","?","M","R","E","M","R","BOSS","M","?","M","?"],"items_purchased_type":[],"build_version":"2020-12-13","purchased_purges":0,"victory":false,"max_hp_per_floor":[71,71,76,76,76,76,76,76,76,76,76,76,76,76,76,76,76,76,76,76,76,76],"relic_stats":{"counters":[13,45],"Bronze Scales":[94],"Letter Opener":[76],"obtain_stats":[{"Runic Dome":17,"Calipers":7,"NeowsBlessing":0,"Bronze Scales":13,"Omamori":5,"Letter Opener":9,"Cracked Core":0},{"Runic Dome":9,"Calipers":3,"NeowsBlessing":0,"Bronze Scales":7,"Omamori":2,"Letter Opener":4,"Cracked Core":0},{"Runic Dome":30,"Calipers":3,"NeowsBlessing":0,"Bronze Scales":20,"Omamori":2,"Letter Opener":6,"Cracked Core":0}]},"card_choices":[{"not_picked":["Stack","Beam Cell"],"picked":"Ball Lightning","floor":1.0},{"not_picked":["Sunder","Gash"],"picked":"Coolheaded","floor":4.0},{"not_picked":["Streamline","All For One"],"picked":"Defragment","floor":7.0},{"not_picked":["Capacitor","Steam","Leap"],"picked":"SKIP","floor":8.0},{"not_picked":["Steam","Stack","Gash"],"picked":"SKIP","floor":10.0},{"not_picked":["Steam Power","Conserve Battery"],"picked":"Coolheaded","floor":11.0},{"not_picked":["Streamline","Glacier"],"picked":"Seek","floor":13.0},{"not_picked":["BootSequence","FTL","Gash"],"picked":"SKIP","floor":14.0},{"not_picked":["Rainbow","Meteor Strike"],"picked":"Creative AI","floor":16.0},{"not_picked":["Stack","Consume"],"picked":"White Noise+1","floor":18.0},{"not_picked":["Conserve Battery","Sweeping Beam+1"],"picked":"Defragment+1","floor":19.0},{"not_picked":["Defragment","Gash+1","Redo"],"picked":"SKIP","floor":20},{"not_picked":["Defragment","Gash+1","Redo"],"picked":"SKIP","floor":20}],"player_experience":220517,"relics_obtained":[{"floor":7.0,"key":"Calipers"},{"floor":9.0,"key":"Letter Opener"},{"floor":13.0,"key":"Bronze Scales"}],"event_choices":[{"damage_healed":0.0,"max_hp_gain":0.0,"max_hp_loss":0.0,"gold_gain":75.0,"event_name":"World of Goop","player_choice":"Gather Gold","floor":2.0,"gold_loss":0.0,"damage_taken":11.0},{"damage_healed":0.0,"max_hp_gain":5.0,"max_hp_loss":0.0,"gold_gain":0.0,"event_name":"Big Fish","player_choice":"Donut","floor":3.0,"gold_loss":0.0,"damage_taken":0.0},{"damage_healed":0.0,"max_hp_gain":0.0,"max_hp_loss":0.0,"gold_gain":0.0,"event_name":"WeMeetAgain","player_choice":"Paid Gold","floor":5.0,"gold_loss":52.0,"damage_taken":0.0,"relics_obtained":["Omamori"]}],"is_beta":false,"boss_relics":[{"not_picked":["Velvet Choker","Ectoplasm"],"picked":"Runic Dome"}],"items_purged_floors":[],"is_endless":false,"potions_floor_spawned":[7,8,11,18],"killed_by":"Shelled Parasite and Fungi","ascension_level":20}}