{"host":"3xls0xm49ftugio7","time":1608649057,"event":{"mods":["2.2 Compatiblity","AchievementEnabler","Act Like it!","BaseMod","Colored Powertips","GifTheSpireLib","Minty Spire (QoL Compilation)","Quick Restart","Relic Stats","StSLib","The Servant 0.9.4"],"gold_per_floor":[118,118,130,130,141,171,171,171,171],"floor_reached":8,"playtime":622,"items_purged":[],"score":56,"play_id":"d1cfa31a-a2cf-4c27-8ef9-32992122a8cd","local_time":"20201222165737","is_ascension_mode":false,"campfire_choices":[{"floor":7,"key":"REST"}],"circlet_count":0,"master_deck":["Strike_S","Strike_S","Strike_S","Defend_S","Defend_S","Defend_S","Defend_S","KidneyShot+1","Exchange","FanOfKnives","BottledTime","InstantArmor","Comet"],"relics":["Uniform","NeowsBlessing","Singing Bowl"],"acts_visited":["Exordium"],"potions_floor_usage":[6],"damage_taken":[{"damage":0,"enemies":"Small Slimes","floor":1,"turns":1},{"damage":0,"enemies":"Cultist","floor":3,"turns":1},{"damage":0,"enemies":"2 Louse","floor":5,"turns":1},{"damage":52,"enemies":"Lagavulin","floor":6,"turns":11},{"damage":30,"enemies":"3 Sentries","floor":8,"turns":8}],"seed_played":"7672584393562603215","potions_obtained":[{"floor":5,"key":"AttackPotion"}],"is_trial":false,"path_per_floor":["M","?","M","?","M","E","R","E"],"character_chosen":"THE_SERVANT","items_purchased":[],"campfire_rested":1,"item_purchase_floors":[],"current_hp_per_floor":[65,65,65,58,58,6,25,0,0],"gold":171,"neow_bonus":"THREE_ENEMY_KILL","is_daily":false,"chose_seed":false,"campfire_upgraded":0,"win_rate":0.0,"timestamp":1608649057,"path_taken":["M","?","?","?","M","E","R","E"],"items_purchased_type":[],"build_version":"2020-12-13","purchased_purges":0,"victory":false,"max_hp_per_floor":[65,65,65,65,65,65,65,65,65],"relic_stats":{"Singing Bowl":0,"counters":[5,22],"obtain_stats":[{"NeowsBlessing":0,"Singing Bowl":6,"Uniform":0},{"NeowsBlessing":0,"Singing Bowl":4,"Uniform":0},{"NeowsBlessing":0,"Singing Bowl":14,"Uniform":0}]},"card_choices":[{"not_picked":["Spin","Rearm"],"picked":"FanOfKnives","floor":1},{"not_picked":["Alleviate","Starlight"],"picked":"BottledTime","floor":3},{"not_picked":["Revamp","BottledTime"],"picked":"InstantArmor","floor":5},{"not_picked":["DoubleEdge","Defy"],"picked":"Comet","floor":6}],"player_experience":683673,"relics_obtained":[{"floor":6,"key":"Singing Bowl"}],"event_choices":[{"damage_healed":0,"gold_gain":0,"player_choice":"Upgraded","damage_taken":0,"max_hp_gain":0,"max_hp_loss":0,"event_name":"Upgrade Shrine","floor":2,"gold_loss":0,"cards_upgraded":["KidneyShot"]},{"cards_removed":["Strike_S"],"damage_healed":0,"gold_gain":0,"player_choice":"Card Removal","damage_taken":7,"max_hp_gain":0,"max_hp_loss":0,"event_name":"Golden Wing","floor":4,"gold_loss":0}],"is_beta":false,"boss_relics":[],"items_purged_floors":[],"is_endless":false,"potions_floor_spawned":[5],"killed_by":"3 Sentries","ascension_level":0}}