{"host":"usewcu4ohw2wtmxk","time":1608622619,"event":{"mods":["BaseMod","Minty Spire (QoL Compilation)","Permanent Neow","Quick Restart","Relic Stats","UnlockEverythingMod"],"gold_per_floor":[112,132,132,132,132,160,160,177,177,209,221,240,240,71,71,146,146,156,170,190,190,240,240,252,278,278,278,203,25,55,55,55,126,126,136,156,174,189,206,234,251,251,251,251,251,276,310,310,310,310,310,310],"floor_reached":51,"playtime":1582,"items_purged":["Zap","Reinforced Body"],"score":1710,"play_id":"0d9d5edf-3620-43d6-9cee-870504c825ce","local_time":"20201222153659","is_ascension_mode":true,"campfire_choices":[{"data":"Streamline","floor":7.0,"key":"SMITH"},{"data":"Turbo","floor":13.0,"key":"SMITH"},{"data":"Dualcast","floor":15.0,"key":"SMITH"},{"data":"Coolheaded","floor":23.0,"key":"SMITH"},{"data":"Coolheaded","floor":27.0,"key":"SMITH"},{"data":"Heatsinks","floor":32.0,"key":"SMITH"},{"data":"Defragment","floor":42.0,"key":"SMITH"},{"data":"Skim","floor":44.0,"key":"SMITH"},{"floor":49.0,"key":"RECALL"}],"circlet_count":0,"master_deck":["AscendersBane","Dualcast+1","Cold Snap","Streamline+1","Ball Lightning","Turbo+1","Core Surge","Sunder","Echo Form","Storm","Self Repair","Meteor Strike","Coolheaded+1","Glacier","Loop","Coolheaded+1","Skim+1","Creative AI","Heatsinks+1","Electrodynamics","White Noise+1","Hologram+1","Echo Form","Defragment+1","Deep Breath","Madness","Storm+1"],"relics":["Cracked Core","NeowsBlessing","Question Card","PreservedInsect","Mummified Hand","Medical Kit","Pandora\u0027s Box","Art of War","Symbiotic Virus","Gremlin Horn","Runic Pyramid","Darkstone Periapt","CaptainsWheel","Girya","Nunchaku"],"acts_visited":["Exordium","TheCity","TheBeyond"],"potions_floor_usage":[],"damage_taken":[{"damage":0.0,"enemies":"Jaw Worm","floor":1.0,"turns":1.0},{"damage":0.0,"enemies":"2 Louse","floor":2.0,"turns":1.0},{"damage":0.0,"enemies":"Lagavulin","floor":6.0,"turns":1.0},{"damage":2.0,"enemies":"Small Slimes","floor":8.0,"turns":3.0},{"damage":2.0,"enemies":"Gremlin Nob","floor":10.0,"turns":3.0},{"damage":4.0,"enemies":"Looter","floor":11.0,"turns":2.0},{"damage":9.0,"enemies":"Exordium Wildlife","floor":12.0,"turns":3.0},{"damage":38.0,"enemies":"Hexaghost","floor":16.0,"turns":13.0},{"damage":17.0,"enemies":"Shell Parasite","floor":18.0,"turns":3.0},{"damage":2.0,"enemies":"Chosen","floor":19.0,"turns":3.0},{"damage":13.0,"enemies":"3 Cultists","floor":20.0,"turns":4.0},{"damage":37.0,"enemies":"Centurion and Healer","floor":24.0,"turns":6.0},{"damage":0.0,"enemies":"Gremlin Leader","floor":25.0,"turns":4.0},{"damage":4.0,"enemies":"Book of Stabbing","floor":30.0,"turns":2.0},{"damage":0.0,"enemies":"Collector","floor":33.0,"turns":3.0},{"damage":27.0,"enemies":"Orb Walker","floor":35.0,"turns":3.0},{"damage":0.0,"enemies":"3 Shapes","floor":36.0,"turns":1.0},{"damage":30.0,"enemies":"Jaw Worm Horde","floor":37.0,"turns":2.0},{"damage":0.0,"enemies":"Maw","floor":38.0,"turns":5.0},{"damage":0.0,"enemies":"Transient","floor":39.0,"turns":6.0},{"damage":0.0,"enemies":"Reptomancer","floor":40.0,"turns":2.0},{"damage":19.0,"enemies":"4 Shapes","floor":41.0,"turns":3.0},{"damage":0.0,"enemies":"Mind Bloom Boss Battle","floor":46.0,"turns":3.0},{"damage":13.0,"enemies":"Giant Head","floor":47.0,"turns":3.0},{"damage":17.0,"enemies":"Donu and Deca","floor":50.0,"turns":3.0},{"damage":25,"enemies":"Time Eater","floor":51,"turns":2}],"seed_played":"3124591449008624966","potions_obtained":[{"floor":6.0,"key":"Block Potion"},{"floor":10.0,"key":"GamblersBrew"},{"floor":19.0,"key":"Regen Potion"},{"floor":25.0,"key":"Swift Potion"},{"floor":33.0,"key":"EntropicBrew"},{"floor":35.0,"key":"GamblersBrew"},{"floor":46.0,"key":"BlessingOfTheForge"}],"is_trial":false,"path_per_floor":["M","M","?","?","?","E","R","M","T","E","M","M","R","$","R","B",null,"M","M","M","?","?","R","M","E","T","R","$","$","E","$","R","B",null,"M","M","M","M","M","E","M","R","T","R","?","?","E","?","R","B","B"],"character_chosen":"DEFECT","items_purchased":["Medical Kit","Heatsinks"],"campfire_rested":0,"item_purchase_floors":[14,29],"current_hp_per_floor":[64,64,64,59,59,59,59,57,57,55,51,42,42,42,42,4,54,44,42,55,55,55,55,25,32,32,32,32,32,35,35,35,42,64,44,51,21,28,42,49,30,30,30,30,25,32,26,26,26,23,0,0],"gold":310,"neow_bonus":"THREE_ENEMY_KILL","is_daily":false,"chose_seed":false,"campfire_upgraded":8,"win_rate":0.0,"timestamp":1608622619,"path_taken":["M","M","?","?","?","E","R","M","T","E","M","M","R","$","R","BOSS","M","M","M","?","?","R","M","E","T","R","?","$","E","$","R","BOSS","M","?","M","M","M","E","M","R","T","R","?","?","E","?","R","BOSS","BOSS"],"items_purchased_type":["Relic","Card"],"build_version":"2020-12-13","purchased_purges":2,"victory":false,"max_hp_per_floor":[71,71,71,71,71,71,71,71,71,71,71,71,71,71,71,71,71,71,71,71,71,71,71,71,71,71,71,71,71,71,71,71,71,71,71,71,71,71,71,71,71,71,71,71,71,71,71,71,71,71,71,71],"relic_stats":{"Darkstone Periapt":0,"Nunchaku":[0],"Gremlin Horn":[12,13],"counters":[26,84],"Mummified Hand":[284],"Pandora\u0027s Box":["Sunder","Echo Form","Storm","Self Repair","Meteor Strike","Coolheaded","Capacitor"],"PreservedInsect":304,"Art of War":[5],"Question Card":24,"Medical Kit":[10],"obtain_stats":[{"Darkstone Periapt":40,"Girya":46,"NeowsBlessing":0,"Gremlin Horn":30,"PreservedInsect":6,"Question Card":4,"Medical Kit":14,"CaptainsWheel":43,"Nunchaku":47,"Mummified Hand":10,"Pandora\u0027s Box":17,"Art of War":25,"Cracked Core":0,"Symbiotic Virus":26,"Runic Pyramid":34},{"Darkstone Periapt":21,"Girya":23,"NeowsBlessing":0,"Gremlin Horn":14,"PreservedInsect":3,"Question Card":2,"Medical Kit":7,"CaptainsWheel":22,"Nunchaku":24,"Mummified Hand":5,"Pandora\u0027s Box":8,"Art of War":13,"Cracked Core":0,"Symbiotic Virus":13,"Runic Pyramid":15},{"Darkstone Periapt":70,"Girya":76,"NeowsBlessing":0,"Gremlin Horn":48,"PreservedInsect":3,"Question Card":2,"Medical Kit":14,"CaptainsWheel":73,"Nunchaku":79,"Mummified Hand":9,"Pandora\u0027s Box":27,"Art of War":46,"Cracked Core":0,"Symbiotic Virus":46,"Runic Pyramid":51}]},"card_choices":[{"not_picked":["Sweeping Beam","Static Discharge"],"picked":"Cold Snap","floor":1.0},{"not_picked":["Rebound","Chaos","Stack"],"picked":"SKIP","floor":2.0},{"not_picked":["Turbo","Coolheaded","Thunder Strike"],"picked":"Streamline","floor":6.0},{"not_picked":["Barrage","Rebound","Double Energy"],"picked":"Ball Lightning","floor":8.0},{"not_picked":["Go for the Eyes","Scrape","Steam"],"picked":"Turbo","floor":10.0},{"not_picked":["Stack","Fusion","Sunder"],"picked":"Hello World","floor":11.0},{"not_picked":["Beam Cell","BootSequence","Barrage","Double Energy"],"picked":"SKIP","floor":12.0},{"not_picked":["Thunder Strike","Hyperbeam","Rainbow"],"picked":"Core Surge","floor":16.0},{"not_picked":["Streamline","Ball Lightning","Beam Cell+1"],"picked":"Glacier","floor":18.0},{"not_picked":["Sweeping Beam","Coolheaded","Steam"],"picked":"Loop","floor":19.0},{"not_picked":["Ball Lightning","Gash","Conserve Battery+1","Sweeping Beam"],"picked":"SKIP","floor":20.0},{"not_picked":["Chill","Barrage","Gash+1"],"picked":"Skim","floor":24.0},{"not_picked":["Aggregate","Compile Driver+1","Chill+1"],"picked":"Creative AI","floor":25.0},{"not_picked":["Skim","Beam Cell","Gash","Ball Lightning+1"],"picked":"SKIP","floor":30.0},{"not_picked":["Rainbow","Echo Form","Creative AI"],"picked":"Electrodynamics","floor":33.0},{"not_picked":["Coolheaded","Ball Lightning","Steam","Redo"],"picked":"SKIP","floor":35.0},{"not_picked":["Steam","Streamline+1","Beam Cell"],"picked":"White Noise+1","floor":36.0},{"not_picked":["Fusion","Steam Power","Skim"],"picked":"Hologram+1","floor":37.0},{"not_picked":["Scrape","Redo+1","Rebound+1"],"picked":"Echo Form","floor":38.0},{"not_picked":["Stack+1","Aggregate","Hologram","Barrage"],"picked":"SKIP","floor":39.0},{"not_picked":["Stack+1","Aggregate","Hologram","Barrage"],"picked":"SKIP","floor":39.0},{"not_picked":["Ball Lightning","Chaos","Electrodynamics","Genetic Algorithm"],"picked":"SKIP","floor":40.0},{"not_picked":["Melter","Hologram+1","Turbo"],"picked":"Defragment","floor":41.0},{"not_picked":["Magnetism","HandOfGreed","Mind Blast"],"picked":"Deep Breath","floor":45.0},{"not_picked":["Good Instincts","Blind","Bandage Up"],"picked":"Madness","floor":45.0},{"not_picked":["Barrage","Steam Power+1","Force Field"],"picked":"Storm+1","floor":46.0},{"not_picked":["Darkness","Auto Shields","Steam","Conserve Battery"],"picked":"SKIP","floor":47.0}],"player_experience":216935,"relics_obtained":[{"floor":6.0,"key":"PreservedInsect"},{"floor":10.0,"key":"Mummified Hand"},{"floor":25.0,"key":"Art of War"},{"floor":26.0,"key":"Symbiotic Virus"},{"floor":30.0,"key":"Gremlin Horn"},{"floor":40.0,"key":"Darkstone Periapt"},{"floor":43.0,"key":"CaptainsWheel"},{"floor":46.0,"key":"Girya"},{"floor":47.0,"key":"Nunchaku"}],"event_choices":[{"damage_healed":0.0,"max_hp_gain":0.0,"max_hp_loss":0.0,"gold_gain":0.0,"event_name":"Liars Game","player_choice":"Ignored","floor":3.0,"gold_loss":0.0,"damage_taken":0.0},{"damage_healed":0.0,"max_hp_gain":0.0,"max_hp_loss":0.0,"gold_gain":0.0,"event_name":"Scrap Ooze","player_choice":"Success","floor":4.0,"gold_loss":0.0,"damage_taken":5.0,"relics_obtained":["Question Card"]},{"cards_removed":["Strike_B"],"damage_healed":0.0,"max_hp_gain":0.0,"max_hp_loss":0.0,"gold_gain":0.0,"event_name":"Living Wall","player_choice":"Forget","floor":5.0,"gold_loss":0.0,"damage_taken":0.0},{"damage_healed":0.0,"max_hp_gain":0.0,"max_hp_loss":0.0,"gold_gain":0.0,"cards_transformed":["Capacitor","Hello World"],"event_name":"Drug Dealer","player_choice":"Became Test Subject","floor":21.0,"gold_loss":0.0,"damage_taken":0.0,"cards_obtained":["Reinforced Body","Coolheaded"]},{"damage_healed":0.0,"max_hp_gain":0.0,"max_hp_loss":0.0,"gold_gain":50.0,"event_name":"Nest","player_choice":"Stole From Cult","floor":22.0,"gold_loss":0.0,"damage_taken":0.0},{"damage_healed":0.0,"max_hp_gain":0.0,"max_hp_loss":0.0,"gold_gain":0.0,"event_name":"SensoryStone","player_choice":"Memory 2","floor":45.0,"gold_loss":0.0,"damage_taken":5.0},{"damage_healed":0.0,"max_hp_gain":0.0,"max_hp_loss":0.0,"gold_gain":0.0,"event_name":"MindBloom","player_choice":"Fight","floor":46.0,"gold_loss":0.0,"damage_taken":0.0},{"damage_healed":0.0,"max_hp_gain":0.0,"max_hp_loss":0.0,"gold_gain":0.0,"event_name":"Tomb of Lord Red Mask","player_choice":"Ignored","floor":48.0,"gold_loss":0.0,"damage_taken":0.0}],"is_beta":false,"boss_relics":[{"not_picked":["Sozu","Runic Dome"],"picked":"Pandora\u0027s Box"},{"not_picked":["FrozenCore","Velvet Choker"],"picked":"Runic Pyramid"}],"items_purged_floors":[28,29],"is_endless":false,"potions_floor_spawned":[6,10,12,19,25,33,35,37,39,46],"killed_by":"Time Eater","ascension_level":20}}