{"host":"cjhtzh7tp54jdfyv","time":1608679696,"event":{"mods":["AchievementEnabler","BaseMod","Colored Map","Colored Powertips","Downfall","Minty Spire (QoL Compilation)","RNG Fix","Relic Stats","StSLib","ojb\u0027s Better Paths Mod","ojb\u0027s Info Mod"],"gold_per_floor":[99,116,126,141,159,184,208,225,400,88,88,112,112,132,151,254,254,254,270,11,11,11,36,36,36,36,36],"floor_reached":25,"playtime":2216,"items_purged":["Doubt","Slimebound:Strike_Slimebound"],"score":265,"play_id":"0aafd0cc-bfb3-4b7a-bf32-80be1a6e9158","local_time":"20201222182816","is_ascension_mode":true,"campfire_choices":[{"data":"Slimebound:Split","floor":1.0,"key":"SMITH"},{"data":"Slimebound:SpikyOuterGoop","floor":11,"key":"SMITH"},{"data":"Slimebound:AcidTongue","floor":13,"key":"SMITH"},{"data":"Slimebound:SelfFormingGoo","floor":18,"key":"SMITH"}],"circlet_count":0,"master_deck":["Slimebound:Strike_Slimebound","Slimebound:Strike_Slimebound","Slimebound:Tackle","Slimebound:Defend_Slimebound","Slimebound:Defend_Slimebound","Slimebound:Defend_Slimebound","Slimebound:Defend_Slimebound","Slimebound:Split+1","Slimebound:CorrosiveSpit","Slimebound:SlimeTap","Slimebound:FormOfPuddle","Slimebound:LeadByExample","Slimebound:LeechLife","Slimebound:Grow","Slimebound:Chomp","Slimebound:SpikyOuterGoop+1","Slimebound:AcidTongue+1","Slimebound:SplitMire","Slimebound:SelfFormingGoo+1","Slimebound:DuplicatedForm","Slimebound:LeadByExample","Slimebound:DuplicatedForm","Slimebound:Prepare+1","Slimebound:Recycling","Slimebound:Schlurp+1","Slimebound:Equalize","Slimebound:ViciousTackle"],"relics":["Slimebound:AbsorbEndCombat","Boot","PreservedInsect","Centennial Puzzle","Anchor","Odd Mushroom","Snecko Eye","Orrery","Blood Vial","Singing Bowl"],"acts_visited":["Exordium","TheCity"],"potions_floor_usage":[6,12,25],"damage_taken":[{"damage":8.0,"enemies":"Small Slimes","floor":2.0,"turns":4.0},{"damage":10.0,"enemies":"Jaw Worm","floor":3.0,"turns":3.0},{"damage":8.0,"enemies":"2 Louse","floor":4.0,"turns":2.0},{"damage":34,"enemies":"Gremlin Gang","floor":5,"turns":6},{"damage":12,"enemies":"Gremlin Nob","floor":6,"turns":3},{"damage":29,"enemies":"Large Slime","floor":8,"turns":5},{"damage":18,"enemies":"downfall:FleeingMerchant","floor":10,"turns":4},{"damage":16,"enemies":"The Mushroom Lair","floor":12,"turns":3},{"damage":3,"enemies":"Blue Slaver","floor":14,"turns":5},{"damage":8,"enemies":"3 Louse","floor":15,"turns":2},{"damage":36,"enemies":"downfall:Watcher","floor":16,"turns":8},{"damage":22,"enemies":"Chosen","floor":19,"turns":5},{"damage":27,"enemies":"downfall:FleeingMerchant","floor":20,"turns":4},{"damage":37,"enemies":"Book of Stabbing","floor":23,"turns":6},{"damage":42,"enemies":"3 Byrds","floor":25,"turns":2}],"seed_played":"4888087253063403976","potions_obtained":[{"floor":2.0,"key":"champ:CounterPotion"},{"floor":3.0,"key":"champ:CounterPotion"},{"floor":12,"key":"BlessingOfTheForge"},{"floor":15,"key":"EssenceOfSteel"},{"floor":23,"key":"DuplicationPotion"}],"is_trial":false,"path_per_floor":["R","M","M","M","M","E","T","M","?","$","R","?","R","M","M","B",null,"R","M","$","?","?","E","T","M"],"character_chosen":"SLIMEBOUND","items_purchased":["Slimebound:SpikyOuterGoop","Anchor","Orrery"],"campfire_rested":0,"item_purchase_floors":[10,10,20],"current_hp_per_floor":[60,60,60,60,36,44,44,33,33,35,35,35,35,57,60,55,60,60,52,57,57,57,39,39,0,0,0],"gold":36,"neow_bonus":"RANDOM_COMMON_RELIC","is_daily":false,"chose_seed":false,"campfire_upgraded":4,"win_rate":0.0,"timestamp":1608679696,"path_taken":["R","M","M","M","M","E","T","?","?","$","R","?","R","M","M","BOSS","R","M","$","?","?","E","T","M"],"items_purchased_type":["Card","Relic","Relic"],"build_version":"2020-12-13","purchased_purges":2,"victory":false,"max_hp_per_floor":[60,60,60,60,60,60,60,60,60,60,60,60,60,60,60,60,60,60,60,60,60,60,60,60,60,60,60],"relic_stats":{"Blood Vial":2,"Centennial Puzzle":[30],"Singing Bowl":0,"counters":[15,59],"Snecko Eye":[25,40,36,35],"PreservedInsect":141,"Boot":[4],"obtain_stats":[{"Blood Vial":23,"Centennial Puzzle":7,"Anchor":10,"Singing Bowl":24,"Snecko Eye":17,"Orrery":20,"PreservedInsect":6,"Slimebound:AbsorbEndCombat":0,"Odd Mushroom":12,"Boot":0},{"Blood Vial":14,"Centennial Puzzle":5,"Anchor":7,"Singing Bowl":14,"Snecko Eye":11,"Orrery":13,"PreservedInsect":5,"Slimebound:AbsorbEndCombat":0,"Odd Mushroom":8,"Boot":0},{"Blood Vial":57,"Centennial Puzzle":16,"Anchor":24,"Singing Bowl":57,"Snecko Eye":42,"Orrery":51,"PreservedInsect":16,"Slimebound:AbsorbEndCombat":0,"Odd Mushroom":27,"Boot":0}]},"card_choices":[{"not_picked":["Slimebound:FirmFortitude","Slimebound:SlimeSpikes"],"picked":"Slimebound:SlimeTap","floor":2.0},{"not_picked":["Slimebound:Schlurp","Slimebound:LeechEnergy"],"picked":"Slimebound:FormOfPuddle","floor":3.0},{"not_picked":["Slimebound:RollThrough","Slimebound:SamplingLick"],"picked":"Slimebound:LeadByExample","floor":4.0},{"not_picked":["Slimebound:MegaLick","Slimebound:SamplingLick"],"picked":"Slimebound:LeechLife","floor":5},{"not_picked":["Slimebound:SplitLeeching","Slimebound:GrowthPunch"],"picked":"Slimebound:Grow","floor":6},{"not_picked":["Slimebound:FinishingTackle","Slimebound:ViciousTackle","Slimebound:SamplingLick"],"picked":"SKIP","floor":8},{"not_picked":["Slimebound:SlimeBarrage","Slimebound:MassRepurpose"],"picked":"Slimebound:Chomp","floor":10},{"not_picked":["Slimebound:Recollect","Slimebound:Schlurp"],"picked":"Slimebound:AcidTongue","floor":12},{"not_picked":["Slimebound:ServeAndProtect","Slimebound:RollThrough"],"picked":"Slimebound:SplitMire","floor":14},{"not_picked":["Slimebound:SplitBruiser","Slimebound:SlimeSpikes"],"picked":"Slimebound:MegaLick","floor":15},{"not_picked":["Slimebound:SlimeSlap","Slimebound:OozeBath"],"picked":"Slimebound:SelfFormingGoo","floor":16},{"not_picked":["Slimebound:ComboTackle","Slimebound:ServeAndProtect+1","Slimebound:SamplingLick+1"],"picked":"SKIP","floor":19},{"not_picked":["Slimebound:SplitMire+1","Slimebound:SplitLeeching"],"picked":"Slimebound:DuplicatedForm","floor":20},{"not_picked":["Slimebound:SplitMire","Slimebound:GoopTackle"],"picked":"Slimebound:LeadByExample","floor":20},{"not_picked":["Slimebound:Schlurp","Slimebound:GoopSpray"],"picked":"Slimebound:DuplicatedForm","floor":20},{"not_picked":["Slimebound:Chomp","Slimebound:ComboTackle"],"picked":"Slimebound:Prepare+1","floor":20},{"not_picked":["Slimebound:ForwardTackle+1","Slimebound:SplitLeeching"],"picked":"Slimebound:Recycling","floor":20},{"not_picked":["Slimebound:SamplingLick","Slimebound:PressTheAttack+1"],"picked":"Slimebound:Schlurp+1","floor":20},{"not_picked":["Slimebound:SlimeBarrage","Slimebound:DivideAndConquer","Slimebound:RallyTheTroops"],"picked":"SKIP","floor":23}],"player_experience":4411091,"relics_obtained":[{"floor":6,"key":"PreservedInsect"},{"floor":7,"key":"Centennial Puzzle"},{"floor":12,"key":"Odd Mushroom"},{"floor":23,"key":"Blood Vial"},{"floor":24,"key":"Singing Bowl"}],"event_choices":[{"damage_healed":0,"gold_gain":0,"player_choice":"Fought Mushrooms","damage_taken":0,"max_hp_gain":0,"max_hp_loss":0,"event_name":"Mushrooms","floor":12,"gold_loss":0},{"damage_healed":0,"gold_gain":0,"cards_transformed":["Slimebound:MegaLick"],"player_choice":"Transformed","damage_taken":0,"max_hp_gain":0,"max_hp_loss":0,"event_name":"Transmorgrifier","floor":21,"gold_loss":0,"cards_obtained":["Slimebound:Equalize"]},{"damage_healed":0,"gold_gain":0,"player_choice":"Read","damage_taken":0,"max_hp_gain":0,"max_hp_loss":0,"event_name":"The Library","floor":22,"gold_loss":0,"cards_obtained":["Slimebound:ViciousTackle"]}],"is_beta":false,"boss_relics":[{"not_picked":["Tiny House","Ectoplasm"],"picked":"Snecko Eye"}],"items_purged_floors":[10,20],"is_endless":false,"potions_floor_spawned":[2,3,12,15,23],"killed_by":"3 Byrds","ascension_level":4}}