{"host":"2brg86hfzr3u5cix","time":1608605220,"event":{"mods":["AchievementEnabler","Ascension Unlocker","BaseMod","CapriCore","DeckTracker","Highlight Path","Keyboard Shortcuts","Minty Spire (QoL Compilation)","Permanent Neow","Relic Stats","StSLib","Twitch Utils","Uncapped","UnlockEverythingMod"],"gold_per_floor":[111,127,127,147,147,147,147,147],"floor_reached":7,"playtime":131,"items_purged":[],"score":82,"play_id":"1f4d41d5-3edf-45e2-9e08-cf2db464d438","local_time":"20201222114700","is_ascension_mode":true,"campfire_choices":[{"data":"Dualcast","floor":6,"key":"SMITH"}],"circlet_count":0,"master_deck":["AscendersBane","Strike_B","Strike_B","Strike_B","Defend_B","Defend_B","Defend_B","Defend_B","Zap","Dualcast+1","Redo","Coolheaded","Reboot","Redo"],"relics":["Cracked Core","NeowsBlessing"],"acts_visited":["Exordium"],"potions_floor_usage":[7],"damage_taken":[{"damage":0,"enemies":"Cultist","floor":1,"turns":1},{"damage":0,"enemies":"2 Louse","floor":2,"turns":1},{"damage":0,"enemies":"Jaw Worm","floor":4,"turns":1},{"damage":63,"enemies":"Gremlin Nob","floor":7,"turns":4}],"seed_played":"4196522055758513292","potions_obtained":[{"floor":3,"key":"Weak Potion"},{"floor":3,"key":"BlessingOfTheForge"}],"is_trial":false,"path_per_floor":["M","M","?","M","?","R","E"],"character_chosen":"DEFECT","items_purchased":[],"campfire_rested":0,"item_purchase_floors":[],"current_hp_per_floor":[64,64,64,64,64,64,1,1],"gold":147,"neow_bonus":"THREE_ENEMY_KILL","is_daily":false,"chose_seed":false,"campfire_upgraded":1,"win_rate":0.0,"timestamp":1608605220,"path_taken":["M","?","?","?","?","R","E"],"items_purchased_type":[],"build_version":"2020-12-13","purchased_purges":0,"victory":false,"max_hp_per_floor":[71,71,71,71,71,71,71,71],"relic_stats":{"counters":[4,7],"obtain_stats":[{"NeowsBlessing":0,"Cracked Core":0},{"NeowsBlessing":0,"Cracked Core":0},{"NeowsBlessing":0,"Cracked Core":0}]},"card_choices":[{"not_picked":["Sweeping Beam","Hologram"],"picked":"Redo","floor":1},{"not_picked":["Static Discharge","Steam"],"picked":"Coolheaded","floor":2},{"not_picked":["Streamline","Gash"],"picked":"Reboot","floor":4}],"player_experience":303881,"relics_obtained":[],"event_choices":[{"damage_healed":0,"gold_gain":0,"player_choice":"Got Potions","damage_taken":0,"max_hp_gain":0,"max_hp_loss":0,"event_name":"Lab","floor":3,"gold_loss":0},{"damage_healed":0,"gold_gain":0,"cards_transformed":["Strike_B"],"player_choice":"Transformed","damage_taken":0,"max_hp_gain":0,"max_hp_loss":0,"event_name":"Transmorgrifier","floor":5,"gold_loss":0,"cards_obtained":["Redo"]}],"is_beta":false,"boss_relics":[],"items_purged_floors":[],"is_endless":false,"potions_floor_spawned":[4],"killed_by":"Gremlin Nob","ascension_level":20}}