{"host":"wg90wxjcgijlyqla","time":1608665581,"event":{"mods":["AchievementEnabler","BaseMod","Better Third Choice","BetterRewards","Colored Map","Colored Powertips","Mimic Mod","Minty Spire (QoL Compilation)","Robot Space Explorer","StSLib","The Blue Laboratory"],"gold_per_floor":[116,0,0,16,0,26,26,42,91,91,91,111,111,131,131,231,231,245,245,13,28,48,77,77,77,102,102,102],"floor_reached":27,"playtime":2266,"items_purged":[],"score":256,"play_id":"63accfce-1909-4714-9d4c-2284c6daeb16","local_time":"20201222203301","is_ascension_mode":false,"campfire_choices":[{"floor":7,"key":"REST"},{"floor":11,"key":"REST"},{"floor":13,"key":"REST"},{"floor":15,"key":"RECALL"},{"floor":24,"key":"REST"}],"circlet_count":0,"master_deck":["RobotSpaceExplorer:Defend","RobotSpaceExplorer:Defend","RobotSpaceExplorer:Defend","RobotSpaceExplorer:Defend","RobotSpaceExplorer:Scan","RobotSpaceExplorer:MiniLasers","RobotSpaceExplorer:Comet","RobotSpaceExplorer:MetalStrike","RobotSpaceExplorer:Reload","RobotSpaceExplorer:ToxicBomb","RobotSpaceExplorer:MiniDrones","Enlightenment","RobotSpaceExplorer:Discharger","RobotSpaceExplorer:ShockKick","RobotSpaceExplorer:StunGrenade","RobotSpaceExplorer:Probe","RobotSpaceExplorer:TrailblazerForm","RobotSpaceExplorer:MakeshiftVolley+1","RobotSpaceExplorer:MiniBoosters+1","RobotSpaceExplorer:Electropulse+1","RobotSpaceExplorer:ImprovisedAttack","Bite","Bite","Bite","Bite","Bite","RobotSpaceExplorer:LuckyStrike","RobotSpaceExplorer:Arsenal","RobotSpaceExplorer:PowerCollector","RobotSpaceExplorer:Probe"],"relics":["RobotSpaceExplorer:RoboCore","betterThird:SlimedRelic","Vajra","Art of War","Bag of Preparation","Astrolabe","Bronze Scales","Regal Pillow","Du-Vu Doll"],"acts_visited":["Exordium","TheCity"],"potions_floor_usage":[6,16,27,27],"damage_taken":[{"damage":0,"enemies":"2 Louse","floor":1,"turns":2},{"damage":5,"enemies":"Small Slimes","floor":4,"turns":3},{"damage":19,"enemies":"3 Sentries","floor":6,"turns":6},{"damage":5,"enemies":"Jaw Worm","floor":8,"turns":2},{"damage":5,"enemies":"2 Fungi Beasts","floor":12,"turns":3},{"damage":1,"enemies":"3 Louse","floor":14,"turns":2},{"damage":46,"enemies":"Hexaghost","floor":16,"turns":14},{"damage":2,"enemies":"Spheric Guardian","floor":18,"turns":4},{"damage":12,"enemies":"2 Thieves","floor":21,"turns":3},{"damage":22,"enemies":"Snecko","floor":22,"turns":5},{"damage":31,"enemies":"Book of Stabbing","floor":23,"turns":5},{"damage":44,"enemies":"Slavers","floor":27,"turns":3}],"seed_played":"3264928292438724384","potions_obtained":[{"floor":1,"key":"PowerPotion"},{"floor":8,"key":"blueLaboratory:HummingbirdPotion"},{"floor":14,"key":"Dexterity Potion"},{"floor":16,"key":"FearPotion"},{"floor":23,"key":"blueLaboratory:RememoryPotion"}],"is_trial":false,"path_per_floor":["M","$","?","M","?","E","R","M","T","?","R","M","R","M","R","B",null,"M","?","$","M","M","E","R","?","T","E"],"character_chosen":"RobotSpaceExplorer","items_purchased":["RobotSpaceExplorer:Reload","RobotSpaceExplorer:ToxicBomb","RobotSpaceExplorer:LuckyStrike","Bronze Scales"],"campfire_rested":4,"item_purchase_floors":[2,2,20,20],"current_hp_per_floor":[54,54,43,38,44,25,49,44,44,19,43,38,62,61,61,15,81,79,56,56,44,28,5,36,36,36,0,0],"gold":102,"neow_bonus":"THREE_RARE_CARDS","is_daily":false,"chose_seed":false,"campfire_upgraded":0,"win_rate":0.0,"timestamp":1608665581,"path_taken":["M","$","?","M","?","E","R","?","T","?","R","M","R","M","R","BOSS","M","?","$","M","M","E","R","?","T","E"],"items_purchased_type":["Card","Card","Card","Relic"],"build_version":"2020-12-13","purchased_purges":0,"victory":false,"max_hp_per_floor":[75,75,75,75,81,81,81,81,81,81,81,81,81,81,81,81,81,81,56,56,56,56,56,56,56,56,56,56],"card_choices":[{"not_picked":["RobotSpaceExplorer:HighVoltage","RobotSpaceExplorer:BlastShield"],"picked":"RobotSpaceExplorer:Comet","floor":0},{"not_picked":["RobotSpaceExplorer:Counterblock","RobotSpaceExplorer:Ammunition"],"picked":"RobotSpaceExplorer:MetalStrike","floor":1},{"not_picked":["RobotSpaceExplorer:FranticSearch","RobotSpaceExplorer:ToxicBomb"],"picked":"RobotSpaceExplorer:MiniDrones","floor":4},{"not_picked":["RobotSpaceExplorer:Jetpack","RobotSpaceExplorer:JunkDive"],"picked":"RobotSpaceExplorer:Discharger","floor":6},{"not_picked":["RobotSpaceExplorer:GlueShot","RobotSpaceExplorer:ShovelStrike"],"picked":"RobotSpaceExplorer:ShockKick","floor":8},{"not_picked":["RobotSpaceExplorer:PowerGlove","RobotSpaceExplorer:GlueShot"],"picked":"RobotSpaceExplorer:StunGrenade","floor":12},{"not_picked":["RobotSpaceExplorer:Blitz","RobotSpaceExplorer:ShovelStrike"],"picked":"RobotSpaceExplorer:Probe","floor":14},{"not_picked":["RobotSpaceExplorer:Exploration","RobotSpaceExplorer:ChargingLaser"],"picked":"RobotSpaceExplorer:TrailblazerForm","floor":16},{"not_picked":["RobotSpaceExplorer:GlueShot","RobotSpaceExplorer:Counterblock"],"picked":"RobotSpaceExplorer:ImprovisedAttack","floor":18},{"not_picked":["RobotSpaceExplorer:SurgingStrike","RobotSpaceExplorer:SlimeMissile"],"picked":"RobotSpaceExplorer:Arsenal","floor":21},{"not_picked":["RobotSpaceExplorer:JunkDive+1","RobotSpaceExplorer:FreezingShield"],"picked":"RobotSpaceExplorer:PowerCollector","floor":22},{"not_picked":["RobotSpaceExplorer:BigMissile+1","RobotSpaceExplorer:ImprovisedAttack"],"picked":"RobotSpaceExplorer:Probe","floor":23}],"player_experience":83282,"relics_obtained":[{"floor":6,"key":"Vajra"},{"floor":9,"key":"Art of War"},{"floor":23,"key":"Regal Pillow"}],"event_choices":[{"damage_healed":0,"gold_gain":0,"player_choice":"Slimed","damage_taken":11,"max_hp_gain":0,"max_hp_loss":0,"event_name":"betterThird:BetterGoop","floor":3,"gold_loss":0},{"damage_healed":0,"gold_gain":0,"player_choice":"RENOUNCE","damage_taken":16,"max_hp_gain":0,"max_hp_loss":0,"event_name":"betterThird:BetterSerpent","floor":5,"gold_loss":16,"cards_obtained":["Enlightenment"]},{"damage_healed":0,"gold_gain":0,"player_choice":"Relic ","damage_taken":25,"max_hp_gain":0,"max_hp_loss":0,"event_name":"betterThird:BetterScrap","floor":10,"gold_loss":0,"cards_obtained":["Auto Shields"]},{"damage_healed":0,"gold_gain":0,"player_choice":"Became a vampire","damage_taken":0,"max_hp_gain":0,"max_hp_loss":25,"event_name":"Vampires","floor":19,"gold_loss":0,"cards_obtained":["Bite","Bite","Bite","Bite","Bite"]},{"damage_healed":0,"gold_gain":0,"player_choice":"Opened","damage_taken":0,"relics_obtained":["Du-Vu Doll"],"max_hp_gain":0,"max_hp_loss":0,"event_name":"The Mausoleum","floor":25,"gold_loss":0}],"is_beta":false,"boss_relics":[{"not_picked":["Coffee Dripper","Pandora\u0027s Box"],"picked":"Astrolabe"}],"items_purged_floors":[],"is_endless":false,"potions_floor_spawned":[1,8,14,16,23],"killed_by":"Slavers","ascension_level":0}}