{"host":"3xls0xm49ftugio7","time":1608655045,"event":{"mods":["2.2 Compatiblity","AchievementEnabler","Act Like it!","BaseMod","Colored Powertips","GifTheSpireLib","Minty Spire (QoL Compilation)","Quick Restart","Relic Stats","StSLib","The Servant 0.9.4"],"gold_per_floor":[114,114,36,56,69,69,103,115,115,115,126,143,171,186,186,287,287,302,121,135,65,65,65,95,95,95,110,110,143,161,171,171,276,276,294,394,444,494,544,544,573,573,600,610,623,653,665,715,715,715,715,715,135,163,163],"floor_reached":56,"playtime":5948,"items_purged":["Strike_S","Strike_S"],"score":1482,"play_id":"41a1933f-f6fc-4f14-9c33-d055b7f21e87","local_time":"20201222183725","is_ascension_mode":false,"campfire_choices":[{"data":"Defy","floor":6,"key":"SMITH"},{"data":"Spin","floor":10,"key":"SMITH"},{"data":"SoulSculpture","floor":15,"key":"SMITH"},{"data":"Comet","floor":23,"key":"SMITH"},{"data":"SilverBlades","floor":25,"key":"SMITH"},{"data":"DualDimension","floor":32,"key":"SMITH"},{"floor":40,"key":"RECALL"},{"floor":42,"key":"REST"},{"floor":49,"key":"REST"},{"floor":52,"key":"REST"}],"circlet_count":0,"master_deck":["Strike_S","Strike_S","Defend_S","Defend_S","Defend_S","Defend_S","KidneyShot+1","Exchange","Defy+1","Luminosity","Hightail","Moonlight","Spin+1","LightFlow","SilverBlades+1","SoulSculpture+1","BottledTime","ForgedInTime","Read","SurpressingFire","InstantArmor+1","StarChef+1","Comet+1","Dilation","Misdirection+1","BottledTime","DualDimension+1","KillingDoll","Flash of Steel","Finesse","Dilation+1","SurpressingFire+1","Parasite","Contraction","FlawlessForm","WasteNot+1","SilverBlades","Desolation+1"],"relics":["Uniform","MealTicket","HornCleat","Bag of Preparation","StrikeDummy","StoneMask","Lantern","Juzu Bracelet","SsserpentHead","Akabeko","Fusion Hammer","Lizard Tail","White Beast Statue","War Paint","Ancient Tea Set","Pear","HandDrill","Vajra"],"acts_visited":["Exordium","TheCity","TheBeyond","TheEnding"],"potions_floor_usage":[7,18,29,33,44,55,55,55],"damage_taken":[{"damage":1,"enemies":"Cultist","floor":1,"turns":4},{"damage":3,"enemies":"2 Louse","floor":4,"turns":3},{"damage":0,"enemies":"Jaw Worm","floor":5,"turns":5},{"damage":0,"enemies":"Gremlin Nob","floor":7,"turns":6},{"damage":0,"enemies":"Blue Slaver","floor":8,"turns":3},{"damage":0,"enemies":"Gremlin Gang","floor":11,"turns":1},{"damage":0,"enemies":"3 Louse","floor":12,"turns":1},{"damage":0,"enemies":"3 Sentries","floor":13,"turns":4},{"damage":2,"enemies":"2 Fungi Beasts","floor":14,"turns":2},{"damage":0,"enemies":"Hexaghost","floor":16,"turns":9},{"damage":0,"enemies":"3 Byrds","floor":18,"turns":3},{"damage":10,"enemies":"2 Thieves","floor":20,"turns":3},{"damage":1,"enemies":"Book of Stabbing","floor":24,"turns":6},{"damage":0,"enemies":"Shelled Parasite and Fungi","floor":27,"turns":4},{"damage":15,"enemies":"Slavers","floor":29,"turns":10},{"damage":0,"enemies":"Snecko","floor":30,"turns":6},{"damage":0,"enemies":"Snake Plant","floor":31,"turns":3},{"damage":6,"enemies":"Automaton","floor":33,"turns":12},{"damage":0,"enemies":"3 Shapes","floor":35,"turns":7},{"damage":0,"enemies":"Mind Bloom Boss Battle","floor":36,"turns":7},{"damage":0,"enemies":"Reptomancer","floor":41,"turns":10},{"damage":17,"enemies":"3 Darklings","floor":44,"turns":7},{"damage":0,"enemies":"Writhing Mass","floor":45,"turns":8},{"damage":0,"enemies":"Giant Head","floor":46,"turns":13},{"damage":0,"enemies":"Jaw Worm Horde","floor":47,"turns":4},{"damage":2,"enemies":"Awakened One","floor":50,"turns":22},{"damage":53,"enemies":"Shield and Spear","floor":54,"turns":11},{"damage":0,"enemies":"The Heart","floor":55,"turns":14}],"seed_played":"980090760632626","potions_obtained":[{"floor":1,"key":"Swift Potion"},{"floor":7,"key":"GamblersBrew"},{"floor":8,"key":"ColorlessPotion"},{"floor":11,"key":"SkillPotion"},{"floor":16,"key":"LiquidBronze"},{"floor":18,"key":"Energy Potion"},{"floor":30,"key":"SpeedPotion"},{"floor":31,"key":"Swift Potion"},{"floor":33,"key":"Explosive Potion"},{"floor":36,"key":"SkillPotion"},{"floor":44,"key":"PowerPotion"},{"floor":54,"key":"LiquidMemories"}],"is_trial":false,"path_per_floor":["M","?","?","M","M","R","E","M","T","R","M","M","E","M","R","B",null,"M","$","M","$","?","R","E","R","T","M","?","E","M","M","R","B",null,"M","?","?","?","?","R","E","R","T","M","M","E","M","?","R","B",null,"R","$","E","B",null],"character_chosen":"THE_SERVANT","items_purchased":["SurpressingFire","InstantArmor","Comet","Pear","SilverBlades","HandDrill"],"campfire_rested":3,"item_purchase_floors":[19,19,21,53,53,53],"current_hp_per_floor":[70,70,70,67,67,67,67,67,67,67,67,67,67,65,65,65,71,74,74,70,76,76,76,77,77,77,79,79,73,76,79,79,76,85,88,89,89,85,75,75,78,86,86,72,75,78,87,87,92,96,96,96,106,59,62],"gold":163,"neow_bonus":"TEN_PERCENT_HP_BONUS","is_daily":false,"chose_seed":false,"campfire_upgraded":6,"win_rate":0.0,"timestamp":1608655045,"path_taken":["M","?","?","M","M","R","E","?","T","R","M","M","E","M","R","BOSS","M","$","M","$","?","R","E","R","T","M","?","E","M","M","R","BOSS","M","?","?","?","?","R","E","R","T","M","M","E","M","?","R","BOSS","R","$","E","BOSS"],"items_purchased_type":["Card","Card","Card","Relic","Card","Relic"],"build_version":"2020-12-13","purchased_purges":2,"victory":true,"max_hp_per_floor":[71,71,71,71,71,71,71,71,71,71,71,71,71,71,71,71,71,74,74,76,76,76,76,77,77,77,79,79,82,83,84,84,85,85,88,89,89,85,85,85,86,86,86,87,88,89,92,92,92,96,96,96,106,108,109],"relic_stats":{"SsserpentHead":250,"Lizard Tail":0,"counters":[28,188],"MealTicket":6,"Bag of Preparation":[46],"Juzu Bracelet":1,"HandDrill":[4],"War Paint":["InstantArmor","Dilation"],"obtain_stats":[{"Lantern":22,"Pear":53,"StoneMask":17,"Vajra":54,"Uniform":0,"Bag of Preparation":9,"Juzu Bracelet":24,"War Paint":43,"Ancient Tea Set":46,"Akabeko":29,"White Beast Statue":41,"SsserpentHead":28,"Lizard Tail":36,"HornCleat":7,"MealTicket":3,"Fusion Hammer":34,"HandDrill":53,"StrikeDummy":13},{"Lantern":12,"Pear":26,"StoneMask":10,"Vajra":27,"Uniform":0,"Bag of Preparation":5,"Juzu Bracelet":13,"War Paint":21,"Ancient Tea Set":24,"Akabeko":15,"White Beast Statue":21,"SsserpentHead":14,"Lizard Tail":20,"HornCleat":4,"MealTicket":1,"Fusion Hammer":18,"HandDrill":26,"StrikeDummy":8},{"Lantern":44,"Pear":163,"StoneMask":38,"Vajra":174,"Uniform":0,"Bag of Preparation":21,"Juzu Bracelet":50,"War Paint":109,"Ancient Tea Set":137,"Akabeko":64,"White Beast Statue":109,"SsserpentHead":54,"Lizard Tail":99,"HornCleat":18,"MealTicket":4,"Fusion Hammer":85,"HandDrill":163,"StrikeDummy":27}]},"card_choices":[{"not_picked":["DualDimension","Alleviate"],"picked":"Defy","floor":1},{"not_picked":["Moonlight","Defy"],"picked":"Luminosity","floor":4},{"not_picked":["Rearm","WasteNot"],"picked":"Hightail","floor":5},{"not_picked":["SpecialFormula","Gouge"],"picked":"Moonlight","floor":7},{"not_picked":["Potential","Revamp"],"picked":"Spin","floor":8},{"not_picked":["Snipe","Advance"],"picked":"LightFlow","floor":11},{"not_picked":["Revamp","Rewind"],"picked":"SilverBlades","floor":12},{"not_picked":["BottledTime","Rewind"],"picked":"SoulSculpture","floor":13},{"not_picked":["Starlight","Rearm"],"picked":"BottledTime","floor":14},{"not_picked":["Dilation","LightFlow"],"picked":"ForgedInTime","floor":16},{"not_picked":["Revamp","Starlight"],"picked":"Read","floor":18},{"not_picked":["Gouge","SpecialFormula"],"picked":"StarChef+1","floor":20},{"not_picked":["StarChef","Gouge"],"picked":"Dilation","floor":24},{"not_picked":["Spin","Rearm","Revamp+1"],"picked":"SKIP","floor":27},{"not_picked":["Unruled","Comet"],"picked":"Misdirection+1","floor":29},{"not_picked":["Starlight","Snipe+1"],"picked":"BottledTime","floor":30},{"not_picked":["Starlight","BottledTime"],"picked":"DualDimension","floor":31},{"not_picked":["FloweringNight","LightFlow"],"picked":"KillingDoll","floor":33},{"not_picked":["Unruled","Reset","BottledTime"],"picked":"SKIP","floor":35},{"not_picked":["Mayhem","Panacea"],"picked":"Flash of Steel","floor":39},{"not_picked":["PanicButton","Jack Of All Trades"],"picked":"Finesse","floor":39},{"not_picked":["Rewind+1","Duplication"],"picked":"Dilation","floor":41},{"not_picked":["Rewind","DoubleEdge"],"picked":"SurpressingFire+1","floor":44},{"not_picked":["Alleviate","Luminosity"],"picked":"Contraction","floor":45},{"not_picked":["Rearm+1","InstantArmor+1"],"picked":"FlawlessForm","floor":46},{"not_picked":["BestPractice","Unruled"],"picked":"WasteNot+1","floor":47},{"not_picked":["Rearm+1","BottledTime"],"picked":"Desolation+1","floor":54}],"player_experience":683673,"relics_obtained":[{"floor":7,"key":"HornCleat"},{"floor":9,"key":"Bag of Preparation"},{"floor":13,"key":"StrikeDummy"},{"floor":24,"key":"Juzu Bracelet"},{"floor":29,"key":"Akabeko"},{"floor":36,"key":"Lizard Tail"},{"floor":41,"key":"White Beast Statue"},{"floor":43,"key":"War Paint"},{"floor":46,"key":"Ancient Tea Set"},{"floor":54,"key":"Vajra"}],"event_choices":[{"damage_healed":0,"gold_gain":0,"player_choice":"Grow","damage_taken":0,"max_hp_gain":0,"max_hp_loss":0,"event_name":"Living Wall","floor":2,"gold_loss":0,"cards_upgraded":["KidneyShot"]},{"damage_healed":0,"gold_gain":0,"player_choice":"Paid Gold","damage_taken":0,"relics_obtained":["MealTicket"],"max_hp_gain":0,"max_hp_loss":0,"event_name":"WeMeetAgain","floor":3,"gold_loss":78},{"damage_healed":0,"gold_gain":0,"player_choice":"Opened","damage_taken":0,"relics_obtained":["Lantern"],"max_hp_gain":0,"max_hp_loss":0,"event_name":"The Mausoleum","floor":22,"gold_loss":0},{"damage_healed":0,"gold_gain":0,"player_choice":"Trade","damage_taken":0,"relics_obtained":["SsserpentHead"],"max_hp_gain":0,"max_hp_loss":0,"event_name":"FaceTrader","floor":28,"gold_loss":0},{"damage_healed":0,"gold_gain":0,"player_choice":"Fight","damage_taken":0,"max_hp_gain":0,"max_hp_loss":0,"event_name":"MindBloom","floor":36,"gold_loss":0},{"damage_healed":0,"gold_gain":0,"player_choice":"Ignored","damage_taken":0,"max_hp_gain":0,"max_hp_loss":0,"event_name":"Tomb of Lord Red Mask","floor":37,"gold_loss":0},{"damage_healed":0,"gold_gain":0,"player_choice":"Max HP","damage_taken":0,"max_hp_gain":0,"max_hp_loss":4,"event_name":"Winding Halls","floor":38,"gold_loss":0},{"damage_healed":0,"gold_gain":0,"player_choice":"Memory 3","damage_taken":10,"max_hp_gain":0,"max_hp_loss":0,"event_name":"SensoryStone","floor":39,"gold_loss":0},{"damage_healed":0,"gold_gain":0,"player_choice":"Ignored","damage_taken":0,"max_hp_gain":0,"max_hp_loss":0,"event_name":"NoteForYourself","floor":48,"gold_loss":0}],"is_beta":false,"boss_relics":[{"not_picked":["Astrolabe","Snecko Eye"],"picked":"StoneMask"},{"not_picked":["Empty Cage","Velvet Choker"],"picked":"Fusion Hammer"}],"items_purged_floors":[19,53],"is_endless":false,"potions_floor_spawned":[1,7,8,11,14,16,18,30,31,33,36,44,45,46,47,54],"ascension_level":0}}