{"host":"ci7ivtocgfxh0ueo","time":1608613022,"event":{"mods":["BaseMod","GifTheSpireLib","Minty Spire (QoL Compilation)","StSLib"],"gold_per_floor":[14,14,29,29,179,179,179,197,197,197,197],"floor_reached":10,"playtime":152,"items_purged":[],"score":104,"play_id":"71e847d4-2f5e-4f17-98b3-ecbbf335c549","local_time":"20201222125702","is_ascension_mode":true,"campfire_choices":[{"data":"Die Die Die","floor":6,"key":"SMITH"}],"circlet_count":0,"master_deck":["AscendersBane","Strike_G","Strike_G","Strike_G","Strike_G","Strike_G","Defend_G","Defend_G","Defend_G","Defend_G","Defend_G","Survivor","Neutralize","Die Die Die+1","Distraction","Underhanded Strike","Blur"],"relics":["Ring of the Snake","Singing Bowl"],"acts_visited":["Exordium"],"potions_floor_usage":[],"damage_taken":[{"damage":4,"enemies":"Cultist","floor":1,"turns":3},{"damage":0,"enemies":"Small Slimes","floor":3,"turns":2},{"damage":7,"enemies":"Jaw Worm","floor":8,"turns":3},{"damage":48,"enemies":"Lagavulin","floor":10,"turns":10}],"seed_played":"-6423176879839592528","potions_obtained":[],"is_trial":false,"path_per_floor":["M","$","M","$","?","R","?","M","T","E"],"character_chosen":"THE_SILENT","items_purchased":[],"campfire_rested":0,"item_purchase_floors":[],"current_hp_per_floor":[55,55,55,55,55,55,55,48,48,0,0],"gold":197,"neow_bonus":"THREE_RARE_CARDS","is_daily":false,"chose_seed":false,"campfire_upgraded":1,"win_rate":0.0,"timestamp":1608613022,"path_taken":["M","?","?","$","?","R","?","M","T","E"],"items_purchased_type":[],"build_version":"2020-12-13","purchased_purges":0,"victory":false,"max_hp_per_floor":[66,66,66,66,66,66,66,66,66,66,66],"card_choices":[{"not_picked":["Malaise","Envenom"],"picked":"Die Die Die","floor":0},{"not_picked":["Deflect","Sucker Punch"],"picked":"Distraction","floor":1},{"not_picked":["Quick Slash","Catalyst"],"picked":"Underhanded Strike","floor":3},{"not_picked":["Flechettes","Bane"],"picked":"Blur","floor":8}],"player_experience":1275814,"relics_obtained":[{"floor":9,"key":"Singing Bowl"}],"event_choices":[{"damage_healed":0,"gold_gain":150,"player_choice":"AGREE","damage_taken":0,"max_hp_gain":0,"max_hp_loss":0,"event_name":"Liars Game","floor":5,"gold_loss":0,"cards_obtained":["Doubt"]},{"cards_removed":["Doubt"],"damage_healed":0,"gold_gain":0,"player_choice":"Purged","damage_taken":0,"max_hp_gain":0,"max_hp_loss":0,"event_name":"Purifier","floor":7,"gold_loss":0}],"is_beta":false,"boss_relics":[],"items_purged_floors":[],"is_endless":false,"potions_floor_spawned":[],"killed_by":"Lagavulin","ascension_level":17}}