{"host":"e8rlfedn69rz2s07","time":1608655531,"event":{"mods":["Act Like it!","BaseMod","Conspire","Hubris","Infinite Spire","Minty Spire (QoL Compilation)","Permanent Neow","Relic Stats","Replay The Spire","Shop Mod","StSLib","The Jungle"],"gold_per_floor":[372,397,421,371,12,111,111,175,202,253,253,253,298,341,341,423,423,447,517,563,563,563],"floor_reached":21,"playtime":1785,"items_purged":["Strike_G"],"score":432,"play_id":"293e3190-4a87-41ee-a7dc-00501f1b3210","local_time":"20201222184531","is_ascension_mode":true,"campfire_choices":[{"data":"hubris:MerchantsHand","floor":7,"key":"SMITH"},{"data":"Neutralize","floor":12,"key":"SMITH"},{"data":"Quick Slash","floor":15,"key":"SMITH"}],"circlet_count":0,"master_deck":["AscendersBane","Strike_G","Strike_G","Strike_G","Strike_G","Defend_G","Defend_G","Defend_G","Defend_G+1","Defend_G+1","Survivor+1","Neutralize+1","m_Survivalism","hubris:MerchantsHand+1","Backflip+1","conspire:SpireCoStock","Footwork+1","Flying Knee","Backflip","Adrenaline","Quick Slash+1","Burst","PiercingWail","Deadly Poison"],"relics":["Ring of the Snake","infinitespire:Satchel","Potion Belt","War Paint","Art of War","hubris:Backtick","Membership Card","Ninja Scroll"],"acts_visited":["Exordium","Exordium"],"potions_floor_usage":[8,16,18,19,19],"damage_taken":[{"damage":7,"enemies":"Jaw Worm","floor":1,"turns":6},{"damage":4,"enemies":"Small Slimes","floor":2,"turns":4},{"damage":0,"enemies":"2 Louse","floor":3,"turns":5},{"damage":5,"enemies":"Replay:BlueRogue","floor":6,"turns":17},{"damage":3,"enemies":"3 Sentries","floor":8,"turns":13},{"damage":0,"enemies":"Exordium Wildlife","floor":10,"turns":4},{"damage":0,"enemies":"Looter","floor":13,"turns":3},{"damage":0,"enemies":"2 Fungi Beasts","floor":14,"turns":4},{"damage":3,"enemies":"Hexaghost","floor":16,"turns":11},{"damage":0,"enemies":"theJungle:GiantWrat","floor":18,"turns":7},{"damage":39,"enemies":"conspire:MimicChest","floor":19,"turns":13},{"damage":1,"enemies":"Shell Parasite","floor":20,"turns":8},{"damage":20,"enemies":"theJungle:SlimyTreeVines","floor":21,"turns":10}],"seed_played":"1515708153080939273","potions_obtained":[{"floor":1,"key":"Doom Potion"},{"floor":3,"key":"SteroidPotion"},{"floor":8,"key":"DuplicationPotion"},{"floor":13,"key":"ColorlessPotion"},{"floor":14,"key":"Fire Potion"}],"is_trial":false,"path_per_floor":["M","M","M","?","$","E","R","E","T","M","?","R","M","M","R","B",null,"M","?","M","M"],"character_chosen":"THE_SILENT","items_purchased":["Footwork+1","Flying Knee","infinitespire:Satchel"],"campfire_rested":0,"item_purchase_floors":[5,5,5],"current_hp_per_floor":[52,48,48,48,48,43,43,40,40,40,20,20,20,20,20,17,54,54,15,14,0,0],"gold":563,"neow_bonus":"TWO_FIFTY_GOLD","is_daily":false,"chose_seed":false,"campfire_upgraded":3,"win_rate":0.0,"timestamp":1608655531,"path_taken":["M","M","M","?","$","E","R","E","T","M","?","R","M","M","R","BOSS","M","?","M","M"],"items_purchased_type":["Card","Card","Relic"],"build_version":"2020-12-13","purchased_purges":1,"victory":false,"max_hp_per_floor":[66,66,66,66,66,66,66,66,66,66,66,66,66,66,66,66,66,66,66,66,66,66],"relic_stats":{"counters":[13,104],"Art of War":[10],"War Paint":["Backflip","Defend_G"],"obtain_stats":[{"Potion Belt":6,"hubris:Backtick":17,"Ninja Scroll":19,"infinitespire:Satchel":5,"Art of War":9,"Membership Card":17,"War Paint":8,"Ring of the Snake":0},{"Potion Belt":4,"hubris:Backtick":9,"Ninja Scroll":11,"infinitespire:Satchel":3,"Art of War":5,"Membership Card":9,"War Paint":5,"Ring of the Snake":0},{"Potion Belt":32,"hubris:Backtick":66,"Ninja Scroll":86,"infinitespire:Satchel":15,"Art of War":45,"Membership Card":66,"War Paint":45,"Ring of the Snake":0}],"Ring of the Snake":[26]},"card_choices":[{"not_picked":["Deflect","hubris:SlightOfHand","Sucker Punch"],"picked":"SKIP","floor":1},{"not_picked":["Hidden Blade","Deflect","Finisher"],"picked":"SKIP","floor":2},{"not_picked":["PiercingWail","Outmaneuver"],"picked":"Backflip","floor":3},{"not_picked":["conspire:PoisonWeapons","Sucker Punch","Reflex"],"picked":"SKIP","floor":6},{"not_picked":["Toxin Wave","Outmaneuver"],"picked":"Backflip","floor":8},{"not_picked":["Deflect","Dagger Spray"],"picked":"Adrenaline","floor":10},{"not_picked":["Outmaneuver","Sucker Punch"],"picked":"Quick Slash","floor":13},{"not_picked":["Reflex","Sucker Punch","Doppelganger"],"picked":"SKIP","floor":14},{"not_picked":["Bullet Time","Replay:Bag of Tricks"],"picked":"Burst","floor":16},{"not_picked":["Outmaneuver","Prepared"],"picked":"PiercingWail","floor":18},{"not_picked":["Flying Knee","Concentrate"],"picked":"Deadly Poison","floor":19},{"not_picked":["hubris:Counter","ReplayTheSpireMod:Exploit Weakness","Underhanded Strike"],"picked":"SKIP","floor":20}],"player_experience":909598,"relics_obtained":[{"floor":6,"key":"Potion Belt"},{"floor":8,"key":"War Paint"},{"floor":9,"key":"Art of War"},{"floor":19,"key":"Ninja Scroll"}],"event_choices":[{"damage_healed":0,"gold_gain":0,"player_choice":"Invest 1","damage_taken":0,"max_hp_gain":0,"max_hp_loss":0,"event_name":"conspire:Investor","floor":4,"gold_loss":0},{"damage_healed":0,"gold_gain":0,"player_choice":"Entered Light","damage_taken":20,"max_hp_gain":0,"max_hp_loss":0,"event_name":"Shining Light","floor":11,"gold_loss":0,"cards_upgraded":["Survivor","Defend_G"]}],"is_beta":false,"boss_relics":[{"not_picked":["hubris:Stopwatch","Calling Bell"],"picked":"hubris:Backtick"}],"items_purged_floors":[5],"is_endless":false,"potions_floor_spawned":[1,3,8,13,14],"killed_by":"theJungle:SlimyTreeVines","ascension_level":20}}