{"host":"yp47u74hk6n79vj1","time":1608674694,"event":{"mods":["BaseMod","Minty Spire (QoL Compilation)"],"gold_per_floor":[217,231,241,131,131,131,31,57,57,132,207,221,221,235,235,235,235],"floor_reached":16,"playtime":507,"items_purged":["Defend_B","Defend_B"],"score":90,"play_id":"4099471e-ca3f-4b38-a7ae-ebb4be54e6b5","local_time":"20201222170454","is_ascension_mode":false,"campfire_choices":[{"data":"Leap","floor":6,"key":"SMITH"},{"data":"Loop","floor":13,"key":"SMITH"},{"data":"Turbo","floor":15,"key":"SMITH"}],"circlet_count":0,"master_deck":["Strike_B","Strike_B","Strike_B","Strike_B","Defend_B","Defend_B","Zap","Dualcast","Leap+1","Cold Snap","FTL","Loop+1","Streamline","Turbo+1"],"relics":["Cracked Core","Odd Mushroom","Matryoshka"],"acts_visited":["Exordium"],"potions_floor_usage":[16],"damage_taken":[{"damage":1,"enemies":"2 Louse","floor":1,"turns":3},{"damage":0,"enemies":"Small Slimes","floor":2,"turns":4},{"damage":2,"enemies":"Cultist","floor":3,"turns":4},{"damage":15,"enemies":"The Mushroom Lair","floor":8,"turns":5},{"damage":18,"enemies":"3 Louse","floor":12,"turns":3},{"damage":2,"enemies":"Blue Slaver","floor":14,"turns":3},{"damage":29,"enemies":"The Guardian","floor":16,"turns":6}],"seed_played":"8970561497726521460","potions_obtained":[{"floor":3,"key":"SpeedPotion"},{"floor":12,"key":"PotionOfCapacity"}],"is_trial":false,"path_per_floor":["M","M","M","$","?","R","$","?","T","?","T","M","R","M","R","B"],"character_chosen":"DEFECT","items_purchased":["Loop"],"campfire_rested":0,"item_purchase_floors":[4],"current_hp_per_floor":[74,74,72,72,72,72,72,57,57,46,46,28,28,26,26,0,0],"gold":235,"neow_bonus":"HUNDRED_GOLD","is_daily":false,"chose_seed":false,"campfire_upgraded":3,"win_rate":0.0,"timestamp":1608674694,"path_taken":["M","M","M","$","?","R","$","?","T","?","?","M","R","M","R","BOSS"],"items_purchased_type":["Card"],"build_version":"2020-12-13","purchased_purges":2,"victory":false,"max_hp_per_floor":[75,75,75,75,75,75,75,75,75,75,75,75,75,75,75,75,75],"card_choices":[{"not_picked":["Gash","Stack"],"picked":"Leap","floor":1},{"not_picked":["Stack","Storm"],"picked":"Cold Snap","floor":2},{"not_picked":["Darkness","Hologram"],"picked":"FTL","floor":3},{"not_picked":["Go for the Eyes","Coolheaded"],"picked":"Streamline","floor":8},{"not_picked":["Leap","Storm","Ball Lightning"],"picked":"SKIP","floor":12},{"not_picked":["Streamline","Reinforced Body"],"picked":"Turbo","floor":14}],"player_experience":493417,"relics_obtained":[{"floor":8,"key":"Odd Mushroom"},{"floor":11,"key":"Matryoshka"}],"event_choices":[{"damage_healed":0,"gold_gain":0,"player_choice":"Ignored","damage_taken":0,"max_hp_gain":0,"max_hp_loss":0,"event_name":"Liars Game","floor":5,"gold_loss":0},{"damage_healed":0,"gold_gain":0,"player_choice":"Fought Mushrooms","damage_taken":0,"max_hp_gain":0,"max_hp_loss":0,"event_name":"Mushrooms","floor":8,"gold_loss":0},{"damage_healed":0,"gold_gain":75,"player_choice":"Gather Gold","damage_taken":11,"max_hp_gain":0,"max_hp_loss":0,"event_name":"World of Goop","floor":10,"gold_loss":0}],"is_beta":false,"boss_relics":[],"items_purged_floors":[4,7],"is_endless":false,"potions_floor_spawned":[3,12],"killed_by":"The Guardian","ascension_level":0}}