{"host":"baymyijz6sxaqj5s","time":1608623426,"event":{"mods":["AchievementEnabler","BaseMod","Colored Map","Colored Powertips","DeckTracker","KOR Keyword Fix","Keyboard Shortcuts","Minty Spire (QoL Compilation)","Quick Restart","StSLib","SuperFastMode"],"gold_per_floor":[117,117,137,150,150,150,150,182,205,217,232,252,271,288,288,389,389,409,427,103,114,129,129,145,160,183,108,127,147,147,166,166,264,264,277,277,291,302,262,262,273,288,343,343,219,274,289,4,4,4,4],"floor_reached":50,"playtime":2742,"items_purged":["Strike_R"],"score":481,"play_id":"5f2fb1f3-2178-4bb9-8037-33bc24d3e85e","local_time":"20201222165026","is_ascension_mode":false,"campfire_choices":[{"data":"Armaments","floor":6,"key":"SMITH"},{"data":"Battle Trance","floor":15,"key":"SMITH"},{"data":"Body Slam","floor":23,"key":"SMITH"},{"floor":30,"key":"REST"},{"floor":32,"key":"REST"},{"floor":40,"key":"REST"},{"data":"Impervious","floor":44,"key":"SMITH"},{"data":"Flame Barrier","floor":49,"key":"SMITH"}],"circlet_count":0,"master_deck":["Strike_R","Defend_R","Defend_R","Defend_R","Defend_R","Bash","Armaments+1","Shrug It Off+1","Pommel Strike","Battle Trance+1","Heavy Blade","Offering","Impervious+1","Cleave+1","Body Slam+1","Shrug It Off+1","Barricade+1","Sword Boomerang+1","Thunderclap","Limit Break","Shrug It Off","Shrug It Off","Parasite","Body Slam+1","Power Through","Double Tap","Flame Barrier+1"],"relics":["Black Blood","Ancient Tea Set","Lantern","SacredBark","Letter Opener","Anchor","PreservedInsect","Orichalcum","Self Forming Clay"],"acts_visited":["Exordium","TheCity","TheBeyond"],"potions_floor_usage":[8,8,16,16,19,21,22,29,33,35,42,42,50],"damage_taken":[{"damage":1,"enemies":"Jaw Worm","floor":1,"turns":5},{"damage":4,"enemies":"Small Slimes","floor":3,"turns":4},{"damage":1,"enemies":"2 Louse","floor":4,"turns":4},{"damage":5,"enemies":"Lagavulin","floor":8,"turns":8},{"damage":10,"enemies":"Exordium Thugs","floor":10,"turns":7},{"damage":2,"enemies":"Blue Slaver","floor":11,"turns":4},{"damage":0,"enemies":"2 Fungi Beasts","floor":12,"turns":3},{"damage":5,"enemies":"Red Slaver","floor":13,"turns":3},{"damage":5,"enemies":"Looter","floor":14,"turns":3},{"damage":68,"enemies":"Hexaghost","floor":16,"turns":9},{"damage":5,"enemies":"Chosen","floor":18,"turns":6},{"damage":11,"enemies":"2 Thieves","floor":19,"turns":5},{"damage":40,"enemies":"Centurion and Healer","floor":21,"turns":21},{"damage":6,"enemies":"Snake Plant","floor":22,"turns":4},{"damage":23,"enemies":"Shelled Parasite and Fungi","floor":24,"turns":12},{"damage":44,"enemies":"Snecko","floor":25,"turns":9},{"damage":0,"enemies":"Snake Plant","floor":28,"turns":4},{"damage":10,"enemies":"3 Cultists","floor":29,"turns":7},{"damage":27,"enemies":"Shelled Parasite and Fungi","floor":31,"turns":11},{"damage":20,"enemies":"Collector","floor":33,"turns":8},{"damage":29,"enemies":"3 Shapes","floor":35,"turns":8},{"damage":51,"enemies":"3 Darklings","floor":37,"turns":9},{"damage":3,"enemies":"Writhing Mass","floor":38,"turns":11},{"damage":6,"enemies":"4 Shapes","floor":41,"turns":2},{"damage":20,"enemies":"Sphere and 2 Shapes","floor":42,"turns":10},{"damage":17,"enemies":"Jaw Worm Horde","floor":47,"turns":7},{"damage":101,"enemies":"Time Eater","floor":50,"turns":17}],"seed_played":"6408346656189160908","potions_obtained":[{"floor":3,"key":"GamblersBrew"},{"floor":4,"key":"DuplicationPotion"},{"floor":12,"key":"Strength Potion"},{"floor":13,"key":"GamblersBrew"},{"floor":18,"key":"LiquidMemories"},{"floor":21,"key":"Energy Potion"},{"floor":25,"key":"LiquidBronze"},{"floor":28,"key":"DistilledChaos"},{"floor":33,"key":"SkillPotion"},{"floor":38,"key":"ElixirPotion"},{"floor":41,"key":"SkillPotion"}],"is_trial":false,"path_per_floor":["M","?","M","M","?","R","?","E","T","M","M","M","M","M","R","B",null,"M","M","$","M","M","R","M","M","T","?","M","M","R","M","R","B",null,"M","?","M","M","?","R","M","M","T","R","$","T","M","$","R","B"],"character_chosen":"IRONCLAD","items_purchased":["Regen Potion","Letter Opener","BloodPotion","Flame Barrier","Self Forming Clay"],"campfire_rested":3,"item_purchase_floors":[20,20,45,48,48],"current_hp_per_floor":[88,88,88,88,88,88,88,88,88,84,88,88,88,88,88,26,88,88,83,83,87,87,87,70,32,32,32,38,34,60,39,65,51,88,71,71,32,41,41,67,73,65,65,65,65,65,60,60,60,0,0],"gold":4,"neow_bonus":"TEN_PERCENT_HP_BONUS","is_daily":false,"chose_seed":false,"campfire_upgraded":5,"win_rate":0.0,"timestamp":1608623426,"path_taken":["M","?","M","M","?","R","?","E","T","?","M","M","M","M","R","BOSS","M","M","$","M","M","R","M","M","T","?","M","M","R","M","R","BOSS","M","?","?","M","?","R","M","M","T","R","?","?","M","$","R","BOSS"],"items_purchased_type":["Potion","Relic","Potion","Card","Relic"],"build_version":"2020-12-13","purchased_purges":1,"victory":false,"max_hp_per_floor":[88,88,88,88,88,88,88,88,88,88,88,88,88,88,88,88,88,88,88,88,88,88,88,88,88,88,88,88,88,88,88,88,88,88,88,88,88,88,88,88,88,88,88,88,88,88,88,88,88,88,88],"card_choices":[{"not_picked":["Warcry","Pummel"],"picked":"Armaments","floor":1},{"not_picked":["Clash","Pummel","Dual Wield"],"picked":"SKIP","floor":3},{"not_picked":["Dark Embrace","Fire Breathing"],"picked":"Shrug It Off","floor":4},{"not_picked":["Searing Blow","Blood for Blood"],"picked":"Pommel Strike","floor":8},{"not_picked":["Flex","Disarm","Sentinel"],"picked":"SKIP","floor":10},{"not_picked":["Second Wind","Berserk"],"picked":"Battle Trance","floor":11},{"not_picked":["Clash","Sentinel","Anger"],"picked":"SKIP","floor":12},{"not_picked":["Thunderclap","Infernal Blade"],"picked":"Heavy Blade","floor":13},{"not_picked":["Thunderclap","Anger"],"picked":"Offering","floor":14},{"not_picked":["Offering","Corruption"],"picked":"Impervious","floor":16},{"not_picked":["Havoc","Metallicize"],"picked":"Cleave+1","floor":18},{"not_picked":["Rage+1","Armaments"],"picked":"Body Slam","floor":19},{"not_picked":["Wild Strike+1","Cleave","Pommel Strike"],"picked":"SKIP","floor":21},{"not_picked":["Bludgeon","Sword Boomerang","Cleave"],"picked":"SKIP","floor":22},{"not_picked":["Evolve","Flex","Warcry"],"picked":"SKIP","floor":24},{"not_picked":["Second Wind+1","Havoc"],"picked":"Shrug It Off+1","floor":25},{"not_picked":["Heavy Blade","Shrug It Off"],"picked":"Barricade","floor":28},{"not_picked":["Heavy Blade","Wild Strike"],"picked":"Sword Boomerang+1","floor":29},{"not_picked":["Cleave+1","Havoc"],"picked":"Thunderclap","floor":31},{"not_picked":["Juggernaut","Berserk"],"picked":"Limit Break","floor":33},{"not_picked":["Headbutt+1","Anger"],"picked":"Shrug It Off","floor":35},{"not_picked":["True Grit","Evolve+1","Shockwave+1"],"picked":"SKIP","floor":37},{"not_picked":["Anger","Perfected Strike+1"],"picked":"Body Slam+1","floor":38},{"not_picked":["Flex","Wild Strike","Clothesline+1"],"picked":"SKIP","floor":41},{"not_picked":["Rupture","Clash+1"],"picked":"Power Through","floor":42},{"not_picked":["Clash+1","Power Through+1"],"picked":"Double Tap","floor":47}],"player_experience":174224,"relics_obtained":[{"floor":8,"key":"Ancient Tea Set"},{"floor":9,"key":"Lantern"},{"floor":26,"key":"Anchor"},{"floor":43,"key":"PreservedInsect"},{"floor":46,"key":"Orichalcum"}],"event_choices":[{"damage_healed":0,"gold_gain":0,"player_choice":"Ignored","damage_taken":0,"max_hp_gain":0,"max_hp_loss":0,"event_name":"Golden Idol","floor":2,"gold_loss":0},{"damage_healed":0,"gold_gain":0,"player_choice":"Grow","damage_taken":0,"max_hp_gain":0,"max_hp_loss":0,"event_name":"Living Wall","floor":5,"gold_loss":0,"cards_upgraded":["Shrug It Off"]},{"cards_removed":["Strike_R"],"damage_healed":0,"gold_gain":0,"player_choice":"Purged","damage_taken":0,"max_hp_gain":0,"max_hp_loss":0,"event_name":"Purifier","floor":7,"gold_loss":0},{"cards_removed":["Strike_R"],"damage_healed":0,"gold_gain":0,"player_choice":"Gave Gold","damage_taken":0,"max_hp_gain":0,"max_hp_loss":0,"event_name":"Beggar","floor":27,"gold_loss":75},{"damage_healed":0,"gold_gain":0,"cards_transformed":["Strike_R"],"player_choice":"Transformed","damage_taken":0,"max_hp_gain":0,"max_hp_loss":0,"event_name":"Transmorgrifier","floor":36,"gold_loss":0,"cards_obtained":["Shrug It Off"]},{"damage_healed":0,"gold_gain":0,"player_choice":"Upgrade","damage_taken":0,"max_hp_gain":0,"max_hp_loss":0,"event_name":"Designer","floor":39,"gold_loss":40,"cards_upgraded":["Barricade"]}],"is_beta":false,"boss_relics":[{"not_picked":["Coffee Dripper","Astrolabe"],"picked":"SacredBark"},{"not_picked":["SlaversCollar","Runic Dome"],"picked":"Black Blood"}],"items_purged_floors":[45],"is_endless":false,"potions_floor_spawned":[3,4,12,13,18,21,25,28,33,38,41],"killed_by":"Time Eater","ascension_level":0}}