{"host":"hi7fki77kkmhrce8","time":1608665050,"event":{"mods":["AchievementEnabler","Act Like it!","BaseMod","Beaked The Cultist","Colored Powertips","Downfall","Halation","Hallownest","Jedi Mod","Mad Scientist","Minty Spire (QoL Compilation)","Relic Stats","Replay The Spire","StSLib","SuperFastMode","The Blackbeard","The Construct","The Hierophant","The Necromancer","The Servant 0.9.4","The Witch"],"gold_per_floor":[117,128,128,152,177,211,211,229,229,229,243,267,267,267,267],"floor_reached":14,"playtime":586,"items_purged":[],"score":94,"play_id":"555791c4-c77a-4665-8678-b4c48c7867c4","local_time":"20201222142410","is_ascension_mode":false,"campfire_choices":[{"floor":7,"key":"REST"},{"data":"Replay:Undeath\u0027s Touch","floor":10,"key":"SMITH"},{"floor":13,"key":"REST"}],"circlet_count":0,"master_deck":["Strike_R","Strike_R","Strike_R","Strike_R","Strike_R","Defend_R","Defend_R","Defend_R","Defend_R","Bash","Brutality","Seeing Red","Replay:Undeath\u0027s Touch+1","Disarm","Cleave","Reaper","jedi:collectorstrike","Armaments"],"relics":["Burning Blood","Golden Idol","Replay:Bottled Flurry","jedi:leech"],"acts_visited":["Exordium"],"potions_floor_usage":[8,14],"damage_taken":[{"damage":13,"enemies":"Jaw Worm","floor":1,"turns":4},{"damage":7,"enemies":"2 Louse","floor":2,"turns":3},{"damage":7,"enemies":"Small Slimes","floor":4,"turns":3},{"damage":17,"enemies":"Blue Slaver","floor":5,"turns":4},{"damage":39,"enemies":"Gremlin Nob","floor":6,"turns":6},{"damage":0,"enemies":"3 Louse","floor":8,"turns":3},{"damage":16,"enemies":"2 Fungi Beasts","floor":11,"turns":4},{"damage":30,"enemies":"Large Slime","floor":12,"turns":7},{"damage":55,"enemies":"Lagavulin","floor":14,"turns":10}],"seed_played":"7314260320721159619","potions_obtained":[{"floor":1,"key":"Ancient Potion"},{"floor":6,"key":"LifebloodPotion"},{"floor":11,"key":"Toxic Potion"}],"is_trial":false,"path_per_floor":["M","M","?","M","M","E","R","M","T","R","M","M","R","E"],"character_chosen":"IRONCLAD","items_purchased":[],"campfire_rested":2,"item_purchase_floors":[],"current_hp_per_floor":[73,72,52,51,40,7,31,45,45,45,43,19,43,0,0],"gold":267,"neow_bonus":"ONE_RANDOM_RARE_CARD","is_daily":false,"chose_seed":false,"campfire_upgraded":1,"win_rate":0.0,"timestamp":1608665050,"path_taken":["M","M","?","M","M","E","R","M","T","R","M","M","R","E"],"items_purchased_type":[],"build_version":"2020-12-13","purchased_purges":0,"victory":false,"max_hp_per_floor":[80,80,80,80,80,80,80,80,80,80,80,80,80,80,80],"relic_stats":{"counters":[9,44],"Golden Idol":29,"obtain_stats":[{"jedi:leech":9,"Golden Idol":3,"Replay:Bottled Flurry":6,"Burning Blood":0},{"jedi:leech":6,"Golden Idol":2,"Replay:Bottled Flurry":5,"Burning Blood":0},{"jedi:leech":23,"Golden Idol":7,"Replay:Bottled Flurry":20,"Burning Blood":0}],"Burning Blood":48},"card_choices":[{"not_picked":["Twin Strike","Havoc"],"picked":"Seeing Red","floor":1},{"not_picked":["Twin Strike","Wild Strike"],"picked":"Replay:Undeath\u0027s Touch","floor":2},{"not_picked":["Burning Pact","Armaments"],"picked":"Disarm","floor":4},{"not_picked":["Twin Strike","Body Slam"],"picked":"Cleave","floor":5},{"not_picked":["Warcry","Ghostly Armor"],"picked":"Reaper","floor":6},{"not_picked":["True Grit","Perfected Strike"],"picked":"jedi:collectorstrike","floor":8},{"not_picked":["Carnage","Clash"],"picked":"Armaments","floor":11},{"not_picked":["Rage","Metallicize"],"picked":"jedi:collectorstrike","floor":12}],"player_experience":136470,"relics_obtained":[{"floor":6,"key":"Replay:Bottled Flurry"},{"floor":9,"key":"jedi:leech"}],"event_choices":[{"damage_healed":0,"gold_gain":0,"player_choice":"Take Damage","damage_taken":20,"relics_obtained":["Golden Idol"],"max_hp_gain":0,"max_hp_loss":0,"event_name":"Golden Idol","floor":3,"gold_loss":0}],"is_beta":false,"boss_relics":[],"items_purged_floors":[],"is_endless":false,"potions_floor_spawned":[1,6,11],"killed_by":"Lagavulin","ascension_level":0}}