{"host":"r5cycnjhcbwgkpkf","time":1608677814,"event":{"mods":["2.2 Compatiblity","AchievementEnabler","BaseMod","Bestiary","Better Match","Better Note","Better Skull","Better Third Choice","BetterRewards","Colored Map","Colored Powertips","Downfall","Googly Eyes","Infinite Spire","Minty Spire (QoL Compilation)","Replay The Spire","Spicy Shops","StSLib"],"gold_per_floor":[99,99,149,149,35,65,65,65,85,104,104,119,119,134,147,147,147,147],"floor_reached":16,"playtime":767,"items_purged":[],"score":120,"play_id":"f45c95af-ac59-4095-8019-eca3e7914f03","local_time":"20201222145654","is_ascension_mode":true,"campfire_choices":[{"data":"hexamod:Sear","floor":1.0,"key":"SMITH"},{"floor":13.0,"key":"REST"}],"circlet_count":0,"master_deck":["hexamod:Strike+1","hexamod:Strike","hexamod:Strike","hexamod:Strike","hexamod:Defend","hexamod:Defend","hexamod:Defend+1","hexamod:Defend","hexamod:Sear+1","hexamod:Float","hexamod:ThermalTransfer","hexamod:HeatShield","hexamod:ExtraCrispy","hexamod:SuperheatedStrike","hexamod:SixthSeal","hexamod:ExtraCrispy+1","hexamod:BurningTouch+1","hexamod:EtherealExpedition","Guardian:Aged"],"relics":["hexamod:SpiritBrand","downfall:HeartsMalice","Ring of Hypnosis","Ring of Greed","The Courier","Smiling Mask","ReplayTheSpireMod:TigerMarble","Gremlin Food","Replay:Mystery Machine"],"acts_visited":["Exordium"],"potions_floor_usage":[14,14],"damage_taken":[{"damage":0.0,"enemies":"2 Louse","floor":2.0,"turns":1.0},{"damage":0.0,"enemies":"Small Slimes","floor":4.0,"turns":1.0},{"damage":0.0,"enemies":"downfall:FleeingMerchant","floor":5.0,"turns":1.0},{"damage":27.0,"enemies":"Lagavulin","floor":6.0,"turns":6.0},{"damage":6.0,"enemies":"Cultist","floor":9.0,"turns":4.0},{"damage":0.0,"enemies":"2 Fungi Beasts","floor":10.0,"turns":3.0},{"damage":8.0,"enemies":"Blue Slaver","floor":12.0,"turns":3.0},{"damage":0,"enemies":"Gremlin Gang","floor":14,"turns":3},{"damage":12,"enemies":"Exordium Wildlife","floor":15,"turns":3},{"damage":33,"enemies":"downfall:Defect","floor":16,"turns":4}],"seed_played":"5786062874278480173","potions_obtained":[{"floor":6.0,"key":"Fire Potion"},{"floor":12.0,"key":"Explosive Potion"},{"floor":15,"key":"Explosive Potion"}],"is_trial":false,"path_per_floor":["R_BF","M","?","M","$","E","T","?","M","M","?","M","R","M","M","B"],"character_chosen":"THE_SPIRIT","items_purchased":["hexamod:ExtraCrispy","ReplayTheSpireMod:TigerMarble"],"campfire_rested":1,"item_purchase_floors":[5,5],"current_hp_per_floor":[70,70,70,70,70,43,43,43,37,37,30,22,43,43,31,0,0,0],"gold":147,"neow_bonus":"THREE_ENEMY_KILL","is_daily":false,"chose_seed":false,"campfire_upgraded":1,"win_rate":0.0,"timestamp":1608677814,"path_taken":["R_BF","M","?","M","$","E","T","?","M","?","?","M","R","M","M","BOSS"],"items_purchased_type":["Card","Relic"],"build_version":"2020-12-13","purchased_purges":0,"victory":false,"max_hp_per_floor":[70,70,70,70,70,70,70,70,70,70,70,70,70,70,70,70,70,70],"card_choices":[{"not_picked":["hexamod:HauntingEcho","hexamod:StepThrough"],"picked":"hexamod:ThermalTransfer","floor":2.0},{"not_picked":["hexamod:SwordOfDarkness","hexamod:ThermalTransfer"],"picked":"hexamod:HeatShield","floor":4.0},{"not_picked":["hexamod:BacktrackSmack","hexamod:GhostLash","hexamod:FifthSeal"],"picked":"SKIP","floor":5.0},{"not_picked":["hexamod:PowerFromBeyond","hexamod:GhostflameBarrier"],"picked":"hexamod:SuperheatedStrike","floor":6.0},{"not_picked":["hexamod:Firestarter","hexamod:NightmareStrike"],"picked":"hexamod:ExtraCrispy","floor":9.0},{"not_picked":["hexamod:HeatShield","hexamod:Rewind"],"picked":"hexamod:BurningTouch","floor":10.0},{"not_picked":["hexamod:SpectersWail","hexamod:SixthSeal"],"picked":"hexamod:EtherealExpedition","floor":12.0},{"not_picked":["hexamod:PowerFromBeyond","hexamod:NightmareGuise","hexamod:NecessarySacrifice"],"picked":"SKIP","floor":14},{"not_picked":["hexamod:SuperheatedStrike","hexamod:HauntingEcho","hexamod:FastForward"],"picked":"SKIP","floor":15}],"player_experience":367755,"relics_obtained":[{"floor":3.0,"key":"Ring of Hypnosis"},{"floor":3.0,"key":"Ring of Greed"},{"floor":3.0,"key":"The Courier"},{"floor":3.0,"key":"Smiling Mask"},{"floor":6.0,"key":"Gremlin Food"},{"floor":7.0,"key":"ReplayFunnel"}],"event_choices":[{"damage_healed":0.0,"max_hp_gain":0.0,"max_hp_loss":0.0,"gold_gain":0.0,"event_name":"betterThird:BetterScrap","player_choice":"Relic ","floor":11.0,"gold_loss":0.0,"damage_taken":7.0,"cards_obtained":["Wish"]}],"is_beta":false,"boss_relics":[],"items_purged_floors":[],"is_endless":false,"potions_floor_spawned":[6,12,15],"killed_by":"downfall:Defect","ascension_level":4}}