{"host":"0azimyi6n3ugndj4","time":1608638732,"event":{"mods":["BaseMod","Bestiary","Conspire","Curses Come First","Defuse TimeMaze Blight","Hyrulean Relics","Infinite Spire","Minty Spire (QoL Compilation)","Relic Sorter","Relic Stats","Replay The Spire","StSLib","SuperFastMode","Uncapped","¡¼?Úª?ø«¡½REMEMod"],"gold_per_floor":[129,129,186,246,11,11,101,101,148,148,148],"floor_reached":10,"playtime":182,"items_purged":["REME_GrazeFinale"],"score":207,"play_id":"8ee485b2-f306-4140-8fb2-d44ac4e26c96","local_time":"20201222210532","daily_mods":["Insanity","Chimera","Specialized","Vintage","ControlledChaos","Allstar","Diverse","Colorless Cards","Heirloom","Time Dilation","Binary","Elite Swarm","Lethality","Midas","Uncertain Future"],"is_ascension_mode":true,"campfire_choices":[{"floor":6,"key":"REST"}],"circlet_count":0,"master_deck":["Demon Form","Wraith Form v2","Echo Form","DevaForm","AscendersBane","Bash","Survivor","Zap","Strike_R","Strike_G","Strike_B","Defend_R","Defend_G","Defend_P","Clothesline","Dagger Spray","Wireheading","ReplayTheSpireMod:Strike From Hell","Wild Strike","Rupture","MentalFortress","Slice","Blade Dance","Shockwave","EmptyFist","Sucker Punch","REME_Whirling","Replay:Hum","conspire:PoisonWeapons","Prostrate","ReplaySort","Coolheaded","FlyingSleeves","Halt","REME_ShadowStrike","ReplaySolidLightProjector","True Grit","Replay:BluntJabs","Ball Lightning","Deadly Poison","Clothesline","Replay:Sssssssssshield","Deadly Poison","Run Through","Draining Mist","Backflip","FIFO Queue","DeceiveReality","SandsOfTime","Self Repair","Run Through","Sword Boomerang","Hologram","Recycle","PathToVictory","Self Repair","PiercingWail","Anger","Replay:Undeath\u0027s Touch","All Out Attack","ReplayTheSpireMod:System Scan","Steam","BasicCrystalCard","REME_SingleHolding","Blade Dance","Blade Dance","Blade Dance","Blade Dance","Blade Dance","Transmutation","Crow Ritual","REME_MagicPocketWatch","Transmutation","ReplayTheSpireMod:Brewmster","Masterful Stab","Double Tap","ReplayTheSpireMod:Doomed","Clumsy","ReplayTheSpireMod:??????????????????????"],"relics":["PureWater","Frozen Eye","REME_ComplimentaryCards","Dead Branch","Regal Pillow","Bag of Preparation","Replay:Ringing Soul","conspire:TreasureMap","zeldaRelics:CouragePiece"],"acts_visited":["Exordium"],"potions_floor_usage":[10],"damage_taken":[{"damage":6,"enemies":"Small Slimes","floor":1,"turns":3},{"damage":0,"enemies":"2 Louse","floor":3,"turns":1},{"damage":37,"enemies":"Jaw Worm","floor":4,"turns":5},{"damage":48,"enemies":"3 Sentries","floor":7,"turns":6},{"damage":35,"enemies":"Gremlin Nob","floor":10,"turns":3}],"seed_played":"6379908721308343360","potions_obtained":[{"floor":4,"key":"Venom Potion"}],"is_trial":true,"path_per_floor":["M","?","M","M","$","R","E","?","T","E"],"character_chosen":"WATCHER","items_purchased":["conspire:TreasureMap"],"campfire_rested":1,"item_purchase_floors":[5],"current_hp_per_floor":[55,55,55,25,25,60,22,25,25,0,0],"gold":148,"neow_bonus":"","is_daily":false,"chose_seed":false,"campfire_upgraded":0,"win_rate":0.0,"timestamp":1608638732,"path_taken":["M","?","M","M","$","R","E","?","T","E"],"items_purchased_type":["Relic"],"build_version":"2020-12-13","purchased_purges":1,"victory":false,"max_hp_per_floor":[68,68,68,68,68,68,71,74,74,74,74],"relic_stats":{"Regal Pillow":15,"counters":[5,18],"Dead Branch":[37],"Bag of Preparation":[6],"obtain_stats":[{"Frozen Eye":0,"Replay:Ringing Soul":4,"Regal Pillow":1,"conspire:TreasureMap":5,"Dead Branch":0,"Bag of Preparation":3,"zeldaRelics:CouragePiece":7,"PureWater":0,"REME_ComplimentaryCards":0},{"Frozen Eye":0,"Replay:Ringing Soul":3,"Regal Pillow":1,"conspire:TreasureMap":3,"Dead Branch":0,"Bag of Preparation":2,"zeldaRelics:CouragePiece":4,"PureWater":0,"REME_ComplimentaryCards":0},{"Frozen Eye":0,"Replay:Ringing Soul":9,"Regal Pillow":3,"conspire:TreasureMap":9,"Dead Branch":0,"Bag of Preparation":4,"zeldaRelics:CouragePiece":15,"PureWater":0,"REME_ComplimentaryCards":0}]},"card_choices":[{"not_picked":["Echo Form"],"picked":"Double Tap","floor":7},{"not_picked":["infinitespire:UltimateForm","infinitespire:NeuralNetwork"],"picked":"ReplayTheSpireMod:??????????????????????","floor":8}],"player_experience":1491593,"relics_obtained":[{"floor":1,"key":"Regal Pillow"},{"floor":3,"key":"Bag of Preparation"},{"floor":4,"key":"Replay:Ringing Soul"},{"floor":7,"key":"zeldaRelics:CouragePiece"},{"floor":9,"key":"zeldaRelics:CouragePiece"}],"event_choices":[{"damage_healed":0,"gold_gain":0,"cards_transformed":["Eruption"],"player_choice":"Change","damage_taken":0,"max_hp_gain":0,"max_hp_loss":0,"event_name":"Living Wall","floor":2,"gold_loss":0,"cards_obtained":["Masterful Stab"]}],"is_beta":false,"boss_relics":[],"items_purged_floors":[5],"is_endless":false,"potions_floor_spawned":[4],"killed_by":"Gremlin Nob","ascension_level":20}}