{"host":"rcanb95qz4o6v6pp","time":1608656161,"event":{"mods":["AchievementEnabler","BaseMod","Better Third Choice","Colored Map","Downfall","Minty Spire (QoL Compilation)","Replay The Spire","Spicy Shops","StSLib","The Blue Laboratory"],"gold_per_floor":[114,114,133,93,112,150,150,188,188,226,245,283,314,345,357,494,506,537,568,580,592,124,162,162,200,250,288,288,288,326,326,326,451,451,370,389,664,683,702,740,740,778,778,778,797,816,60,0,0,0],"floor_reached":51,"playtime":45218,"items_purged":["ReplayTheSpireMod:Splinters","Regret"],"score":838,"play_id":"8a49cbe9-ad2e-4573-ba0c-84d30a1be668","local_time":"20201222115601","daily_mods":["Heirloom","Vintage","Elite Swarm"],"is_ascension_mode":false,"campfire_choices":[{"floor":7,"key":"REST"},{"floor":15,"key":"REST"},{"data":"hexamod:EmpoweringStance","floor":24,"key":"SMITH"},{"data":"hexamod:GiftsFromTheDead","floor":24,"key":"SMITH"},{"floor":29,"key":"REST"},{"data":"1","floor":41,"key":"LIFT"},{"data":"2","floor":44,"key":"LIFT"},{"floor":49,"key":"REST"}],"circlet_count":0,"master_deck":["hexamod:Strike+1","hexamod:Strike+1","hexamod:Strike+1","hexamod:Strike+1","hexamod:Defend+1","hexamod:Defend+1","hexamod:Defend+1","hexamod:Defend+1","hexamod:Sear+1","hexamod:Float+1","hexamod:GiftsFromTheDead+1","hexamod:VolcanoVisage+1","hexamod:EmpoweringStance+1","hexamod:VolcanoVisage+1","hexamod:FirstSeal","hexamod:VolcanoVisage+1","hexamod:SixthSeal","hexamod:VolcanoVisage+1","hexamod:WildfireWeapon+1","Overencumbered","Parasite","hexamod:UnleashSpirits+1","hexamod:HexaLevel+1","hexamod:HauntingEcho+1"],"relics":["hexamod:SpiritBrand","Incense Burner","Pondfish Scales","Golden Idol","Ice Cream","Replay:Mystery Machine","The Courier","Shuriken","Pear","Replay:Arrowhead","Gremlin Food","MawBank","Quantum Egg","Replay:Wax Seal","hexamod:IceCube","Potion Belt","Replay:Bottled Flurry","Enchiridion","Lee\u0027s Waffle","Guardian:PocketSentry","hexamod:MatchstickCase","Vajra","Replay:PocketPolymizer","StrikeDummy","Blood Vial","Ancient Tea Set","Girya","Replay:Ancient Bell","War Paint","Golden Egg","Thread and Needle","Regal Pillow","Nunchaku","ReplayFunnel","Dream Catcher","Eternal Feather","White Beast Statue","Pantograph","Oddly Smooth Stone","Garlic","Snack Pack","champ:DuelingGlove","Akabeko","Red Mask"],"acts_visited":["Exordium","TheCity","TheBeyond"],"potions_floor_usage":[8,11,11,13,16,16,25,27,33,40,40,42,42,42,50,50,50,50],"damage_taken":[{"damage":0,"enemies":"Jaw Worm","floor":1,"turns":3},{"damage":0,"enemies":"2 Louse","floor":3,"turns":3},{"damage":0,"enemies":"Cultist","floor":5,"turns":3},{"damage":30,"enemies":"Gremlin Nob","floor":6,"turns":6},{"damage":0,"enemies":"Lagavulin","floor":8,"turns":5},{"damage":35,"enemies":"Gremlin Nob","floor":10,"turns":6},{"damage":0,"enemies":"2 Fungi Beasts","floor":11,"turns":1},{"damage":1,"enemies":"Replay:BlueRogue","floor":12,"turns":7},{"damage":0,"enemies":"3 Louse","floor":13,"turns":3},{"damage":0,"enemies":"Looter","floor":14,"turns":3},{"damage":15,"enemies":"The Guardian","floor":16,"turns":14},{"damage":6,"enemies":"Spheric Guardian","floor":18,"turns":7},{"damage":23,"enemies":"Chosen","floor":19,"turns":5},{"damage":9,"enemies":"Replay:Snechameleon","floor":23,"turns":5},{"damage":28,"enemies":"Slavers","floor":25,"turns":6},{"damage":21,"enemies":"Book of Stabbing","floor":27,"turns":6},{"damage":0,"enemies":"Replay:Snechameleon","floor":30,"turns":5},{"damage":25,"enemies":"Automaton","floor":33,"turns":8},{"damage":5,"enemies":"Orb Walker","floor":35,"turns":4},{"damage":0,"enemies":"3 Shapes","floor":36,"turns":5},{"damage":7,"enemies":"Writhing Mass","floor":38,"turns":7},{"damage":3,"enemies":"4 Shapes","floor":39,"turns":5},{"damage":1,"enemies":"Giant Head","floor":40,"turns":8},{"damage":21,"enemies":"Reptomancer","floor":42,"turns":4},{"damage":29,"enemies":"Maw","floor":45,"turns":6},{"damage":39,"enemies":"Transient","floor":46,"turns":5},{"damage":5,"enemies":"Replay:Hell Engine","floor":50,"turns":9}],"seed_played":"-7682526130134428503","potions_obtained":[{"floor":4,"key":"Explosive Potion"},{"floor":4,"key":"Slimebound:ThreeZeroPotion"},{"floor":4,"key":"Toxic Potion"},{"floor":8,"key":"blueLaboratory:BottledHope"},{"floor":11,"key":"Explosive Potion"},{"floor":12,"key":"Weak Potion"},{"floor":14,"key":"Guardian:BlockOnCardUsePotion"},{"floor":25,"key":"SkillPotion"},{"floor":27,"key":"blueLaboratory:NullPotion"},{"floor":32,"key":"Fire Potion"},{"floor":32,"key":"LiquidMemories"},{"floor":33,"key":"blueLaboratory:LouseDecoction"},{"floor":36,"key":"blueLaboratory:BottleOfVodka"},{"floor":39,"key":"blueLaboratory:BottleOfRum"},{"floor":42,"key":"champ:CounterPotion"},{"floor":45,"key":"blueLaboratory:BottledHope"},{"floor":46,"key":"blueLaboratory:BottleOfVodka"}],"is_trial":false,"path_per_floor":["M","?","M","?","M","E","R","E","T","E","M","E","M","M","R","B",null,"M","M","?","?","$","E","R","E","T","E","?","R","E","?","R_BF","B",null,"M","M","?","M","M","E","R","E","T","R","M","M","$","?","R","B",null],"character_chosen":"THE_SPIRIT","items_purchased":["Lee\u0027s Waffle","Guardian:PocketSentry","hexamod:MatchstickCase","Vajra","Snack Pack","PowerPotion","blueLaboratory:BottleOfVodka","hexamod:HauntingEcho","champ:DuelingGlove","Akabeko"],"campfire_rested":4,"item_purchase_floors":[22,22,22,22,47,47,47,47,47,47],"current_hp_per_floor":[70,53,53,53,53,23,44,44,54,19,19,18,18,18,42,27,80,74,51,44,28,87,85,85,64,64,52,52,78,87,87,87,62,87,87,87,87,80,86,87,87,73,73,87,65,28,28,28,81,87],"gold":0,"neow_bonus":"","is_daily":true,"chose_seed":false,"campfire_upgraded":2,"win_rate":0.0,"timestamp":1608656161,"path_taken":["M","?","M","?","M","E","R","E","T","E","M","E","M","?","R","BOSS","M","M","?","?","$","E","R","E","T","E","?","R","E","?","R_BF","BOSS","M","M","?","M","M","E","R","E","T","R","M","?","$","?","R","BOSS"],"items_purchased_type":["Relic","Relic","Relic","Relic","Relic","Potion","Potion","Card","Relic","Relic"],"build_version":"2020-12-13","purchased_purges":2,"victory":true,"max_hp_per_floor":[70,70,70,70,70,70,70,70,80,80,80,80,80,80,80,80,80,80,80,80,80,87,87,87,87,87,87,87,87,87,87,87,87,87,87,87,87,87,87,87,87,87,87,87,87,87,87,87,87,87],"card_choices":[{"not_picked":["hexamod:ApocalypticArmor","hexamod:SearingWound"],"picked":"hexamod:GiftsFromTheDead","floor":6},{"not_picked":["hexamod:SixthSeal","hexamod:WildfireWeapon","hexamod:GhostflameInferno"],"picked":"SKIP","floor":8},{"not_picked":["hexamod:WildfireWeapon","hexamod:TimeOfNeed"],"picked":"hexamod:VolcanoVisage","floor":10},{"not_picked":["hexamod:Toasty","hexamod:TimeOfNeed"],"picked":"hexamod:EmpoweringStance","floor":12},{"not_picked":["hexamod:GiftsFromTheDead","hexamod:Toasty"],"picked":"hexamod:VolcanoVisage","floor":16},{"not_picked":["hexamod:CrushingStance","hexamod:ApocalypticArmor"],"picked":"hexamod:VolcanoVisage","floor":23},{"not_picked":["hexamod:WildfireWeapon","hexamod:TimeWarp"],"picked":"hexamod:SixthSeal","floor":25},{"not_picked":["hexamod:UnlimitedPower","hexamod:CrushingStance"],"picked":"hexamod:VolcanoVisage","floor":27},{"not_picked":["hexamod:TimeWarp","hexamod:EmpoweringStance"],"picked":"hexamod:WildfireWeapon","floor":30},{"not_picked":["Sickly","Decay"],"picked":"Overencumbered","floor":34},{"not_picked":["Decay","Pain"],"picked":"ReplayTheSpireMod:IOU","floor":34},{"not_picked":["Shame","Injury"],"picked":"ReplayTheSpireMod:Splinters","floor":34},{"not_picked":["hexamod:TurnItUp","hexamod:UnlimitedPower"],"picked":"hexamod:UnleashSpirits","floor":40},{"not_picked":["hexamod:UnlimitedPower","hexamod:Toasty"],"picked":"hexamod:HexaLevel","floor":42}],"player_experience":1402717,"relics_obtained":[{"floor":1,"key":"Pondfish Scales"},{"floor":3,"key":"Ice Cream"},{"floor":5,"key":"Replay:Mystery Machine"},{"floor":6,"key":"The Courier"},{"floor":8,"key":"Shuriken"},{"floor":9,"key":"Pear"},{"floor":10,"key":"Replay:Arrowhead"},{"floor":11,"key":"Gremlin Food"},{"floor":12,"key":"MawBank"},{"floor":13,"key":"Quantum Egg"},{"floor":14,"key":"Replay:Wax Seal"},{"floor":18,"key":"Potion Belt"},{"floor":19,"key":"Replay:Bottled Flurry"},{"floor":21,"key":"Enchiridion"},{"floor":23,"key":"Replay:PocketPolymizer"},{"floor":25,"key":"StrikeDummy"},{"floor":26,"key":"Blood Vial"},{"floor":27,"key":"Ancient Tea Set"},{"floor":30,"key":"Girya"},{"floor":35,"key":"Regal Pillow"},{"floor":36,"key":"Nunchaku"},{"floor":38,"key":"ReplayFunnel"},{"floor":39,"key":"Dream Catcher"},{"floor":40,"key":"Eternal Feather"},{"floor":42,"key":"White Beast Statue"},{"floor":43,"key":"Pantograph"},{"floor":45,"key":"Oddly Smooth Stone"},{"floor":46,"key":"Garlic"}],"event_choices":[{"damage_healed":0,"gold_gain":0,"player_choice":"Take Damage","damage_taken":17,"relics_obtained":["Golden Idol"],"max_hp_gain":0,"max_hp_loss":0,"event_name":"Golden Idol","floor":2,"gold_loss":0},{"damage_healed":0,"gold_gain":0,"player_choice":"Bought 3 Potions","damage_taken":0,"max_hp_gain":0,"max_hp_loss":0,"event_name":"The Woman in Blue","floor":4,"gold_loss":0},{"damage_healed":0,"gold_gain":0,"player_choice":"Obtained Book","damage_taken":16,"max_hp_gain":0,"max_hp_loss":0,"event_name":"Cursed Tome","floor":21,"gold_loss":0},{"damage_healed":0,"gold_gain":0,"player_choice":"Ignored","damage_taken":0,"max_hp_gain":0,"max_hp_loss":0,"event_name":"Beggar","floor":28,"gold_loss":0},{"damage_healed":0,"gold_gain":275,"player_choice":"Desecrate","damage_taken":0,"max_hp_gain":0,"max_hp_loss":0,"event_name":"Golden Shrine","floor":37,"gold_loss":0,"cards_obtained":["Regret"]},{"damage_healed":0,"gold_gain":0,"player_choice":"Paid","damage_taken":0,"relics_obtained":["Red Mask"],"max_hp_gain":0,"max_hp_loss":0,"event_name":"Tomb of Lord Red Mask","floor":48,"gold_loss":60}],"is_beta":false,"boss_relics":[{"not_picked":["Sozu","Replay:Drink Me"],"picked":"hexamod:IceCube"},{"not_picked":["Pandora\u0027s Box","sneckomod:SneckoTalon"],"picked":"Replay:Ancient Bell"},{"not_picked":["Happy Flower","ReplayTheSpireMod:TigerMarble"],"picked":"War Paint"},{"not_picked":["Replay:Accelerometer","HornCleat"],"picked":"Golden Egg"},{"not_picked":["Calipers","Replay:Kaleidoscope"],"picked":"Thread and Needle"}],"items_purged_floors":[47,47],"is_endless":false,"potions_floor_spawned":[8,11,12,14,25,27,33,36,39,42,45,46],"ascension_level":0}}