{"host":"yiap6yub505sf01z","time":1608618184,"event":{"mods":["BaseMod","BetterRewards","Downfall","Marisa£®ÏF”Í°°ƒß¿Ì…≥£©","Minty Spire (QoL Compilation)","Remilia£®¿Ÿ√◊¿Ú—«£©","Replay The Spire","Shop Mod","StSLib","The Servant 0.9.4","Youmu£®ªÍ∆«—˝√Œ£©"],"gold_per_floor":[112,125,144,144,162,182,212,212,286,307,307,317,9187,9203,9203,9298,9298,9312,9312,9312,9312,9331,9331,9360,9375,9401,9411,8181,8211,6976,6989,6989,7085,7085,7104,7104,7104,7122,7169,7196,7196,6326,6351,5439,5459,5494,5716,5726,5726,5726],"floor_reached":51,"playtime":4048,"items_purged":[],"score":877,"play_id":"644dfe95-b97c-445e-a244-202c905d2803","local_time":"20201222142304","is_ascension_mode":false,"campfire_choices":[{"floor":8,"key":"REST"},{"data":"Replay:SS_hec_2","floor":15,"key":"SMITH"},{"data":"Slimebound:LeadByExample","floor":23,"key":"SMITH"},{"data":"Slimebound:Gluttony","floor":32,"key":"SMITH"},{"data":"Slimebound:MassFeed","floor":41,"key":"SMITH"},{"floor":49,"key":"DIG"}],"circlet_count":0,"master_deck":["Slimebound:Strike_Slimebound","Slimebound:Strike_Slimebound","Slimebound:Strike_Slimebound","Slimebound:Tackle","Slimebound:Defend_Slimebound","Slimebound:Defend_Slimebound","Slimebound:Defend_Slimebound","Slimebound:Defend_Slimebound","Slimebound:Split","Slimebound:CorrosiveSpit","Slimebound:AcidTongue","Slimebound:Repurpose","Slimebound:GrowthPunch","Slimebound:SplitMire","Slimebound:RallyTheTroops+1","Slimebound:Teamwork+1","Slimebound:LeadByExample+1","Slimebound:GoopSpray","Slimebound:Nibble","Slimebound:Grow+1","Violence+1","Replay:SS_hec_2+1","Slimebound:SplitLeeching","Slimebound:LeechLife","Slimebound:Gluttony+1","Jack Of All Trades","Slimebound:SplitBruiser","Slimebound:Equalize","Slimebound:SpikyOuterGoop","Slimebound:SpikyOuterGoop","Violence","Replay:SS_forest_2","Slimebound:LevelUp","Slimebound:SplitBruiser","Slimebound:LeechEnergy","Slimebound:AcidTongue","Slimebound:Repurpose","Slimebound:HauntingLick","Slimebound:GrowthPunch","Survey Options","Sadistic Nature","Slimebound:Gluttony+1","Slimebound:SplitAcid","Slimebound:MassFeed+1","Slimebound:ProtectTheBoss+1","Slimebound:Repurpose","Slimebound:SplitBruiser+1","Pot Of Greed","Pot Of Greed","Pot Of Greed","Pot Of Greed","Pot Of Greed","Slimebound:LeechEnergy+1","Slimebound:Repurpose","Slimebound:Grow","Slimebound:SplitLeeching","Slimebound:SplitBruiser","expansioncontent:Corrupt","Slimebound:LeechEnergy","Midas Touch+1","Replay:SS_hec_4","Slimebound:ProtectTheBoss","Slimebound:SplitBruiser+1","Slimebound:MinionMaster","Pot Of Greed","Slimebound:Nibble+1"],"relics":["Slimebound:AbsorbEndCombat","FossilizedHelix","Replay:Kaleidoscope","Meat on the Bone","Odd Mushroom","MerchantsRug","Juzu Bracelet","Replay:Mystery Machine","Medical Kit","ChewingGum","ReplayTheSpireMod:TigerMarble","Mercury Hourglass","MealTicket","CaptainsWheel","Gambling Chip","Strange Spoon","Red Mask","Mummified Hand","Replay:PocketPolymizer","Slimebound:SelfDamagePreventRelic","SlaversCollar","Ring of Panic","Ice Cream","Grinning Jar","Blue Doll","Pen Nib","Guide Book","Happy Flower","Replay:Arrowhead","Gremlin Food","Frozen Eye","Mirror","Pet Ghost"],"acts_visited":["Exordium","TheCity","TheBeyond"],"potions_floor_usage":[16,50,50],"damage_taken":[{"damage":8,"enemies":"Cultist","floor":1,"turns":3},{"damage":20,"enemies":"Jaw Worm","floor":2,"turns":3},{"damage":12,"enemies":"Small Slimes","floor":3,"turns":3},{"damage":10,"enemies":"2 Fungi Beasts","floor":5,"turns":3},{"damage":27,"enemies":"Lots of Slimes","floor":6,"turns":6},{"damage":42,"enemies":"3 Sentries","floor":7,"turns":7},{"damage":22,"enemies":"The Mushroom Lair","floor":10,"turns":4},{"damage":4,"enemies":"Large Slime","floor":12,"turns":5},{"damage":5,"enemies":"Blue Slaver","floor":14,"turns":3},{"damage":59,"enemies":"The Guardian","floor":16,"turns":13},{"damage":22,"enemies":"3 Byrds","floor":18,"turns":5},{"damage":22,"enemies":"Chosen","floor":22,"turns":4},{"damage":33,"enemies":"Book of Stabbing","floor":24,"turns":6},{"damage":28,"enemies":"Shelled Parasite and Fungi","floor":25,"turns":4},{"damage":14,"enemies":"Snake Plant","floor":27,"turns":5},{"damage":32,"enemies":"Masked Bandits","floor":29,"turns":3},{"damage":8,"enemies":"Snecko","floor":31,"turns":4},{"damage":26,"enemies":"Champ","floor":33,"turns":9},{"damage":16,"enemies":"Orb Walker","floor":35,"turns":3},{"damage":9,"enemies":"3 Darklings","floor":38,"turns":3},{"damage":57,"enemies":"2 Orb Walkers","floor":39,"turns":5},{"damage":22,"enemies":"Giant Head","floor":40,"turns":7},{"damage":34,"enemies":"4 Shapes","floor":45,"turns":2},{"damage":29,"enemies":"Reptomancer","floor":46,"turns":5},{"damage":16,"enemies":"Writhing Mass","floor":48,"turns":6},{"damage":33,"enemies":"Awakened One","floor":50,"turns":6}],"seed_played":"-1659072216253566551","potions_obtained":[{"floor":3,"key":"Venom Potion"},{"floor":6,"key":"Guardian:BlockOnCardUsePotion"},{"floor":10,"key":"PowerPotion"},{"floor":14,"key":"Languid Potion"},{"floor":16,"key":"champ:CounterPotion"},{"floor":25,"key":"Block Potion"},{"floor":29,"key":"AttackPotion"},{"floor":40,"key":"Slimebound:ThreeZeroPotion"}],"is_trial":false,"path_per_floor":["M","M","M","?","M","M","E","R","T","?","?","M","$","M","R","B",null,"M","?","?","?","M","R","E","M","T","M","$","?","$","M","R","B",null,"M","?","?","M","?","E","R","$","T","$","M","E","?","M","R","B",null],"character_chosen":"SLIMEBOUND","items_purchased":["Slimebound:Nibble","MerchantsRug","Slimebound:Grow","Violence","Replay:SS_hec_2","Slimebound:PressTheAttack","Juzu Bracelet","Replay:Mystery Machine","Medical Kit","CaptainsWheel","Gambling Chip","Strange Spoon","Violence","Replay:SS_forest_2","Slimebound:LevelUp","Slimebound:SplitBruiser","Slimebound:LeechEnergy","Mummified Hand","Replay:PocketPolymizer","Slimebound:SelfDamagePreventRelic","Slimebound:AcidTongue","Slimebound:Repurpose","Slimebound:HauntingLick","Slimebound:GrowthPunch","Survey Options","Sadistic Nature","Blue Doll","Pen Nib","Guide Book","Slimebound:Grow","Slimebound:SplitLeeching","Slimebound:SplitBruiser","expansioncontent:Corrupt","Slimebound:LeechEnergy","Replay:Arrowhead","Gremlin Food","Frozen Eye","Midas Touch+1","Replay:SS_hec_4","Slimebound:ProtectTheBoss"],"campfire_rested":1,"item_purchase_floors":[13,13,13,13,13,13,13,13,13,28,28,28,28,28,28,28,28,30,30,30,30,30,30,30,30,30,42,42,42,42,42,42,42,42,44,44,44,44,44,44],"current_hp_per_floor":[59,51,55,55,57,60,44,60,60,55,55,60,60,59,59,53,60,50,50,50,50,52,52,60,56,56,60,60,56,60,60,60,60,60,52,52,52,63,42,61,61,63,63,63,41,58,58,61,61,63],"gold":5726,"neow_bonus":"","is_daily":false,"chose_seed":false,"campfire_upgraded":4,"win_rate":0.0,"timestamp":1608618184,"path_taken":["M","?","M","?","?","M","E","R","T","?","?","M","$","M","R","BOSS","M","?","?","?","M","R","E","M","T","M","$","?","$","M","R","BOSS","M","?","?","M","?","E","R","$","T","$","M","E","?","M","R","BOSS"],"items_purchased_type":["Card","Relic","Card","Card","Card","Card","Relic","Relic","Relic","Relic","Relic","Relic","Card","Card","Card","Card","Card","Relic","Relic","Relic","Card","Card","Card","Card","Card","Card","Relic","Relic","Relic","Card","Card","Card","Card","Card","Relic","Relic","Relic","Card","Card","Card"],"build_version":"2020-12-13","purchased_purges":0,"victory":true,"max_hp_per_floor":[60,60,60,60,60,60,60,60,60,60,60,60,60,60,60,60,60,60,60,60,60,60,60,60,60,60,60,60,60,60,60,60,60,60,60,60,60,63,63,63,63,63,63,63,63,63,63,63,63,63],"card_choices":[{"not_picked":["Slimebound:FinishingTackle","Slimebound:Chomp"],"picked":"Slimebound:AcidTongue","floor":1},{"not_picked":["Slimebound:ViciousTackle","Slimebound:SlimeSpikes"],"picked":"Slimebound:Repurpose","floor":2},{"not_picked":["Slimebound:SplitAcid","Slimebound:FinishingTackle"],"picked":"Slimebound:GrowthPunch","floor":3},{"not_picked":["Slimebound:GoopSpray","Slimebound:DisruptingSlam"],"picked":"Slimebound:SplitMire","floor":5},{"not_picked":["Slimebound:SlimeBarrage","Slimebound:LeechEnergy"],"picked":"Slimebound:RallyTheTroops","floor":6},{"not_picked":["Slimebound:SlimeBarrage","Slimebound:LeadByExample"],"picked":"Slimebound:Teamwork","floor":7},{"not_picked":["Slimebound:RejuvenatingLick","Slimebound:LeechEnergy"],"picked":"Slimebound:LeadByExample","floor":10},{"not_picked":["Slimebound:FormOfPuddle","Slimebound:BestDefense"],"picked":"Slimebound:GoopSpray","floor":12},{"not_picked":["Slimebound:PressTheAttack","Slimebound:AcidTongue"],"picked":"Slimebound:SplitLeeching","floor":14},{"not_picked":["Slimebound:WasteNot","Slimebound:RallyTheTroops"],"picked":"Slimebound:LeechLife","floor":16},{"not_picked":["Slimebound:GoopSpray","Slimebound:ViciousTackle+1"],"picked":"Slimebound:Gluttony+1","floor":18},{"not_picked":["Slimebound:LeechEnergy","Slimebound:PressTheAttack+1"],"picked":"Slimebound:SplitBruiser","floor":22},{"not_picked":["Slimebound:RollThrough","Slimebound:ComboTackle"],"picked":"Slimebound:Equalize","floor":24},{"not_picked":["Slimebound:MegaLick","Slimebound:GrowthPunch"],"picked":"Slimebound:SpikyOuterGoop","floor":25},{"not_picked":["Slimebound:SlimeBrawl","Slimebound:SlimeSpikes"],"picked":"Slimebound:SpikyOuterGoop","floor":27},{"not_picked":["Slimebound:ViciousTackle","Slimebound:BestDefense"],"picked":"Slimebound:AcidTongue","floor":29},{"not_picked":["Slimebound:PressTheAttack+1","Slimebound:Schlurp"],"picked":"Slimebound:Gluttony","floor":31},{"not_picked":["Slimebound:Teamwork","Slimebound:DuplicatedForm"],"picked":"Slimebound:MassFeed","floor":33},{"not_picked":["Slimebound:LeadByExample","Slimebound:GoopSpray+1"],"picked":"Slimebound:ProtectTheBoss+1","floor":35},{"not_picked":["Slimebound:Dissolve","Slimebound:DisruptingSlam+1"],"picked":"Slimebound:Repurpose","floor":38},{"not_picked":["Slimebound:FormOfPuddle+1","Slimebound:MegaLick"],"picked":"Slimebound:SplitBruiser+1","floor":39},{"not_picked":["Slimebound:OozeBath","Slimebound:ViciousTackle"],"picked":"Slimebound:LeechEnergy+1","floor":40},{"not_picked":["Slimebound:Schlurp","Slimebound:RainOfGoop+1"],"picked":"Slimebound:SplitBruiser+1","floor":45},{"not_picked":["Slimebound:AcidTongue+1","Slimebound:GrowthPunch+1"],"picked":"Slimebound:MinionMaster","floor":46},{"not_picked":["Slimebound:PressTheAttack+1","Slimebound:Chomp+1"],"picked":"Slimebound:Nibble+1","floor":48}],"player_experience":18854,"relics_obtained":[{"floor":7,"key":"Replay:Kaleidoscope"},{"floor":9,"key":"Meat on the Bone"},{"floor":10,"key":"Odd Mushroom"},{"floor":24,"key":"Mercury Hourglass"},{"floor":26,"key":"MealTicket"},{"floor":29,"key":"Red Mask"},{"floor":36,"key":"Ring of Panic"},{"floor":39,"key":"Ice Cream"},{"floor":40,"key":"Grinning Jar"},{"floor":43,"key":"Happy Flower"},{"floor":46,"key":"Mirror"},{"floor":49,"key":"Pet Ghost"}],"event_choices":[{"damage_healed":0,"gold_gain":0,"player_choice":"Gave Potion","damage_taken":0,"relics_obtained":["FossilizedHelix"],"max_hp_gain":0,"max_hp_loss":0,"event_name":"WeMeetAgain","floor":4,"gold_loss":0},{"damage_healed":0,"gold_gain":0,"player_choice":"Fought Mushrooms","damage_taken":0,"max_hp_gain":0,"max_hp_loss":0,"event_name":"Mushrooms","floor":10,"gold_loss":0},{"damage_healed":0,"gold_gain":0,"player_choice":"Upgraded","damage_taken":0,"max_hp_gain":0,"max_hp_loss":0,"event_name":"Upgrade Shrine","floor":19,"gold_loss":0,"cards_upgraded":["Slimebound:Grow"]},{"damage_healed":0,"gold_gain":0,"player_choice":"Opened","damage_taken":0,"relics_obtained":["ReplayTheSpireMod:TigerMarble"],"max_hp_gain":0,"max_hp_loss":0,"event_name":"The Mausoleum","floor":20,"gold_loss":0},{"damage_healed":0,"gold_gain":0,"player_choice":"1 cards matched","damage_taken":0,"max_hp_gain":0,"max_hp_loss":0,"event_name":"Match and Keep!","floor":21,"gold_loss":0,"cards_obtained":["Jack Of All Trades"]},{"damage_healed":0,"gold_gain":0,"player_choice":"Fought Bandits","damage_taken":0,"max_hp_gain":0,"max_hp_loss":0,"event_name":"Masked Bandits","floor":29,"gold_loss":0},{"damage_healed":0,"gold_gain":0,"player_choice":"Ignored","damage_taken":0,"max_hp_gain":0,"max_hp_loss":0,"event_name":"Golden Shrine","floor":37,"gold_loss":0},{"damage_healed":0,"gold_gain":0,"player_choice":"Fight","damage_taken":0,"max_hp_gain":0,"max_hp_loss":0,"event_name":"Mysterious Sphere","floor":39,"gold_loss":0},{"damage_healed":0,"gold_gain":222,"player_choice":"Wore Mask","damage_taken":0,"max_hp_gain":0,"max_hp_loss":0,"event_name":"Tomb of Lord Red Mask","floor":47,"gold_loss":0}],"is_beta":false,"boss_relics":[{"not_picked":["Velvet Choker","SacredBark"],"picked":"ChewingGum"},{"not_picked":["Slimebound:TarBlob","ReplayTheSpireMod:DimensionalGlitch"],"picked":"SlaversCollar"}],"items_purged_floors":[],"is_endless":false,"potions_floor_spawned":[3,6,10,14,16,25,29,31,38,40,45],"ascension_level":0}}