{"host":"yn17ruofed46ymbq","time":1608663897,"event":{"mods":["AchievementEnabler","BaseMod","Colored Map","Colored Powertips","DeckTracker","Highlight Path","Keyboard Shortcuts","Minty Spire (QoL Compilation)","Permanent Neow","Quick Restart","Rare Cards Sparkle","Relic Stats","SuperFastMode"],"gold_per_floor":[19,19,38,48,59,91,91,109,109,127,127,137,169,188,188,291,291,307,78,78,97,97,97,126,126,126,126,126,141,59,89,89,89,89],"floor_reached":33,"playtime":1468,"items_purged":[],"score":386,"play_id":"74af7b9f-e584-4cab-a5f1-354d4fbee149","local_time":"20201223040457","is_ascension_mode":true,"campfire_choices":[{"data":"Infernal Blade","floor":7.0,"key":"SMITH"},{"data":"Hemokinesis","floor":11.0,"key":"SMITH"},{"floor":15.0,"key":"REST"},{"data":"Corruption","floor":23.0,"key":"SMITH"},{"floor":25,"key":"REST"},{"floor":28,"key":"REST"},{"floor":32,"key":"REST"}],"circlet_count":0,"master_deck":["Strike_R","Strike_R","Strike_R","Strike_R","Defend_R","Defend_R","Defend_R","Bash","Whirlwind","Corruption+1","Carnage","Infernal Blade+1","Bloodletting","Sentinel","Hemokinesis+1","Battle Trance","Shrug It Off","Shockwave","Impervious","Evolve+1","Dark Embrace+1","Feel No Pain+1","Shrug It Off","Wild Strike+1","Flash of Steel","Double Tap"],"relics":["Burning Blood","Oddly Smooth Stone","Matryoshka","Frozen Egg 2","Black Star","OrangePellets","Bottled Tornado","Ancient Tea Set","Art of War","Centennial Puzzle","Sundial","MealTicket"],"acts_visited":["Exordium","TheCity"],"potions_floor_usage":[24,33,33],"damage_taken":[{"damage":9.0,"enemies":"2 Louse","floor":1.0,"turns":2.0},{"damage":10.0,"enemies":"Cultist","floor":3.0,"turns":4.0},{"damage":0.0,"enemies":"Small Slimes","floor":4.0,"turns":3.0},{"damage":0.0,"enemies":"3 Louse","floor":5.0,"turns":1.0},{"damage":19.0,"enemies":"Gremlin Nob","floor":6.0,"turns":3.0},{"damage":9.0,"enemies":"Blue Slaver","floor":8.0,"turns":3.0},{"damage":13.0,"enemies":"Looter","floor":10.0,"turns":3.0},{"damage":8.0,"enemies":"3 Louse","floor":12.0,"turns":2.0},{"damage":21.0,"enemies":"Lagavulin","floor":13.0,"turns":5.0},{"damage":8.0,"enemies":"Exordium Thugs","floor":14.0,"turns":3.0},{"damage":22.0,"enemies":"Slime Boss","floor":16.0,"turns":7.0},{"damage":5.0,"enemies":"3 Byrds","floor":18.0,"turns":5.0},{"damage":28.0,"enemies":"Spheric Guardian","floor":21.0,"turns":4.0},{"damage":32,"enemies":"Slavers","floor":24,"turns":6},{"damage":5,"enemies":"Snecko","floor":29,"turns":4},{"damage":27,"enemies":"Gremlin Leader","floor":31,"turns":9},{"damage":99,"enemies":"Champ","floor":33,"turns":13}],"seed_played":"-5359028982101067513","potions_obtained":[{"floor":1.0,"key":"BlessingOfTheForge"},{"floor":3.0,"key":"GamblersBrew"},{"floor":5.0,"key":"Swift Potion"},{"floor":8.0,"key":"Ancient Potion"},{"floor":24,"key":"FairyPotion"},{"floor":31,"key":"Block Potion"}],"is_trial":false,"path_per_floor":["M","?","M","M","M","E","R","M","T","M","R","M","E","M","R","B",null,"M","$","?","M","?","R","E","R","T","?","R","M","$","E","R","B"],"character_chosen":"IRONCLAD","items_purchased":["Dark Embrace+1","OrangePellets","Flash of Steel"],"campfire_rested":4,"item_purchase_floors":[19,19,30],"current_hp_per_floor":[69,69,65,71,77,64,64,61,61,54,54,52,37,35,59,43,71,72,72,72,50,50,50,24,48,48,33,58,59,59,38,63,0,0],"gold":89,"neow_bonus":"REMOVE_TWO","is_daily":false,"chose_seed":false,"campfire_upgraded":3,"win_rate":0.0,"timestamp":1608663897,"path_taken":["M","?","M","?","M","E","R","M","T","M","R","M","E","M","R","BOSS","M","$","?","M","?","R","E","R","T","?","R","M","?","E","R","BOSS"],"items_purchased_type":["Card","Relic","Card"],"build_version":"2020-12-13","purchased_purges":0,"victory":false,"max_hp_per_floor":[80,80,80,80,80,80,80,80,80,80,80,80,80,80,80,80,80,80,80,80,80,80,80,80,80,80,85,85,85,85,85,85,85,85],"relic_stats":{"OrangePellets":[3],"Centennial Puzzle":[9],"counters":[17,77],"Sundial":[4],"MealTicket":0,"Black Star":2,"Art of War":[5],"obtain_stats":[{"OrangePellets":19,"Centennial Puzzle":26,"Matryoshka":9,"Sundial":31,"Oddly Smooth Stone":6,"MealTicket":31,"Black Star":17,"Art of War":26,"Frozen Egg 2":13,"Bottled Tornado":24,"Ancient Tea Set":24,"Burning Blood":0},{"OrangePellets":12,"Centennial Puzzle":14,"Matryoshka":6,"Sundial":16,"Oddly Smooth Stone":5,"MealTicket":16,"Black Star":11,"Art of War":14,"Frozen Egg 2":9,"Bottled Tornado":14,"Ancient Tea Set":14,"Burning Blood":0},{"OrangePellets":41,"Centennial Puzzle":51,"Matryoshka":16,"Sundial":64,"Oddly Smooth Stone":13,"MealTicket":64,"Black Star":36,"Art of War":51,"Frozen Egg 2":26,"Bottled Tornado":51,"Ancient Tea Set":51,"Burning Blood":0}],"Burning Blood":96},"card_choices":[{"not_picked":["Body Slam","Warcry"],"picked":"Whirlwind","floor":1.0},{"not_picked":["Disarm","Inflame"],"picked":"Carnage","floor":3.0},{"not_picked":["Flex","Heavy Blade"],"picked":"Infernal Blade","floor":4.0},{"not_picked":["Thunderclap","Flex"],"picked":"Bloodletting","floor":5.0},{"not_picked":["Burning Pact","Body Slam"],"picked":"Sentinel","floor":6.0},{"not_picked":["Armaments","Perfected Strike"],"picked":"Hemokinesis","floor":8.0},{"not_picked":["Thunderclap","Sever Soul"],"picked":"Battle Trance","floor":10.0},{"not_picked":["Dual Wield","Reckless Charge"],"picked":"Shrug It Off","floor":12.0},{"not_picked":["Armaments","Dual Wield","Corruption+1"],"picked":"SKIP","floor":13.0},{"not_picked":["Reckless Charge","Armaments"],"picked":"Shockwave","floor":14.0},{"not_picked":["Fiend Fire","Limit Break"],"picked":"Impervious","floor":16.0},{"not_picked":["Shrug It Off","Seeing Red"],"picked":"Evolve+1","floor":18.0},{"not_picked":["Evolve+1","True Grit","Sentinel"],"picked":"SKIP","floor":21.0},{"not_picked":["Havoc","Fiend Fire"],"picked":"Shrug It Off","floor":24},{"not_picked":["Searing Blow","Flex+1"],"picked":"Wild Strike+1","floor":29},{"not_picked":["Armaments","Clash"],"picked":"Double Tap","floor":31}],"player_experience":426770,"relics_obtained":[{"floor":6.0,"key":"Oddly Smooth Stone"},{"floor":9.0,"key":"Matryoshka"},{"floor":13.0,"key":"Frozen Egg 2"},{"floor":24,"key":"Bottled Tornado"},{"floor":24,"key":"Ancient Tea Set"},{"floor":26,"key":"Art of War"},{"floor":26,"key":"Centennial Puzzle"},{"floor":31,"key":"Sundial"},{"floor":31,"key":"MealTicket"}],"event_choices":[{"damage_healed":0.0,"max_hp_gain":0.0,"max_hp_loss":0.0,"gold_gain":0.0,"event_name":"Match and Keep!","player_choice":"1 cards matched","floor":2.0,"gold_loss":0.0,"damage_taken":0.0,"cards_obtained":["Corruption"]},{"damage_healed":0.0,"max_hp_gain":0.0,"max_hp_loss":0.0,"gold_gain":0.0,"event_name":"Ghosts","player_choice":"Ignored","floor":20.0,"gold_loss":0.0,"damage_taken":0.0},{"damage_healed":0.0,"max_hp_gain":0.0,"max_hp_loss":0.0,"gold_gain":0.0,"event_name":"The Library","player_choice":"Read","floor":22.0,"gold_loss":0.0,"damage_taken":0.0,"cards_obtained":["Feel No Pain"]},{"damage_healed":0,"gold_gain":0,"player_choice":"Shed Blood","damage_taken":20,"max_hp_gain":5,"max_hp_loss":0,"event_name":"Forgotten Altar","floor":27,"gold_loss":0}],"is_beta":false,"boss_relics":[{"not_picked":["Empty Cage","SlaversCollar"],"picked":"Black Star"}],"items_purged_floors":[],"is_endless":false,"potions_floor_spawned":[1,3,5,8,13,21,24,31],"killed_by":"Champ","ascension_level":6}}