{"host":"1g0zx6fxgd1m75qs","time":1608652840,"event":{"mods":["Act Like it!","BaseMod","GifTheSpireLib","Googly Eyes","Ironclad Rager","Menagerie","Minty Spire (QoL Compilation)","StSLib"],"gold_per_floor":[119,47,61,61,30,45,51,68,68,68,68,68,18,28,28,88,88,102,102,85,48,48,67,67,67,67],"floor_reached":25,"playtime":849,"items_purged":["Strike_R"],"score":225,"play_id":"16b0ba41-8b13-4def-a550-97585f8c9edf","local_time":"20201222170040","is_ascension_mode":false,"campfire_choices":[{"data":"Menagerie:MirarisWake","floor":11,"key":"SMITH"},{"floor":15,"key":"REST"}],"circlet_count":0,"master_deck":["Strike_R","Strike_R+1","Defend_R","Defend_R","Defend_R","Defend_R","Bash","Flex","Fire Breathing","Dark Embrace","Doubt","Menagerie:MirarisWake+1","Menagerie:SteelWall","Menagerie:LightningBolt","Disarm","Power Through","Injury","Immolate","Wild Strike","Dark Embrace","Limit Break","Evolve","Second Wind+1","Bash","Offering"],"relics":["Burning Blood","Smiling Mask","Menagerie:Aurumvore","Du-Vu Doll","Bottled Tornado","Golden Idol","Menagerie:HuntersKnife","Sozu","Kunai"],"acts_visited":["Menagerie:Menagerie","TheCity"],"potions_floor_usage":[16,20,23],"damage_taken":[{"damage":4,"enemies":"Menagerie:WhisperingWraith","floor":1,"turns":4},{"damage":10,"enemies":"Menagerie:StygianBoar","floor":3,"turns":4},{"damage":32,"enemies":"Menagerie:MaskedSummoner","floor":6,"turns":8},{"damage":5,"enemies":"Menagerie:MonstrousExperiment","floor":7,"turns":4},{"damage":15,"enemies":"Menagerie:Hydra","floor":8,"turns":7},{"damage":16,"enemies":"Menagerie:Chimera","floor":16,"turns":8},{"damage":27,"enemies":"3 Byrds","floor":18,"turns":4},{"damage":27,"enemies":"2 Thieves","floor":20,"turns":4},{"damage":44,"enemies":"Book of Stabbing","floor":23,"turns":6},{"damage":11,"enemies":"Snake Plant","floor":25,"turns":2}],"seed_played":"-6078097274942679187","potions_obtained":[{"floor":3,"key":"DuplicationPotion"},{"floor":7,"key":"HeartOfIron"},{"floor":8,"key":"Explosive Potion"}],"is_trial":false,"path_per_floor":["M","$","M","?","?","E","M","E","T","?","R","?","$","?","R","B",null,"M","?","M","$","?","E","?","M"],"character_chosen":"IRONCLAD","items_purchased":["Fire Breathing","Evolve"],"campfire_rested":1,"item_purchase_floors":[2,21],"current_hp_per_floor":[80,80,76,72,72,46,47,38,38,38,38,38,38,38,58,48,67,46,46,25,25,47,9,9,0,0],"gold":67,"neow_bonus":"RANDOM_COMMON_RELIC","is_daily":false,"chose_seed":false,"campfire_upgraded":1,"win_rate":0.0,"timestamp":1608652840,"path_taken":["M","$","M","?","?","E","?","E","T","?","R","?","$","?","R","BOSS","M","?","M","$","?","E","?","M"],"items_purchased_type":["Card","Card"],"build_version":"2020-12-13","purchased_purges":1,"victory":false,"max_hp_per_floor":[80,80,80,72,72,72,72,72,72,72,72,67,67,67,67,67,67,67,67,67,67,67,67,67,67,67],"card_choices":[{"not_picked":["Cleave","Havoc"],"picked":"Flex","floor":1},{"not_picked":["Pommel Strike","Hemokinesis"],"picked":"Dark Embrace","floor":3},{"not_picked":["Menagerie:DarkRitual","Menagerie:Skullclamp"],"picked":"Menagerie:MirarisWake","floor":4},{"not_picked":["Menagerie:LightningHelix","Menagerie:Tinker"],"picked":"Menagerie:SteelWall","floor":4},{"not_picked":["Menagerie:LoxodonWarhammer","Menagerie:RelicOfProgenitus"],"picked":"Menagerie:LightningBolt","floor":4},{"not_picked":["Clash","Body Slam"],"picked":"Disarm","floor":6},{"not_picked":["Sentinel","Pommel Strike","Carnage"],"picked":"SKIP","floor":7},{"not_picked":["Thunderclap","Dropkick"],"picked":"Power Through","floor":8},{"not_picked":["Barricade","Feed"],"picked":"Immolate","floor":16},{"not_picked":["Iron Wave","Disarm"],"picked":"Wild Strike","floor":18},{"not_picked":["Pommel Strike","Bloodletting","Uppercut+1"],"picked":"SKIP","floor":20},{"not_picked":["True Grit","Armaments"],"picked":"Second Wind+1","floor":23}],"player_experience":386658,"relics_obtained":[{"floor":6,"key":"Du-Vu Doll"},{"floor":8,"key":"Bottled Tornado"},{"floor":23,"key":"Kunai"}],"event_choices":[{"damage_healed":0,"gold_gain":0,"player_choice":"Read","damage_taken":0,"max_hp_gain":0,"max_hp_loss":8,"event_name":"Menagerie:OvergrownLibrary","floor":4,"gold_loss":0,"cards_obtained":["Doubt"]},{"damage_healed":0,"gold_gain":0,"player_choice":"Pacify","damage_taken":0,"relics_obtained":["Menagerie:Aurumvore"],"max_hp_gain":0,"max_hp_loss":0,"event_name":"Menagerie:ScentOfGold","floor":5,"gold_loss":0},{"damage_healed":0,"gold_gain":0,"player_choice":"Take Wound","damage_taken":0,"relics_obtained":["Golden Idol"],"max_hp_gain":0,"max_hp_loss":0,"event_name":"Golden Idol","floor":10,"gold_loss":0,"cards_obtained":["Injury"]},{"damage_healed":0,"gold_gain":0,"player_choice":"Take","damage_taken":0,"relics_obtained":["Menagerie:HuntersKnife"],"max_hp_gain":0,"max_hp_loss":5,"event_name":"Menagerie:BigGameHunter","floor":12,"gold_loss":0},{"damage_healed":0,"gold_gain":20,"player_choice":"Cunning","damage_taken":0,"max_hp_gain":0,"max_hp_loss":0,"event_name":"Menagerie:CloudVision","floor":14,"gold_loss":0,"cards_upgraded":["Strike_R"]},{"damage_healed":0,"gold_gain":0,"cards_transformed":["Strike_R","Strike_R"],"player_choice":"Became Test Subject","damage_taken":0,"max_hp_gain":0,"max_hp_loss":0,"event_name":"Drug Dealer","floor":19,"gold_loss":0,"cards_obtained":["Dark Embrace","Limit Break"]},{"damage_healed":22,"gold_gain":0,"player_choice":"Heal","damage_taken":0,"max_hp_gain":0,"max_hp_loss":0,"event_name":"The Library","floor":22,"gold_loss":0},{"damage_healed":0,"gold_gain":0,"player_choice":"2 cards matched","damage_taken":0,"max_hp_gain":0,"max_hp_loss":0,"event_name":"Match and Keep!","floor":24,"gold_loss":0,"cards_obtained":["Bash","Offering"]}],"is_beta":false,"boss_relics":[{"not_picked":["Runic Cube","Fusion Hammer"],"picked":"Sozu"}],"items_purged_floors":[13],"is_endless":false,"potions_floor_spawned":[3,7,8,23],"killed_by":"Snake Plant","ascension_level":0}}