{"host":"x5a6cvihdukvwm3n","time":1608657129,"event":{"mods":["AlwaysNeverKeys","Aspiration","BaseMod","Beaked The Cultist","BetterRewards","Colored Map","Colored Powertips","Conspire","Curses Come First","Downfall","Friendly Minions","GifTheSpireLib","Gremlin Mod","Halation","Highlight Path","Hubris","Minty Spire (QoL Compilation)","Replay The Spire","Shop Mod","StSLib","Stuff the Spire","SuperFastMode","Synergy Search","Td1madao Mod","The Bladedancer","The Construct","The Disciple","The Jungle","The Servant 0.9.4","vexMod"],"gold_per_floor":[118,118,118,118,132,457,457,471,471,116,147,147,147,186,186,287,287,302,312,123,123,123,123],"floor_reached":22,"playtime":1120,"items_purged":["Strike_G"],"score":255,"play_id":"03061377-1a69-4d01-b0be-8dfbc1b0e271","local_time":"20201222181209","is_ascension_mode":true,"campfire_choices":[{"data":"sneckomod:MorePower","floor":7,"key":"SMITH"},{"data":"ReplayTheSpireMod:Scrap Shanks","floor":13,"key":"SMITH"}],"circlet_count":0,"master_deck":["sneckomod:MorePower+1","Strike_G","Strike_G","Defend_G","Defend_G","Survivor","Neutralize","sneckomod:UnknownStrength+1","ReplayTheSpireMod:Scrap Shanks+1","sneckomod:Unknown0Cost+1","Grand Finale","Backstab","sneckomod:UnknownRarePower+1","StuffTheSpire:Shiver","Blade Dance","sneckomod:UnknownRarePower+1","Skewer","sneckomod:UnknownRareAttack+1","Calculated Gamble+1","Envenom+1","Fluid Movement+1","sneckomod:UnknownRarePower+1","Noxious Fumes"],"relics":["Ring of the Snake","StuffTheSpire:Rhapsscallions","vexMod:Spyglass","MerchantsRug","Astrolabe","halation:Thesaurus","halation:PenCase"],"acts_visited":["Exordium","TheCity"],"potions_floor_usage":[],"damage_taken":[{"damage":0,"enemies":"Cultist","floor":1,"turns":4},{"damage":7,"enemies":"Jaw Worm","floor":5,"turns":5},{"damage":21,"enemies":"Gremlin Nob","floor":6,"turns":5},{"damage":0,"enemies":"Small Slimes","floor":8,"turns":3},{"damage":26,"enemies":"Gremlin Gang","floor":11,"turns":5},{"damage":11,"enemies":"Large Slime","floor":14,"turns":8},{"damage":48,"enemies":"Hexaghost","floor":16,"turns":6},{"damage":23,"enemies":"Chosen","floor":18,"turns":3},{"damage":30,"enemies":"Shell Parasite","floor":19,"turns":5},{"damage":37,"enemies":"Masked Bandits","floor":22,"turns":3}],"seed_played":"7266604877020257025","potions_obtained":[{"floor":8,"key":"Dexterity Potion"},{"floor":11,"key":"Swift Potion"},{"floor":18,"key":"SteroidPotion"}],"is_trial":false,"path_per_floor":["M","?","$","?","M","E","R","M","T","$","M","?","R","M","R_BF","B",null,"M","M","$","?","?"],"character_chosen":"THE_SILENT","items_purchased":["vexMod:Spyglass","MerchantsRug","Noxious Fumes","halation:Thesaurus"],"campfire_rested":0,"item_purchase_floors":[10,10,20,20],"current_hp_per_floor":[77,77,77,77,70,49,49,49,52,52,26,90,90,79,79,31,75,67,37,37,37,0,0],"gold":123,"neow_bonus":"TEN_PERCENT_HP_BONUS","is_daily":false,"chose_seed":false,"campfire_upgraded":2,"win_rate":0.0,"timestamp":1608657129,"path_taken":["M","?","$","?","M","E","R","?","T","?","M","?","R","M","R_BF","BOSS","M","M","$","?","?"],"items_purchased_type":["Relic","Relic","Card","Relic"],"build_version":"2020-12-13","purchased_purges":1,"victory":false,"max_hp_per_floor":[77,77,77,77,77,77,77,77,80,80,80,90,90,90,90,90,90,90,90,90,90,90,90],"card_choices":[{"not_picked":["sneckomod:UnknownWeak+1","sneckomod:UnknownCommonSkill+1"],"picked":"sneckomod:UnknownStrength+1","floor":1},{"not_picked":["Cloak And Dagger","ReplayTheSpireMod:Shiv Toss"],"picked":"ReplayTheSpireMod:Scrap Shanks","floor":1},{"not_picked":["sneckomod:UnknownCommonAttack+1","sneckomod:UnknownClassSILVER+1"],"picked":"sneckomod:Unknown0Cost+1","floor":5},{"not_picked":["ReplayTheSpireMod:Shiv Toss","Acrobatics"],"picked":"Grand Finale","floor":5},{"not_picked":["sneckomod:UnknownUncommonSkill+1","sneckomod:UnknownDexterity+1"],"picked":"sneckomod:UnknownRareSkill+1","floor":6},{"not_picked":["Poisoned Stab","All Out Attack"],"picked":"Backstab","floor":6},{"not_picked":["sneckomod:UnknownClassSILVER+1","sneckomod:UnknownClassBLADEMASTER_GRAY+1"],"picked":"sneckomod:UnknownRarePower+1","floor":8},{"not_picked":["Dagger Throw","hubris:SlightOfHand"],"picked":"StuffTheSpire:Shiver","floor":8},{"not_picked":["Flying Knee","Poisoned Stab"],"picked":"Blade Dance","floor":11},{"not_picked":["sneckomod:UnknownCommonSkill+1","sneckomod:Unknown0Cost+1","sneckomod:UnknownDexterity+1"],"picked":"SKIP","floor":11},{"not_picked":["sneckomod:UnknownRareAttack+1","sneckomod:UnknownExhaust+1"],"picked":"sneckomod:UnknownRarePower+1","floor":14},{"not_picked":["Reflex","ReplayTheSpireMod:Speed Training","PiercingWail"],"picked":"SKIP","floor":14},{"not_picked":["sneckomod:UnknownUncommonSkill+1","sneckomod:UnknownCommonAttack+1"],"picked":"sneckomod:UnknownRareAttack+1","floor":16},{"not_picked":["sneckomod:UnknownClassRED+1","sneckomod:UnknownBlock+1","sneckomod:UnknownEthereal+1"],"picked":"SKIP","floor":18},{"not_picked":["Backflip+1","Deadly Poison","hubris:SlightOfHand"],"picked":"SKIP","floor":18},{"not_picked":["sneckomod:UnknownClassCONSTRUCTMOD+1","sneckomod:Unknown0Cost+1"],"picked":"sneckomod:UnknownRarePower+1","floor":19},{"not_picked":["Endless Agony","Dagger Spray","Dagger Throw+1"],"picked":"SKIP","floor":19}],"player_experience":297630,"relics_obtained":[{"floor":6,"key":"Old Coin"},{"floor":9,"key":"StuffTheSpire:Rhapsscallions"}],"event_choices":[{"damage_healed":0,"gold_gain":0,"player_choice":"Disagree","damage_taken":0,"max_hp_gain":0,"max_hp_loss":0,"event_name":"conspire:LoneGhost","floor":2,"gold_loss":0},{"damage_healed":0,"gold_gain":0,"cards_transformed":["Defend_G"],"player_choice":"Transformed","damage_taken":0,"max_hp_gain":0,"max_hp_loss":0,"event_name":"Transmorgrifier","floor":4,"gold_loss":0,"cards_obtained":["StuffTheSpire:Sprint"]},{"cards_removed":["sneckomod:UnknownRareSkill"],"damage_healed":54,"gold_gain":0,"player_choice":"Offered Rare","damage_taken":0,"max_hp_gain":10,"max_hp_loss":0,"event_name":"Bonfire Elementals","floor":12,"gold_loss":0},{"damage_healed":0,"gold_gain":0,"player_choice":"Leave","damage_taken":0,"max_hp_gain":0,"max_hp_loss":0,"event_name":"conspire:Investor","floor":21,"gold_loss":0},{"damage_healed":0,"gold_gain":0,"player_choice":"Fought Bandits","damage_taken":0,"max_hp_gain":0,"max_hp_loss":0,"event_name":"Masked Bandits","floor":22,"gold_loss":0}],"is_beta":false,"boss_relics":[{"not_picked":["vexMod:TanglingVine","hubris:CrackedHourglass"],"picked":"Astrolabe"}],"items_purged_floors":[10],"is_endless":false,"potions_floor_spawned":[8,11,18],"killed_by":"Masked Bandits","ascension_level":5}}