{"host":"dbzukadmkvvxpu74","time":1608600045,"event":{"mods":["2.2 Compatiblity","AchievementEnabler","BaseMod","Better Altar","Better Match","Colored Powertips","Googly Eyes","Hero for Fun","Highlight Path","Minty Spire (QoL Compilation)","StSLib"],"gold_per_floor":[17,35,46,61,77,409,34,59,83,102,120,130,130,165,165,263,263,282,282,302,312,324,356,356,371,371,406,425,348,362,378,378,480,480,491,491,505,553,567,595,605,620,647,662,692,391,391,410,410,410,410,410,410,435,435],"floor_reached":56,"playtime":1353,"items_purged":[],"score":1781,"play_id":"13085e7d-f019-4d7f-b55f-bcf9317acb4e","local_time":"20201221182045","is_ascension_mode":false,"campfire_choices":[{"floor":15,"key":"RECALL"},{"data":"Serious_Side_Hops","floor":24,"key":"SMITH"},{"data":"Terrifying_Presence","floor":32,"key":"SMITH"},{"data":"Ignore","floor":47,"key":"PURGE"},{"data":"Apotheosis+1","floor":49,"key":"PURGE"},{"data":"Ignore+1","floor":52,"key":"PURGE"}],"circlet_count":0,"master_deck":["Strike_Y","Strike_Y","Strike_Y","Strike_Y","Strike_Y","Defend_Y","Defend_Y","Defend_Y","Defend_Y","Defend_Y","Yawn+1","Slap","Wear_Disguise","Consecutive_Normal_Punch","Side_Hop+1","Slap","Get_Hopes_Up","Slap","Hop","Serious_Side_Hops+1","Slap","Toss_Stone","Serious_Punch+1","Do_Nothing","Slap","Terrifying_Presence+1","Slap","Yawn+1","Slap","Normal_Punch","Yawn+1"],"relics":["Cape","Old Coin","Gremlin Horn","Potion Belt","War Paint","Black Star","PreservedInsect","Pen Nib","HornCleat","Ornamental Fan","Toxic Egg 2","Velvet Choker","Peace Pipe","Mercury Hourglass","Orichalcum","Toy Ornithopter","Unceasing Top","Pocketwatch","Sling","Bronze Scales","Centennial Puzzle","Anchor"],"acts_visited":["Exordium","TheCity","TheBeyond","TheEnding"],"potions_floor_usage":[],"damage_taken":[{"damage":0,"enemies":"Cultist","floor":1,"turns":1},{"damage":0,"enemies":"Jaw Worm","floor":2,"turns":1},{"damage":0,"enemies":"Small Slimes","floor":3,"turns":1},{"damage":0,"enemies":"Blue Slaver","floor":4,"turns":1},{"damage":0,"enemies":"Looter","floor":5,"turns":1},{"damage":0,"enemies":"3 Sentries","floor":6,"turns":2},{"damage":0,"enemies":"Gremlin Nob","floor":8,"turns":1},{"damage":0,"enemies":"Exordium Thugs","floor":10,"turns":2},{"damage":0,"enemies":"3 Louse","floor":11,"turns":1},{"damage":0,"enemies":"Large Slime","floor":12,"turns":1},{"damage":0,"enemies":"Lagavulin","floor":14,"turns":1},{"damage":0,"enemies":"The Guardian","floor":16,"turns":1},{"damage":0,"enemies":"2 Thieves","floor":18,"turns":1},{"damage":0,"enemies":"3 Byrds","floor":20,"turns":1},{"damage":0,"enemies":"Snake Plant","floor":21,"turns":1},{"damage":0,"enemies":"Sentry and Sphere","floor":22,"turns":1},{"damage":0,"enemies":"Gremlin Leader","floor":23,"turns":1},{"damage":0,"enemies":"Centurion and Healer","floor":25,"turns":1},{"damage":0,"enemies":"Book of Stabbing","floor":27,"turns":1},{"damage":0,"enemies":"3 Cultists","floor":28,"turns":1},{"damage":0,"enemies":"Cultist and Chosen","floor":30,"turns":1},{"damage":0,"enemies":"Snake Plant","floor":31,"turns":1},{"damage":0,"enemies":"Automaton","floor":33,"turns":2},{"damage":0,"enemies":"3 Darklings","floor":35,"turns":2},{"damage":0,"enemies":"3 Shapes","floor":37,"turns":1},{"damage":0,"enemies":"2 Orb Walkers","floor":38,"turns":1},{"damage":0,"enemies":"Writhing Mass","floor":39,"turns":1},{"damage":0,"enemies":"Nemesis","floor":40,"turns":1},{"damage":0,"enemies":"Spire Growth","floor":41,"turns":1},{"damage":0,"enemies":"Maw","floor":42,"turns":1},{"damage":0,"enemies":"Jaw Worm Horde","floor":44,"turns":1},{"damage":0,"enemies":"Reptomancer","floor":45,"turns":1},{"damage":0,"enemies":"Spire Growth","floor":48,"turns":1},{"damage":0,"enemies":"Time Eater","floor":50,"turns":1},{"damage":0,"enemies":"Shield and Spear","floor":54,"turns":1},{"damage":0,"enemies":"The Heart","floor":55,"turns":1}],"seed_played":"5688441686780762177","potions_obtained":[{"floor":2,"key":"GamblersBrew"},{"floor":5,"key":"Dexterity Potion"},{"floor":6,"key":"DistilledChaos"},{"floor":12,"key":"Block Potion"},{"floor":16,"key":"DistilledChaos"}],"is_trial":false,"path_per_floor":["M","M","M","M","M","E","$","E","T","M","M","M","$","E","R","B",null,"M","?","M","M","M","E","R","M","T","E","M","$","M","M","R","B",null,"M","?","M","?","M","E","M","M","T","M","E","$","R","M","R","B",null,"R","$","E","B",null],"character_chosen":"OPM","items_purchased":["Gremlin Horn","Get_Hopes_Up","Slap","Normal_Punch","Sling","Bronze Scales"],"campfire_rested":0,"item_purchase_floors":[7,7,7,29,46,46],"current_hp_per_floor":[1098,1098,1098,1098,1098,1098,1098,1098,1098,1098,1098,1098,1098,1098,1098,1098,1098,1098,1098,1098,1098,1098,1098,1098,1098,1098,1098,1098,1098,1098,1098,1098,1098,1098,1098,1098,1098,1098,1098,1098,1098,1098,1098,1098,1098,1098,1098,1098,1098,1098,1098,1098,1098,1098,1098],"gold":435,"neow_bonus":"TEN_PERCENT_HP_BONUS","is_daily":false,"chose_seed":false,"campfire_upgraded":2,"win_rate":0.0,"timestamp":1608600045,"path_taken":["M","M","M","M","M","E","$","E","T","?","M","?","$","E","R","BOSS","M","?","M","?","M","E","R","M","T","E","M","$","M","M","R","BOSS","M","?","M","?","M","E","M","M","T","M","E","$","R","M","R","BOSS","R","$","E","BOSS"],"items_purchased_type":["Relic","Card","Card","Card","Relic","Relic"],"build_version":"2020-12-13","purchased_purges":0,"victory":true,"max_hp_per_floor":[1098,1098,1098,1098,1098,1098,1098,1098,1098,1098,1098,1098,1098,1098,1098,1098,1098,1098,1098,1098,1098,1098,1098,1098,1098,1098,1098,1098,1098,1098,1098,1098,1098,1098,1098,1098,1098,1098,1098,1098,1098,1098,1098,1098,1098,1098,1098,1098,1098,1098,1098,1098,1098,1098,1098],"card_choices":[{"not_picked":["Ignore","Side_Hop"],"picked":"Yawn","floor":1},{"not_picked":["Toss_Stone","Side_Hop"],"picked":"Slap","floor":2},{"not_picked":["Yawn","Ignore"],"picked":"Wear_Disguise","floor":3},{"not_picked":["Ignore","Wear_Disguise"],"picked":"Consecutive_Normal_Punch","floor":4},{"not_picked":["Ignore","Wear_Disguise"],"picked":"Side_Hop","floor":5},{"not_picked":["Ignore","Side_Hop"],"picked":"Slap","floor":6},{"not_picked":["Do_Nothing","Consecutive_Normal_Punch"],"picked":"Hop","floor":8},{"not_picked":["Toss_Stone","Consecutive_Normal_Punch"],"picked":"Serious_Side_Hops","floor":10},{"not_picked":["Wear_Disguise","Hop"],"picked":"Slap","floor":11},{"not_picked":["Yawn","Side_Hop"],"picked":"Toss_Stone","floor":12},{"not_picked":["Side_Hop","Normal_Punch"],"picked":"Ignore","floor":14},{"not_picked":["Get_Hopes_Up","Serious_Side_Hops"],"picked":"Serious_Punch","floor":16},{"not_picked":["Slap","Yawn"],"picked":"Do_Nothing","floor":18},{"not_picked":["Wear_Disguise","Ignore","Toss_Stone"],"picked":"SKIP","floor":20},{"not_picked":["Ignore","Side_Hop+1"],"picked":"Slap","floor":21},{"not_picked":["Hop","Do_Nothing+1","Yawn"],"picked":"SKIP","floor":22},{"not_picked":["Hop","Wear_Disguise+1"],"picked":"Terrifying_Presence","floor":23},{"not_picked":["Normal_Punch","Hop+1"],"picked":"Slap","floor":25},{"not_picked":["Toss_Stone+1","Side_Hop+1"],"picked":"Yawn+1","floor":27},{"not_picked":["Side_Hop+1","Yawn+1"],"picked":"Slap","floor":28},{"not_picked":["Do_Nothing+1","Consecutive_Normal_Punch"],"picked":"Yawn+1","floor":30},{"not_picked":["Do_Nothing+1","Hop+1","Yawn+1"],"picked":"SKIP","floor":31},{"not_picked":["Do_Nothing+1","Side_Hop+1","Consecutive_Normal_Punch"],"picked":"SKIP","floor":35},{"not_picked":["Panacea+1","Master of Strategy+1"],"picked":"Apotheosis+1","floor":36},{"not_picked":["Side_Hop+1","Ignore+1","Toss_Stone+1"],"picked":"SKIP","floor":37},{"not_picked":["Yawn+1","Consecutive_Normal_Punch"],"picked":"Ignore+1","floor":38},{"not_picked":["Slap+1","Side_Hop+1","Hop+1"],"picked":"SKIP","floor":39},{"not_picked":["Side_Hop+1","Wear_Disguise","Slap+1"],"picked":"SKIP","floor":40},{"not_picked":["Slap+1","Normal_Punch+1","Side_Hop+1"],"picked":"SKIP","floor":41},{"not_picked":["Slap","Normal_Punch","Yawn+1"],"picked":"SKIP","floor":42},{"not_picked":["Normal_Punch","Consecutive_Normal_Punch+1","Slap+1"],"picked":"SKIP","floor":44},{"not_picked":["Ignore+1","Hop+1","Side_Hop+1"],"picked":"SKIP","floor":45},{"not_picked":["Toss_Stone","Serious_Punch","Side_Hop+1"],"picked":"SKIP","floor":48},{"not_picked":["Normal_Punch+1","Slap","Side_Hop+1"],"picked":"SKIP","floor":54}],"player_experience":41338,"relics_obtained":[{"floor":6,"key":"Old Coin"},{"floor":8,"key":"Potion Belt"},{"floor":14,"key":"War Paint"},{"floor":23,"key":"PreservedInsect"},{"floor":23,"key":"Pen Nib"},{"floor":26,"key":"HornCleat"},{"floor":27,"key":"Ornamental Fan"},{"floor":27,"key":"Toxic Egg 2"},{"floor":38,"key":"Peace Pipe"},{"floor":40,"key":"Mercury Hourglass"},{"floor":40,"key":"Orichalcum"},{"floor":43,"key":"Toy Ornithopter"},{"floor":45,"key":"Unceasing Top"},{"floor":45,"key":"Pocketwatch"},{"floor":54,"key":"Centennial Puzzle"},{"floor":54,"key":"Anchor"}],"event_choices":[{"damage_healed":0,"gold_gain":0,"player_choice":"Upgraded","damage_taken":0,"max_hp_gain":0,"max_hp_loss":0,"event_name":"Upgrade Shrine","floor":19,"gold_loss":0,"cards_upgraded":["Serious_Punch"]},{"damage_healed":0,"gold_gain":0,"player_choice":"Memory 3","damage_taken":10,"max_hp_gain":0,"max_hp_loss":0,"event_name":"SensoryStone","floor":36,"gold_loss":0},{"damage_healed":0,"gold_gain":0,"player_choice":"Fight","damage_taken":0,"max_hp_gain":0,"max_hp_loss":0,"event_name":"Mysterious Sphere","floor":38,"gold_loss":0}],"is_beta":false,"boss_relics":[{"not_picked":["Snecko Eye","Runic Dome"],"picked":"Black Star"},{"not_picked":["Coffee Dripper","Runic Pyramid"],"picked":"Velvet Choker"}],"items_purged_floors":[],"is_endless":false,"potions_floor_spawned":[2,5,6,12,16,18,25,28,30,31,33,35,39,42,44,45],"ascension_level":0}}