{"host":"baymyijz6sxaqj5s","time":1608644039,"event":{"mods":["AchievementEnabler","BaseMod","Colored Map","Colored Powertips","DeckTracker","KOR Keyword Fix","Keyboard Shortcuts","Minty Spire (QoL Compilation)","Quick Restart","StSLib","SuperFastMode"],"gold_per_floor":[118,118,129,129,79,79,90,101,125,135,135,101,111,128,128,128,128],"floor_reached":16,"playtime":401,"items_purged":[],"score":94,"play_id":"c10fd094-7dc0-4cc2-8445-4d6e200a9dff","local_time":"20201222223359","is_ascension_mode":false,"campfire_choices":[{"data":"Ghostly Armor","floor":6,"key":"SMITH"},{"data":"Body Slam","floor":15,"key":"SMITH"}],"circlet_count":0,"master_deck":["Strike_R","Strike_R","Strike_R","Strike_R","Defend_R","Defend_R","Defend_R","Defend_R","Bash","Ghostly Armor+1","Sword Boomerang","Dropkick","Entrench","Body Slam+1"],"relics":["Burning Blood","Bag of Marbles"],"acts_visited":["Exordium"],"potions_floor_usage":[8,16,16],"damage_taken":[{"damage":1,"enemies":"Cultist","floor":1,"turns":3},{"damage":0,"enemies":"Small Slimes","floor":3,"turns":3},{"damage":1,"enemies":"Jaw Worm","floor":7,"turns":5},{"damage":0,"enemies":"Looter","floor":8,"turns":3},{"damage":16,"enemies":"Lots of Slimes","floor":10,"turns":8},{"damage":0,"enemies":"2 Fungi Beasts","floor":13,"turns":3},{"damage":14,"enemies":"Exordium Thugs","floor":14,"turns":5},{"damage":113,"enemies":"Hexaghost","floor":16,"turns":14}],"seed_played":"-2262537680650314346","potions_obtained":[{"floor":1,"key":"BloodPotion"},{"floor":3,"key":"Fire Potion"}],"is_trial":false,"path_per_floor":["M","?","M","?","$","R","M","M","T","M","?","$","M","M","R","B"],"character_chosen":"IRONCLAD","items_purchased":["BloodPotion","Dropkick"],"campfire_rested":0,"item_purchase_floors":[5,12],"current_hp_per_floor":[88,88,88,88,88,88,88,88,88,78,78,78,84,76,76,0,0],"gold":128,"neow_bonus":"TEN_PERCENT_HP_BONUS","is_daily":false,"chose_seed":false,"campfire_upgraded":2,"win_rate":0.0,"timestamp":1608644039,"path_taken":["M","?","M","?","$","R","M","?","T","M","?","$","M","M","R","BOSS"],"items_purchased_type":["Potion","Card"],"build_version":"2020-12-13","purchased_purges":0,"victory":false,"max_hp_per_floor":[88,88,88,88,88,88,88,88,88,88,88,88,88,88,88,88,88],"card_choices":[{"not_picked":["Evolve","Rage","Dual Wield"],"picked":"SKIP","floor":1},{"not_picked":["Iron Wave","Warcry"],"picked":"Ghostly Armor","floor":3},{"not_picked":["Hemokinesis","Carnage","Pommel Strike"],"picked":"SKIP","floor":7},{"not_picked":["Warcry","Searing Blow","Uppercut"],"picked":"SKIP","floor":8},{"not_picked":["Rupture","Flex"],"picked":"Sword Boomerang","floor":10},{"not_picked":["Havoc","True Grit"],"picked":"Entrench","floor":13},{"not_picked":["Shockwave","Pommel Strike"],"picked":"Body Slam","floor":14}],"player_experience":184349,"relics_obtained":[{"floor":9,"key":"Bag of Marbles"}],"event_choices":[{"damage_healed":0,"gold_gain":0,"player_choice":"Ignored","damage_taken":0,"max_hp_gain":0,"max_hp_loss":0,"event_name":"Liars Game","floor":2,"gold_loss":0},{"damage_healed":0,"gold_gain":0,"player_choice":"Ignored","damage_taken":0,"max_hp_gain":0,"max_hp_loss":0,"event_name":"Golden Idol","floor":4,"gold_loss":0},{"cards_removed":["Strike_R"],"damage_healed":0,"gold_gain":0,"player_choice":"Offered Basic","damage_taken":0,"max_hp_gain":0,"max_hp_loss":0,"event_name":"Bonfire Elementals","floor":11,"gold_loss":0}],"is_beta":false,"boss_relics":[],"items_purged_floors":[],"is_endless":false,"potions_floor_spawned":[1,3],"killed_by":"Hexaghost","ascension_level":0}}