{"host":"26mrfot5w7uj2ebc","time":1608635990,"event":{"mods":["AchievementEnabler","BaseMod","Colored Map","Minty Spire (QoL Compilation)"],"gold_per_floor":[109,126,146,164,183,183,183,183,183,202,213,213,267,19,19,115,115,134,148,165,264,32,32,51,51,51,51,51,51],"floor_reached":28,"playtime":1076,"items_purged":["Defend_G"],"score":212,"play_id":"05b56624-9bb3-472e-8886-605cbae988a9","local_time":"20201222201950","is_ascension_mode":false,"campfire_choices":[{"data":"Dagger Spray","floor":6,"key":"SMITH"},{"floor":8,"key":"REST"},{"floor":12,"key":"REST"},{"floor":15,"key":"REST"},{"floor":23,"key":"REST"},{"floor":25,"key":"REST"},{"floor":27,"key":"REST"}],"circlet_count":0,"master_deck":["Strike_G","Strike_G","Strike_G","Defend_G+1","Defend_G","Defend_G+1","Survivor","Neutralize","Backflip","Poisoned Stab","Dagger Spray+1","Terror","Well Laid Plans","Underhanded Strike","Crippling Poison","Corpse Explosion","Concentrate+1","Expertise+1","Backflip+1","Noxious Fumes","Deadly Poison","Footwork+1","Outmaneuver"],"relics":["Ring of the Snake","WingedGreaves","Question Card","Matryoshka","Astrolabe","Tiny Chest","Centennial Puzzle"],"acts_visited":["Exordium","TheCity"],"potions_floor_usage":[],"damage_taken":[{"damage":1,"enemies":"2 Louse","floor":1,"turns":3},{"damage":2,"enemies":"Small Slimes","floor":2,"turns":4},{"damage":0,"enemies":"Jaw Worm","floor":3,"turns":4},{"damage":7,"enemies":"Lots of Slimes","floor":4,"turns":3},{"damage":2,"enemies":"Looter","floor":5,"turns":4},{"damage":22,"enemies":"Exordium Thugs","floor":10,"turns":6},{"damage":12,"enemies":"Blue Slaver","floor":11,"turns":4},{"damage":39,"enemies":"Hexaghost","floor":16,"turns":10},{"damage":16,"enemies":"Spheric Guardian","floor":18,"turns":4},{"damage":0,"enemies":"3 Byrds","floor":19,"turns":3},{"damage":18,"enemies":"Snake Plant","floor":20,"turns":4},{"damage":26,"enemies":"3 Cultists","floor":24,"turns":4},{"damage":59,"enemies":"Cultist and Chosen","floor":28,"turns":5}],"seed_played":"5676519997945319662","potions_obtained":[{"floor":3,"key":"SpeedPotion"},{"floor":5,"key":"Ancient Potion"},{"floor":10,"key":"Swift Potion"},{"floor":19,"key":"Ancient Potion"}],"is_trial":false,"path_per_floor":["M","M","M","M","M","R","?","R","T","M","M","R","?","$","R","B",null,"M","M","M","?","$","R","M","R","T","R","M"],"character_chosen":"THE_SILENT","items_purchased":["Matryoshka","Tiny Chest"],"campfire_rested":6,"item_purchase_floors":[14,22],"current_hp_per_floor":[62,60,60,53,51,51,38,56,56,34,22,40,40,40,58,19,63,47,47,29,29,29,47,21,39,39,57,0,0],"gold":51,"neow_bonus":"ONE_RARE_RELIC","is_daily":false,"chose_seed":false,"campfire_upgraded":1,"win_rate":0.0,"timestamp":1608635990,"path_taken":["M","M","M","M","M","R","?","R","T","M","M","R","?","$","R","BOSS","M","M","M","?","$","R","M","R","T","R","M"],"items_purchased_type":["Relic","Relic"],"build_version":"2020-12-13","purchased_purges":1,"victory":false,"max_hp_per_floor":[63,63,63,63,63,63,63,63,63,63,63,63,63,63,63,63,63,63,63,63,63,63,63,63,63,63,63,63,63],"card_choices":[{"not_picked":["Flying Knee","Heel Hook"],"picked":"Backflip","floor":1},{"not_picked":["Quick Slash","Cloak And Dagger"],"picked":"Poisoned Stab","floor":2},{"not_picked":["Quick Slash","Outmaneuver"],"picked":"Dagger Spray","floor":3},{"not_picked":["Deadly Poison","Backflip"],"picked":"Terror","floor":4},{"not_picked":["Catalyst","Choke"],"picked":"Well Laid Plans","floor":5},{"not_picked":["Choke","Dagger Throw","Heel Hook"],"picked":"Underhanded Strike","floor":10},{"not_picked":["Heel Hook","Glass Knife","Predator"],"picked":"Crippling Poison","floor":11},{"not_picked":["Die Die Die","Bullet Time","Phantasmal Killer"],"picked":"Corpse Explosion","floor":16},{"not_picked":["Poisoned Stab","Acrobatics","Deflect+1"],"picked":"Noxious Fumes","floor":18},{"not_picked":["Bane","Endless Agony","Slice"],"picked":"Deadly Poison","floor":19},{"not_picked":["Dagger Throw","Dagger Spray","Backstab+1"],"picked":"Footwork+1","floor":20},{"not_picked":["Endless Agony+1","Dagger Throw","Backflip"],"picked":"Outmaneuver","floor":24}],"player_experience":199992,"relics_obtained":[{"floor":9,"key":"Question Card"},{"floor":26,"key":"Centennial Puzzle"}],"event_choices":[{"damage_healed":0,"gold_gain":0,"player_choice":"Entered Light","damage_taken":13,"max_hp_gain":0,"max_hp_loss":0,"event_name":"Shining Light","floor":7,"gold_loss":0,"cards_upgraded":["Defend_G","Defend_G"]},{"damage_healed":0,"gold_gain":54,"player_choice":"Gained Gold","damage_taken":0,"max_hp_gain":0,"max_hp_loss":0,"event_name":"Golden Wing","floor":13,"gold_loss":0},{"damage_healed":0,"gold_gain":99,"player_choice":"Stole From Cult","damage_taken":0,"max_hp_gain":0,"max_hp_loss":0,"event_name":"Nest","floor":21,"gold_loss":0}],"is_beta":false,"boss_relics":[{"not_picked":["Tiny House","Fusion Hammer"],"picked":"Astrolabe"}],"items_purged_floors":[22],"is_endless":false,"potions_floor_spawned":[3,5,10,19],"killed_by":"Cultist and Chosen","ascension_level":0}}