{"host":"81h68oe4mr04pk3r","time":1608616503,"event":{"mods":["Act Like it!","Aspiration","BaseMod","BetterRewards","Colored Map","Colored Powertips","Conspire","Downfall","Hermit","Hubris","Infinite Spire","Jorbs\u0027s Wanderer Trilogy","Koishi","Lobotomy","LobotomyExtend","Marisa????????","Minty Spire (QoL Compilation)","Quick Restart","Reimu??????","Remilia??????","Replay The Spire","StSLib","The Bug Knight","The Construct","The Cursed","The Disciple","The Servant 0.9.4"],"gold_per_floor":[111,128,148,148,57,57,76,76,76,76,92,92,102,28,28,133,133,144,162,162,180,180,205,205,205,205,4,24,24,24,24,24,126,126,136,38,42,42],"floor_reached":37,"playtime":1936,"items_purged":["MachineGunSpark+1"],"score":377,"play_id":"126073b6-a51e-4a05-b06a-50ebce108278","local_time":"20201221215503","is_ascension_mode":false,"campfire_choices":[{"data":"MachineGunSpark","floor":6.0,"key":"SMITH"},{"data":"MysteriousBeam","floor":8.0,"key":"SMITH"},{"data":"MysteriousBeam","floor":12.0,"key":"SMITH"},{"floor":15.0,"key":"REST"},{"floor":24,"key":"REST"},{"data":"DarkMatter","floor":25,"key":"SMITH"},{"floor":32,"key":"REST"}],"circlet_count":0,"master_deck":["Strike_MRS","Strike_MRS","Strike_MRS","Strike_MRS","Defend_MRS","Defend_MRS","Defend_MRS","Defend_MRS","MasterSpark","UpSweep","ManaRampage","MysteriousBeam+1","MysteriousBeam+1","StarBarrage","GravityBeat","EnergyFlow","DoubleSpark","GravityBeat","MagicAbsorber","LuminesStrike+1","ReplayTheSpireMod:Echoes of Time","EventHorizon","DoubleSpark+1","ChargeUpSpray","infinitespire:Menacing","ManaRampage+1","PowerUp+1"],"relics":["MiniHakkero","LetterFromLob","WingedGreaves","conspire:SlowCooker","ExperimentalFamiliar","Eternal Feather","infinitespire:Beetle Shell","Golden Egg","Sling","Black Star"],"acts_visited":["Exordium","TheCity","TheBeyond"],"potions_floor_usage":[23,28,33,33],"damage_taken":[{"damage":1.0,"enemies":"Cultist","floor":1.0,"turns":3.0},{"damage":8.0,"enemies":"Jaw Worm","floor":2.0,"turns":3.0},{"damage":0.0,"enemies":"2 Louse","floor":3.0,"turns":1.0},{"damage":0.0,"enemies":"Large Slime","floor":7.0,"turns":4.0},{"damage":7.0,"enemies":"3 Louse","floor":11.0,"turns":2.0},{"damage":21.0,"enemies":"Exordium Wildlife","floor":13.0,"turns":3.0},{"damage":35.0,"enemies":"Fading Forest","floor":16.0,"turns":11.0},{"damage":17.0,"enemies":"Shell Parasite","floor":18.0,"turns":3.0},{"damage":10,"enemies":"Chosen","floor":19,"turns":3},{"damage":0,"enemies":"3 Cultists","floor":21,"turns":2},{"damage":37,"enemies":"Slavers","floor":23,"turns":6},{"damage":10,"enemies":"Snecko","floor":28,"turns":5},{"damage":74,"enemies":"Collector","floor":33,"turns":6},{"damage":9,"enemies":"3 Shapes","floor":35,"turns":3},{"damage":71,"enemies":"conspire:MimicChest","floor":37,"turns":7}],"seed_played":"1633018264978683583","potions_obtained":[{"floor":1.0,"key":"Fire Potion"},{"floor":4.0,"key":"Flashbang"},{"floor":4.0,"key":"champ:CounterPotion"},{"floor":13.0,"key":"SteroidPotion"},{"floor":16.0,"key":"LiquidMemories"},{"floor":28,"key":"Weak Potion"}],"is_trial":false,"path_per_floor":["M","M","M","?","$","R","M","R","T","R","M","R","M","$","R","B",null,"M","M","AVR","M","?","E","R","R","T","$","M","R","?","?","R","B",null,"M","$","?"],"character_chosen":"MARISA","items_purchased":["GravityBeat","MachineGunSpark","MagicAbsorber","DoubleSpark","Sling","PowerUp"],"campfire_rested":3,"item_purchase_floors":[5,5,14,27,27,36],"current_hp_per_floor":[74,66,66,66,66,66,66,66,66,66,59,59,38,38,60,43,75,58,48,48,48,48,11,45,57,57,57,47,62,45,57,75,1,75,66,66,0,0],"gold":42,"neow_bonus":"ONE_RANDOM_RARE_CARD","is_daily":false,"chose_seed":false,"campfire_upgraded":4,"win_rate":0.0,"timestamp":1608616503,"path_taken":["M","M","M","?","$","R","M","R","T","R","M","R","M","?","R","BOSS","M","M","AVR","M","?","E","R","R","T","$","M","R","?","?","R","BOSS","M","$","?"],"items_purchased_type":["Card","Card","Card","Card","Relic","Card"],"build_version":"2020-12-13","purchased_purges":1,"victory":false,"max_hp_per_floor":[75,75,75,75,75,75,75,75,75,75,75,75,75,75,75,75,75,75,75,75,75,75,75,75,75,75,75,75,75,75,75,75,75,75,75,75,75,75],"card_choices":[{"not_picked":["AsteroidBelt","WitchOfGreed"],"picked":"MysteriousBeam","floor":1.0},{"not_picked":["SuperPerseids","6A"],"picked":"MysteriousBeam","floor":2.0},{"not_picked":["UnstableBomb","WitchOfGreed"],"picked":"StarBarrage","floor":3.0},{"not_picked":["WitchLeyline","UnstableBomb"],"picked":"EnergyFlow","floor":7.0},{"not_picked":["OrrerysSun","Acceleration"],"picked":"DoubleSpark","floor":11.0},{"not_picked":["DoubleSpark","DarkSpark"],"picked":"GravityBeat","floor":13.0},{"not_picked":["AlicesGift","NonDirectionalLaser+1"],"picked":"LuminesStrike+1","floor":18.0},{"not_picked":["6A","ShootingEcho+1"],"picked":"DarkMatter","floor":19},{"not_picked":["IllusionStar","WitchOfGreed"],"picked":"EventHorizon","floor":21},{"not_picked":["GravityBeat","SporeBomb","GalacticHalo"],"picked":"SKIP","floor":23},{"not_picked":["ShootingEcho","6A"],"picked":"ChargeUpSpray","floor":28},{"not_picked":["ReplayTheSpireMod:??????????????????????","infinitespire:DeathsTouch"],"picked":"infinitespire:Menacing","floor":30},{"not_picked":["BlazingStar","UltimateShortwave"],"picked":"ManaRampage","floor":33},{"not_picked":["WitchLeyline","OortCloud","EnergyFlow+1"],"picked":"SKIP","floor":35}],"player_experience":150809,"relics_obtained":[{"floor":1.0,"key":"LetterFromLob"},{"floor":9.0,"key":"WingedGreaves"},{"floor":23,"key":"infinitespire:Beetle Shell"},{"floor":26,"key":"Golden Egg"}],"event_choices":[{"damage_healed":0.0,"max_hp_gain":0.0,"max_hp_loss":0.0,"gold_gain":0.0,"event_name":"Lab","player_choice":"Got Potions","floor":4.0,"gold_loss":0.0,"damage_taken":0.0}],"is_beta":false,"boss_relics":[{"not_picked":["hubris:Backtick","hubris:GrandSneckoEye"],"picked":"conspire:SlowCooker"},{"not_picked":["Snecko Eye","hubris:TerracottaHorce"],"picked":"Black Star"}],"items_purged_floors":[36],"is_endless":false,"potions_floor_spawned":[1,13,16,21,28],"killed_by":"conspire:MimicChest","ascension_level":0}}