{"host":"jmrtcms4w8pdo4je","time":1608608311,"event":{"mods":["AchievementEnabler","BaseMod","Colored Powertips","Gremlin Mod","Infinite Spire","Minty Spire (QoL Compilation)","Replay The Spire","StSLib","The Forsaken","The Hierophant","The Necromancer"],"gold_per_floor":[113,44,44,44,64,10,21,21,41,41,119,136,62,94,74,90,90,90,90],"floor_reached":18,"playtime":505,"items_purged":[],"score":114,"play_id":"ac0a9692-3127-494a-8720-99c2985540de","local_time":"20201221213831","is_ascension_mode":false,"campfire_choices":[{"data":"Summon_Lich","floor":8,"key":"SMITH"},{"data":"Negative_Energy_Arrows","floor":10,"key":"SMITH"},{"floor":17,"key":"REST"}],"circlet_count":0,"master_deck":["Strike_W","Strike_W","Strike_W","Strike_W","Defend_W","Defend_W","Defend_W","Defend_W","Negative_Energy_Arrows+1","Bone_Wall","Bone_Shift","Summon_Lich+1","Vampiric_Strike","Bone_Armor","Bone_Armory","Vampiric_Strike","Bone_Armory","Bone_Armor","Spectral_Armor"],"relics":["Vampire_Amulet","NeowsBlessing","ReplayTheSpireMod:Ninjato","theForsaken:Gavel"],"acts_visited":["Exordium"],"potions_floor_usage":[18],"damage_taken":[{"damage":0,"enemies":"Cultist","floor":1,"turns":1},{"damage":0,"enemies":"2 Louse","floor":5,"turns":2},{"damage":0,"enemies":"Jaw Worm","floor":7,"turns":1},{"damage":6,"enemies":"Large Slime","floor":9,"turns":6},{"damage":2,"enemies":"Looter","floor":12,"turns":4},{"damage":33,"enemies":"Gremlin Nob","floor":14,"turns":5},{"damage":23,"enemies":"Exordium Thugs","floor":15,"turns":4},{"damage":5,"enemies":"2 Fungi Beasts","floor":16,"turns":4},{"damage":84,"enemies":"Fading Forest","floor":18,"turns":9}],"seed_played":"-5010501424512549851","potions_obtained":[{"floor":7,"key":"GamblersBrew"},{"floor":15,"key":"SpeedPotion"},{"floor":16,"key":"Weak Potion"}],"is_trial":false,"path_per_floor":["M","$","PTL","PTL","M","$","M","R","M","R","T","M","$","E","M","M","R","B"],"character_chosen":"NECROMANCER","items_purchased":["Summon_Lich","Bone_Armor","Bone_Armory"],"campfire_rested":1,"item_purchase_floors":[2,6,13],"current_hp_per_floor":[75,75,75,75,75,75,75,75,75,75,75,75,75,46,29,30,52,0,0],"gold":90,"neow_bonus":"THREE_ENEMY_KILL","is_daily":false,"chose_seed":false,"campfire_upgraded":2,"win_rate":0.0,"timestamp":1608608311,"path_taken":["M","$","PTL","PTL","M","?","M","R","?","R","T","?","$","E","M","M","R","BOSS"],"items_purchased_type":["Card","Card","Card"],"build_version":"2020-12-13","purchased_purges":0,"victory":false,"max_hp_per_floor":[75,75,75,75,75,75,75,75,75,75,75,75,75,75,75,75,75,75,75],"card_choices":[{"not_picked":["Bones_to_Steel","Blood_Whip"],"picked":"Bone_Shift","floor":1},{"not_picked":["Bone_Spikes","Chill_Blood"],"picked":"Vampiric_Strike","floor":5},{"not_picked":["Bone_Spikes","Negative_Energy_Sphere"],"picked":"Bone_Armory","floor":7},{"not_picked":["Blood_Wake","Bone_Spikes","Blood_Whip"],"picked":"SKIP","floor":9},{"not_picked":["Death_Coil","Consume_Illness"],"picked":"Vampiric_Strike","floor":12},{"not_picked":["Negative_Energy_Burst","Epidemic"],"picked":"Bone_Armor","floor":14},{"not_picked":["Death_Coil","Negative_Energy_Shield"],"picked":"Spectral_Armor","floor":15},{"not_picked":["Negative_Energy_Mist","Violent_Necrosis","Strike_from_Beyond"],"picked":"SKIP","floor":16}],"player_experience":15248,"relics_obtained":[{"floor":11,"key":"ReplayTheSpireMod:Ninjato"},{"floor":14,"key":"theForsaken:Gavel"}],"event_choices":[],"is_beta":false,"boss_relics":[],"items_purged_floors":[],"is_endless":false,"potions_floor_spawned":[7,15,16],"killed_by":"Fading Forest","ascension_level":0}}