{"host":"5fasz840ryq7obdf","time":1608671137,"event":{"mods":["AchievementEnabler","BaseMod","Bestiary","Better Altar","Better Skull","Better Third Choice","BetterRewards","Block Reminder","Colored Powertips","Curses Come First","Minty Spire (QoL Compilation)","Quick Restart","Relic Stats","Shop Mod","Spicy Shops","StSLib"],"gold_per_floor":[110,110,124,124,136,161,181,213,213,48,82,82,7,4,4,77,77,87,103,28,28,73,73,134,175,198,262,262,302,302,365,365,466,466,511,529,16,16,71,133,133,175,175,507,12,12,28,41,41,41],"floor_reached":51,"playtime":6736,"items_purged":["Defend_P"],"score":2061,"play_id":"1889befa-9d2a-48f2-8235-a5cc648c33ff","local_time":"20201222210537","is_ascension_mode":true,"campfire_choices":[{"data":"CrushJoints","floor":12.0,"key":"SMITH"},{"data":"Eruption","floor":15.0,"key":"SMITH"},{"floor":23.0,"key":"DIG"},{"floor":28.0,"key":"REST"},{"floor":32.0,"key":"DIG"},{"floor":41.0,"key":"DIG"},{"floor":46,"key":"DIG"},{"floor":49,"key":"DIG"}],"circlet_count":0,"master_deck":["AscendersBane","Strike_P","Strike_P","Defend_P","Eruption+1","Vigilance","EmptyBody","Panache+1","Scrawl+1","Scrawl+1","Consecrate","Good Instincts+1","MentalFortress+1","ThirdEye+1","Protect+1","FlurryOfBlows","EmptyBody+1","Eruption+1","LikeWater+1","FlurryOfBlows","Prostrate+1","CrushJoints+1","Protect+1","ThirdEye+1","Wish+1","EmptyMind+1","FlurryOfBlows","LikeWater+1","LikeWater+1","ClearTheMind+1","InnerPeace+1","LikeWater+1","DevaForm+1","Fasting2+1","CrushJoints","Indignation+1","ClearTheMind+1","Protect+1","Tantrum","Collect+1","Adaptation+1","Worship+1","Prostrate+1","WindmillStrike","Evaluate+1","SpiritShield+1","ConjureBlade+1","Collect+1","Evaluate+1","ReachHeaven+1","MentalFortress+1","CrushJoints+1","WaveOfTheHand+1","Wallop","CutThroughFate+1","Wireheading+1","TalkToTheHand","Purity+1","Wallop","Sanctity+1","DeusExMachina+1","WheelKick","InnerPeace+1"],"relics":["PureWater","Lee\u0027s Waffle","Prayer Wheel","Omamori","Frozen Egg 2","Kunai","Toxic Egg 2","DollysMirror","Bottled Tornado","Sundial","Pear","Orrery","Yang","Calling Bell","Damaru","Question Card","Shovel","Peace Pipe","White Beast Statue","Centennial Puzzle","Bag of Marbles","Toy Ornithopter","InkBottle","Bird Faced Urn","SlaversCollar","OrangePellets","Letter Opener","TungstenRod","Dream Catcher","Orichalcum","Bottled Lightning","Old Coin","Anchor","Gremlin Horn"],"acts_visited":["Exordium","TheCity","TheBeyond"],"potions_floor_usage":[],"damage_taken":[{"damage":1.0,"enemies":"2 Louse","floor":1.0,"turns":2.0},{"damage":0.0,"enemies":"Cultist","floor":3.0,"turns":2.0},{"damage":0.0,"enemies":"Small Slimes","floor":5.0,"turns":3.0},{"damage":32.0,"enemies":"Gremlin Nob","floor":6.0,"turns":3.0},{"damage":4.0,"enemies":"Red Slaver","floor":7.0,"turns":4.0},{"damage":2.0,"enemies":"3 Sentries","floor":8.0,"turns":6.0},{"damage":0.0,"enemies":"Lagavulin","floor":11.0,"turns":5.0},{"damage":6.0,"enemies":"Slime Boss","floor":16.0,"turns":4.0},{"damage":3.0,"enemies":"3 Byrds","floor":18.0,"turns":2.0},{"damage":0.0,"enemies":"Chosen","floor":19.0,"turns":4.0},{"damage":27.0,"enemies":"Snake Plant","floor":22.0,"turns":5.0},{"damage":29.0,"enemies":"Slavers","floor":24.0,"turns":4.0},{"damage":0.0,"enemies":"Centurion and Healer","floor":25.0,"turns":2.0},{"damage":0.0,"enemies":"Gremlin Leader","floor":27.0,"turns":4.0},{"damage":0.0,"enemies":"Sentry and Sphere","floor":29.0,"turns":5.0},{"damage":14.0,"enemies":"Slavers","floor":31.0,"turns":6.0},{"damage":15.0,"enemies":"Collector","floor":33.0,"turns":6.0},{"damage":26.0,"enemies":"3 Darklings","floor":35.0,"turns":4.0},{"damage":5.0,"enemies":"3 Shapes","floor":36.0,"turns":4.0},{"damage":0.0,"enemies":"Mind Bloom Boss Battle","floor":39.0,"turns":4.0},{"damage":25.0,"enemies":"Nemesis","floor":40.0,"turns":7.0},{"damage":11,"enemies":"Sphere and 2 Shapes","floor":42,"turns":5},{"damage":0,"enemies":"Reptomancer","floor":44,"turns":3},{"damage":5,"enemies":"Maw","floor":47,"turns":7},{"damage":14,"enemies":"Jaw Worm Horde","floor":48,"turns":3},{"damage":3,"enemies":"Time Eater","floor":50,"turns":8}],"seed_played":"6890966865437980514","potions_obtained":[{"floor":3.0,"key":"SmokeBomb"},{"floor":24.0,"key":"CultistPotion"},{"floor":27.0,"key":"Dexterity Potion"},{"floor":44,"key":"DuplicationPotion"}],"is_trial":false,"path_per_floor":["M","?","M","?","M","E","M","E","T","$","E","R","?","$","R","B",null,"M","M","$","?","M","R","E","M","T","E","R","M","?","E","R","B",null,"M","M","$","?","?","E","R","M","T","E","$","R","M","M","R","B",null],"character_chosen":"WATCHER","items_purchased":["Lee\u0027s Waffle","Prayer Wheel","Omamori","EmptyBody","Frozen Egg 2","Kunai","Toxic Egg 2","Panache+1","Scrawl+1","DollysMirror","Consecrate","Good Instincts+1","MentalFortress+1","ThirdEye+1","Orrery","LikeWater+1","MentalFortress+1","OrangePellets","Letter Opener","TalkToTheHand","Purity+1","Wallop"],"campfire_rested":1,"item_purchase_floors":[0,0,0,0,0,0,0,0,0,0,0,0,0,0,10,14,37,37,37,45,45,45],"current_hp_per_floor":[74,74,74,74,74,42,38,36,46,46,46,46,46,46,46,40,74,71,71,71,71,44,44,15,15,15,15,40,40,40,26,26,25,70,52,55,55,55,59,48,48,45,45,55,55,55,62,60,60,75],"gold":41,"neow_bonus":"","is_daily":false,"chose_seed":false,"campfire_upgraded":2,"win_rate":0.0,"timestamp":1608671137,"path_taken":["M","?","?","?","M","E","?","E","T","$","E","R","?","?","R","BOSS","M","?","$","?","M","R","E","M","T","E","R","M","?","E","R","BOSS","M","M","$","?","?","E","R","M","T","E","$","R","M","M","R","BOSS"],"items_purchased_type":["Relic","Relic","Relic","Card","Relic","Relic","Relic","Card","Card","Relic","Card","Card","Card","Card","Relic","Card","Card","Relic","Relic","Card","Card","Card"],"build_version":"2020-12-13","purchased_purges":1,"victory":true,"max_hp_per_floor":[75,75,75,75,75,75,75,75,85,85,85,85,85,85,85,85,85,85,85,85,85,85,85,85,85,85,85,85,85,85,85,85,85,85,85,85,85,85,85,85,85,85,85,85,85,85,85,85,85,85],"relic_stats":{"Lee\u0027s Waffle":56,"Gremlin Horn":[22,17],"counters":[241,1028],"Yang":[211],"Letter Opener":[931],"Orichalcum":[60],"Question Card":27,"Peace Pipe":0,"OrangePellets":[28],"Centennial Puzzle":[29],"Dream Catcher":0,"Shovel":5,"Sundial":[2],"Bird Faced Urn":[108],"Prayer Wheel":14,"Kunai":[51],"obtain_stats":[{"Whetstone":31,"Bottled Tornado":47,"Boot":47,"Sling":5,"Old Coin":5,"Blood Vial":24,"Sundial":42,"MealTicket":11,"HandDrill":0,"Kunai":0,"Pear":54,"Blue Candle":31,"Eternal Feather":8,"Pen Nib":6,"Akabeko":9,"SlaversCollar":17,"Bird Faced Urn":0,"Unceasing Top":23,"Regal Pillow":25,"Lantern":9,"Singing Bowl":23,"StoneCalendar":0,"Bag of Preparation":47,"Ancient Tea Set":20,"Smiling Mask":40,"Shovel":17,"Toolbox":0,"WingedGreaves":36,"InkBottle":31,"Potion Belt":0,"Lee\u0027s Waffle":0,"NeowsBlessing":0,"Golden Idol":10,"Damaru":22,"Thread and Needle":6,"PreservedInsect":47,"betterThird:NestCultRelic":19,"The Courier":41,"Omamori":40,"Frozen Egg 2":48,"MawBank":28,"Ornamental Fan":28,"Bloody Idol":21,"Orrery":0,"Turnip":40,"Art of War":26,"Bottled Lightning":43,"Toy Ornithopter":11,"Ice Cream":47,"Calipers":0,"Gremlin Horn":0,"CeramicFish":34,"Vajra":43,"Sozu":34,"Centennial Puzzle":39,"Lizard Tail":36,"HornCleat":43,"DollysMirror":36,"Strawberry":24,"Philosopher\u0027s Stone":34,"Prayer Wheel":31,"Toxic Egg 2":8,"Girya":47,"Happy Flower":38,"Astrolabe":17,"Dead Branch":14,"Oddly Smooth Stone":6,"Letter Opener":6,"War Paint":44,"Question Card":17,"Du-Vu Doll":27,"OrangePellets":0,"Bottled Flame":47,"Shuriken":0,"Bronze Scales":37,"Molten Egg 2":14,"Black Star":17,"Meat on the Bone":0,"Pocketwatch":17,"Darkstone Periapt":25,"Mango":43,"Yang":0,"Incense Burner":17,"Juzu Bracelet":23,"TeardropLocket":42,"Empty Cage":17,"Nunchaku":4,"Dream Catcher":29,"TheAbacus":20,"Mummified Hand":26,"Gambling Chip":8,"Pantograph":34,"Tiny Chest":8,"Red Mask":44,"Runic Pyramid":17,"Orichalcum":9,"White Beast Statue":9,"Mercury Hourglass":28,"Calling Bell":34,"Peace Pipe":21,"Cauldron":2,"Strange Spoon":5,"Anchor":22,"CaptainsWheel":48,"HolyWater":34,"Bag of Marbles":46,"Membership Card":0,"PureWater":0,"TungstenRod":0},{"Whetstone":62,"Bottled Tornado":186,"Boot":71,"Sling":76,"Old Coin":105,"Blood Vial":35,"Sundial":70,"MealTicket":30,"HandDrill":23,"Kunai":47,"Pear":189,"Blue Candle":15,"Eternal Feather":52,"Pen Nib":27,"Akabeko":4,"SlaversCollar":171,"Bird Faced Urn":23,"Unceasing Top":85,"Regal Pillow":36,"Lantern":52,"Singing Bowl":35,"StoneCalendar":130,"Bag of Preparation":71,"Ancient Tea Set":112,"Smiling Mask":182,"Shovel":223,"Toolbox":73,"WingedGreaves":153,"InkBottle":231,"Potion Belt":23,"Lee\u0027s Waffle":102,"NeowsBlessing":0,"Golden Idol":167,"Damaru":34,"Thread and Needle":136,"PreservedInsect":21,"betterThird:NestCultRelic":112,"The Courier":122,"Omamori":20,"Frozen Egg 2":158,"MawBank":60,"Ornamental Fan":87,"Bloody Idol":57,"Orrery":130,"Turnip":43,"Art of War":36,"Bottled Lightning":237,"Toy Ornithopter":53,"Ice Cream":71,"Calipers":130,"Gremlin Horn":102,"CeramicFish":40,"Vajra":70,"Sozu":151,"Centennial Puzzle":42,"Lizard Tail":120,"HornCleat":44,"DollysMirror":41,"Strawberry":12,"Philosopher\u0027s Stone":16,"Prayer Wheel":89,"Toxic Egg 2":29,"Girya":127,"Happy Flower":18,"Astrolabe":32,"Dead Branch":198,"Oddly Smooth Stone":77,"Letter Opener":3,"War Paint":45,"Question Card":55,"Du-Vu Doll":147,"OrangePellets":130,"Bottled Flame":186,"Shuriken":130,"Bronze Scales":92,"Molten Egg 2":6,"Black Star":82,"Meat on the Bone":23,"Pocketwatch":142,"Darkstone Periapt":59,"Mango":20,"Yang":73,"Incense Burner":55,"Juzu Bracelet":202,"TeardropLocket":156,"Empty Cage":7,"Nunchaku":1,"Dream Catcher":38,"TheAbacus":57,"Mummified Hand":12,"Gambling Chip":4,"Pantograph":40,"Tiny Chest":107,"Red Mask":20,"Runic Pyramid":111,"Orichalcum":29,"White Beast Statue":167,"Mercury Hourglass":14,"Calling Bell":40,"Peace Pipe":225,"Cauldron":133,"Strange Spoon":165,"Anchor":57,"CaptainsWheel":214,"HolyWater":63,"Bag of Marbles":71,"Membership Card":23,"PureWater":0,"TungstenRod":47},{"Whetstone":265,"Bottled Tornado":809,"Boot":312,"Sling":329,"Old Coin":452,"Blood Vial":136,"Sundial":307,"MealTicket":111,"HandDrill":89,"Kunai":199,"Pear":824,"Blue Candle":52,"Eternal Feather":215,"Pen Nib":100,"Akabeko":12,"SlaversCollar":748,"Bird Faced Urn":89,"Unceasing Top":360,"Regal Pillow":142,"Lantern":215,"Singing Bowl":136,"StoneCalendar":563,"Bag of Preparation":312,"Ancient Tea Set":476,"Smiling Mask":791,"Shovel":945,"Toolbox":320,"WingedGreaves":664,"InkBottle":977,"Potion Belt":89,"Lee\u0027s Waffle":444,"NeowsBlessing":0,"Golden Idol":731,"Damaru":133,"Thread and Needle":577,"PreservedInsect":82,"betterThird:NestCultRelic":476,"The Courier":517,"Omamori":77,"Frozen Egg 2":694,"MawBank":250,"Ornamental Fan":368,"Bloody Idol":235,"Orrery":563,"Turnip":176,"Art of War":142,"Bottled Lightning":1007,"Toy Ornithopter":219,"Ice Cream":312,"Calipers":563,"Gremlin Horn":444,"CeramicFish":163,"Vajra":307,"Sozu":655,"Centennial Puzzle":171,"Lizard Tail":507,"HornCleat":183,"DollysMirror":168,"Strawberry":43,"Philosopher\u0027s Stone":59,"Prayer Wheel":377,"Toxic Egg 2":107,"Girya":541,"Happy Flower":65,"Astrolabe":123,"Dead Branch":868,"Oddly Smooth Stone":333,"Letter Opener":3,"War Paint":188,"Question Card":227,"Du-Vu Doll":628,"OrangePellets":563,"Bottled Flame":809,"Shuriken":563,"Bronze Scales":392,"Molten Egg 2":20,"Black Star":347,"Meat on the Bone":89,"Pocketwatch":600,"Darkstone Periapt":245,"Mango":77,"Yang":320,"Incense Burner":227,"Juzu Bracelet":890,"TeardropLocket":683,"Empty Cage":27,"Nunchaku":1,"Dream Catcher":152,"TheAbacus":235,"Mummified Hand":43,"Gambling Chip":12,"Pantograph":163,"Tiny Chest":459,"Red Mask":77,"Runic Pyramid":473,"Orichalcum":107,"White Beast Statue":731,"Mercury Hourglass":50,"Calling Bell":163,"Peace Pipe":951,"Cauldron":569,"Strange Spoon":725,"Anchor":235,"CaptainsWheel":911,"HolyWater":272,"Bag of Marbles":312,"Membership Card":89,"PureWater":0,"TungstenRod":199}],"Toy Ornithopter":0,"InkBottle":[30],"TungstenRod":32},"card_choices":[{"not_picked":["FearNoEvil","FlyingSleeves"],"picked":"Protect+1","floor":1.0},{"not_picked":["Nirvana+1","JustLucky"],"picked":"FlurryOfBlows","floor":1.0},{"not_picked":["CrushJoints","Consecrate"],"picked":"LikeWater+1","floor":3.0},{"not_picked":["Consecrate","EmptyBody+1"],"picked":"FlurryOfBlows","floor":3.0},{"not_picked":["SandsOfTime","BowlingBash"],"picked":"Prostrate+1","floor":5.0},{"not_picked":["PathToVictory+1","Scrawl+1"],"picked":"CrushJoints","floor":5.0},{"not_picked":["Weave","Perseverance+1","EmptyBody+1"],"picked":"SKIP","floor":6.0},{"not_picked":["FearNoEvil","ThirdEye+1"],"picked":"Protect+1","floor":7.0},{"not_picked":["FearNoEvil","WindmillStrike"],"picked":"ThirdEye+1","floor":7.0},{"not_picked":["Tantrum","Weave"],"picked":"Wish+1","floor":8.0},{"not_picked":["PathToVictory+1","SashWhip"],"picked":"EmptyMind+1","floor":10.0},{"not_picked":["ThirdEye+1","SashWhip"],"picked":"FlurryOfBlows","floor":10.0},{"not_picked":["FollowUp","Tantrum"],"picked":"LikeWater+1","floor":10.0},{"not_picked":["WreathOfFlame+1","FollowUp"],"picked":"LikeWater+1","floor":10.0},{"not_picked":["Fasting2+1","Evaluate+1"],"picked":"ClearTheMind+1","floor":10.0},{"not_picked":["Protect+1","BowlingBash"],"picked":"InnerPeace+1","floor":11.0},{"not_picked":["Brilliance","Judgement+1"],"picked":"DevaForm+1","floor":16.0},{"not_picked":["FlurryOfBlows","WheelKick","Protect+1"],"picked":"Fasting2+1","floor":18.0},{"not_picked":["Prostrate+1","BowlingBash","ReachHeaven"],"picked":"CrushJoints","floor":18.0},{"not_picked":["FollowUp+1","Nirvana+1","Study+1"],"picked":"Indignation+1","floor":19.0},{"not_picked":["PathToVictory+1","ThirdEye+1","SignatureMove+1","EmptyFist"],"picked":"SKIP","floor":19.0},{"not_picked":["SandsOfTime","BowlingBash","DevaForm+1"],"picked":"ClearTheMind+1","floor":22.0},{"not_picked":["Evaluate+1","FlyingSleeves+1","PathToVictory+1","BowlingBash"],"picked":"SKIP","floor":22.0},{"not_picked":["FollowUp+1","EmptyFist+1","CarveReality+1"],"picked":"Protect+1","floor":24.0},{"not_picked":["PathToVictory+1","Halt+1","EmptyFist"],"picked":"Tantrum","floor":25.0},{"not_picked":["CutThroughFate","FollowUp","SpiritShield+1"],"picked":"Collect+1","floor":25.0},{"not_picked":["SashWhip+1","BowlingBash","Perseverance+1"],"picked":"Adaptation+1","floor":27.0},{"not_picked":["SashWhip","Consecrate","Evaluate+1"],"picked":"Worship+1","floor":29.0},{"not_picked":["ForeignInfluence+1","FlyingSleeves","FearNoEvil"],"picked":"Prostrate+1","floor":29.0},{"not_picked":["Consecrate","SignatureMove","CutThroughFate"],"picked":"SpiritShield+1","floor":31.0},{"not_picked":["Judgement+1","Alpha+1","Establishment+1"],"picked":"ConjureBlade+1","floor":33.0},{"not_picked":["Conclude+1","CutThroughFate","JustLucky+1"],"picked":"Collect+1","floor":35.0},{"not_picked":["ThirdEye+1","Pray+1","FollowUp","Evaluate+1"],"picked":"SKIP","floor":35.0},{"not_picked":["Consecrate","BowlingBash","FollowUp+1"],"picked":"Evaluate+1","floor":36.0},{"not_picked":["Prostrate+1","ThirdEye+1","FlyingSleeves"],"picked":"ReachHeaven+1","floor":36.0},{"not_picked":["ClearTheMind+1","ThirdEye+1","Wallop"],"picked":"CrushJoints+1","floor":39.0},{"not_picked":["FollowUp+1","Pray+1","Evaluate+1"],"picked":"WaveOfTheHand+1","floor":40.0},{"not_picked":["SashWhip","Worship+1","DevaForm+1"],"picked":"Wallop","floor":42},{"not_picked":["ThirdEye+1","BowlingBash","ForeignInfluence+1"],"picked":"CutThroughFate+1","floor":42},{"not_picked":["PathToVictory+1","SandsOfTime+1","EmptyBody+1"],"picked":"Wireheading+1","floor":44},{"not_picked":["WaveOfTheHand+1","SignatureMove","FlurryOfBlows"],"picked":"Sanctity+1","floor":47},{"not_picked":["Meditate+1","Halt+1","BowlingBash+1"],"picked":"DeusExMachina+1","floor":47},{"not_picked":["BowlingBash","Consecrate+1","FollowUp"],"picked":"WheelKick","floor":48},{"not_picked":["Consecrate","FollowUp","Meditate+1"],"picked":"InnerPeace+1","floor":48}],"player_experience":952656,"relics_obtained":[{"floor":6.0,"key":"Bottled Tornado"},{"floor":8.0,"key":"Sundial"},{"floor":9.0,"key":"Pear"},{"floor":11.0,"key":"Yang"},{"floor":17.0,"key":"Damaru"},{"floor":17.0,"key":"Question Card"},{"floor":17.0,"key":"Shovel"},{"floor":23.0,"key":"White Beast Statue"},{"floor":24.0,"key":"Centennial Puzzle"},{"floor":26.0,"key":"Bag of Marbles"},{"floor":27.0,"key":"Toy Ornithopter"},{"floor":31.0,"key":"InkBottle"},{"floor":32.0,"key":"Bird Faced Urn"},{"floor":39.0,"key":"TungstenRod"},{"floor":40.0,"key":"Dream Catcher"},{"floor":41.0,"key":"Orichalcum"},{"floor":43,"key":"Bottled Lightning"},{"floor":44,"key":"Old Coin"},{"floor":46,"key":"Anchor"},{"floor":49,"key":"Gremlin Horn"}],"event_choices":[{"damage_healed":0.0,"max_hp_gain":0.0,"max_hp_loss":0.0,"gold_gain":0.0,"event_name":"Match and Keep!","player_choice":"2 cards matched","floor":2.0,"gold_loss":0.0,"damage_taken":0.0,"cards_obtained":["EmptyBody","Eruption"]},{"damage_healed":0.0,"max_hp_gain":0.0,"max_hp_loss":0.0,"gold_gain":0.0,"event_name":"Upgrade Shrine","player_choice":"Upgraded","floor":4.0,"gold_loss":0.0,"damage_taken":0.0,"cards_upgraded":["Eruption"]},{"cards_removed":["Defend_P"],"damage_healed":0.0,"max_hp_gain":0.0,"max_hp_loss":0.0,"gold_gain":0.0,"event_name":"The Cleric","player_choice":"Card Removal","floor":13.0,"gold_loss":75.0,"damage_taken":0.0},{"damage_healed":0.0,"max_hp_gain":0.0,"max_hp_loss":0.0,"gold_gain":0.0,"event_name":"Addict","player_choice":"Stole Relic","floor":21.0,"gold_loss":0.0,"damage_taken":0.0,"relics_obtained":["Peace Pipe"],"cards_obtained":["Shame"]},{"damage_healed":0.0,"max_hp_gain":0.0,"max_hp_loss":0.0,"gold_gain":0.0,"cards_transformed":["Defend_P","Strike_P"],"event_name":"Drug Dealer","player_choice":"Became Test Subject","floor":30.0,"gold_loss":0.0,"damage_taken":0.0,"cards_obtained":["WindmillStrike","Evaluate"]},{"cards_removed":["Strike_P"],"damage_healed":0.0,"max_hp_gain":0.0,"max_hp_loss":0.0,"gold_gain":0.0,"event_name":"Falling","player_choice":"Removed Attack","floor":38.0,"gold_loss":0.0,"damage_taken":0.0},{"damage_healed":0.0,"max_hp_gain":0.0,"max_hp_loss":0.0,"gold_gain":0.0,"event_name":"MindBloom","player_choice":"Fight","floor":39.0,"gold_loss":0.0,"damage_taken":0.0}],"is_beta":false,"boss_relics":[{"not_picked":["Runic Dome","Busted Crown"],"picked":"Calling Bell"},{"not_picked":["Fusion Hammer","Tiny House"],"picked":"SlaversCollar"}],"items_purged_floors":[20],"is_endless":false,"potions_floor_spawned":[3,7,11,16,22,24,25,27,29,31,33,35,36,39,40,42,44,47,48],"ascension_level":17}}