{"host":"3jpwrwmmgyabjceh","time":1608665171,"event":{"mods":["AchievementEnabler","BaseMod","Colored Map","Colored Powertips","Highlight Path","Minty Spire (QoL Compilation)","StSLib"],"gold_per_floor":[117,292,242,317,99,130,130,164,240,265,284,284,284,284,284,284,284],"floor_reached":16,"playtime":414,"items_purged":["Strike_P"],"score":172,"play_id":"0f7bb49c-a19a-419f-a8d4-3917a1eb251d","local_time":"20201222222611","is_ascension_mode":true,"campfire_choices":[{"data":"Eruption","floor":7,"key":"SMITH"},{"data":"PathToVictory","floor":12,"key":"SMITH"},{"data":"ThirdEye","floor":15,"key":"SMITH"}],"circlet_count":0,"master_deck":["Strike_P","Strike_P","Defend_P","Defend_P","Defend_P","Defend_P","Eruption+1","Vigilance","Doubt","PathToVictory+1","Sanctity","ThirdEye+1"],"relics":["PureWater","NeowsBlessing","Melange","Potion Belt","Matryoshka","Anchor","Pantograph","Prayer Wheel","Ornamental Fan"],"acts_visited":["Exordium"],"potions_floor_usage":[10,16],"damage_taken":[{"damage":0,"enemies":"Jaw Worm","floor":1,"turns":1},{"damage":0,"enemies":"Gremlin Nob","floor":6,"turns":1},{"damage":0,"enemies":"3 Sentries","floor":8,"turns":1},{"damage":9,"enemies":"Gremlin Nob","floor":10,"turns":4},{"damage":0,"enemies":"2 Louse","floor":11,"turns":3},{"damage":74,"enemies":"Slime Boss","floor":16,"turns":14}],"seed_played":"-8696770154161150713","potions_obtained":[{"floor":8,"key":"Weak Potion"},{"floor":11,"key":"GamblersBrew"}],"is_trial":false,"path_per_floor":["M","?","?","?","$","E","R","E","T","E","M","R","?","?","R","B"],"character_chosen":"WATCHER","items_purchased":["Melange"],"campfire_rested":0,"item_purchase_floors":[5],"current_hp_per_floor":[72,72,72,61,61,61,61,61,61,52,52,52,72,60,60,0,0],"gold":284,"neow_bonus":"THREE_ENEMY_KILL","is_daily":false,"chose_seed":false,"campfire_upgraded":3,"win_rate":0.0,"timestamp":1608665171,"path_taken":["M","?","?","?","$","E","R","E","T","E","M","R","?","?","R","BOSS"],"items_purchased_type":["Relic"],"build_version":"2020-12-13","purchased_purges":1,"victory":false,"max_hp_per_floor":[72,72,72,72,72,72,72,72,72,72,72,72,72,72,72,72,72],"card_choices":[{"not_picked":["EmptyFist","Collect","JustLucky"],"picked":"SKIP","floor":1},{"not_picked":["Worship","Perseverance","FlurryOfBlows"],"picked":"SKIP","floor":6},{"not_picked":["Weave","DevaForm"],"picked":"PathToVictory","floor":8},{"not_picked":["CarveReality","ClearTheMind"],"picked":"Sanctity","floor":10},{"not_picked":["FlurryOfBlows","Crescendo"],"picked":"ThirdEye","floor":11},{"not_picked":["EmptyMind","FollowUp","Evaluate"],"picked":"SKIP","floor":11}],"player_experience":245816,"relics_obtained":[{"floor":6,"key":"Potion Belt"},{"floor":8,"key":"Matryoshka"},{"floor":9,"key":"Anchor"},{"floor":9,"key":"Pantograph"},{"floor":10,"key":"Prayer Wheel"}],"event_choices":[{"damage_healed":0,"gold_gain":175,"player_choice":"AGREE","damage_taken":0,"max_hp_gain":0,"max_hp_loss":0,"event_name":"Liars Game","floor":2,"gold_loss":0,"cards_obtained":["Doubt"]},{"cards_removed":["Strike_P"],"damage_healed":0,"gold_gain":0,"player_choice":"Card Removal","damage_taken":0,"max_hp_gain":0,"max_hp_loss":0,"event_name":"The Cleric","floor":3,"gold_loss":50},{"damage_healed":0,"gold_gain":75,"player_choice":"Gather Gold","damage_taken":11,"max_hp_gain":0,"max_hp_loss":0,"event_name":"World of Goop","floor":4,"gold_loss":0},{"damage_healed":24,"gold_gain":0,"player_choice":"Banana","damage_taken":0,"max_hp_gain":0,"max_hp_loss":0,"event_name":"Big Fish","floor":13,"gold_loss":0},{"damage_healed":0,"gold_gain":0,"player_choice":"Success","damage_taken":12,"relics_obtained":["Ornamental Fan"],"max_hp_gain":0,"max_hp_loss":0,"event_name":"Scrap Ooze","floor":14,"gold_loss":0}],"is_beta":false,"boss_relics":[],"items_purged_floors":[5],"is_endless":false,"potions_floor_spawned":[8,11],"killed_by":"Slime Boss","ascension_level":1}}