{"host":"3jjxuhjpio8e4zkv","time":1608595594,"event":{"mods":["BaseMod","Colored Map","Minty Spire (QoL Compilation)","Permanent Neow","Relic Stats","StSLib"],"gold_per_floor":[118,118,118,137,161,187,187,198,198,229,248,262,26,39,39,116,116,131,144,155,17,17,17],"floor_reached":22,"playtime":777,"items_purged":["Strike_B"],"score":396,"play_id":"4db7aa64-1721-4a06-b6a2-dfdc046ff2ca","local_time":"20201221190634","is_ascension_mode":true,"campfire_choices":[{"floor":7,"key":"REST"},{"floor":15,"key":"REST"}],"circlet_count":0,"master_deck":["AscendersBane","Defend_B+1","Defend_B","Defend_B","Defend_B","Zap","Dualcast+1","Ball Lightning+1","Coolheaded","Beam Cell","Ball Lightning","Hologram","Compile Driver","Creative AI","Rainbow","BootSequence+1","Cold Snap+1","Aggregate+1","Streamline","Conserve Battery","Loop","Capacitor"],"relics":["SacredBark","Regal Pillow","Omamori","Ginger","Bag of Marbles","Potion Belt","Astrolabe"],"acts_visited":["Exordium","TheCity"],"potions_floor_usage":[6,10,14,22],"damage_taken":[{"damage":11,"enemies":"Jaw Worm","floor":1,"turns":5},{"damage":7,"enemies":"2 Louse","floor":4,"turns":2},{"damage":11,"enemies":"Gremlin Nob","floor":6,"turns":3},{"damage":10,"enemies":"Small Slimes","floor":8,"turns":2},{"damage":16,"enemies":"3 Sentries","floor":10,"turns":6},{"damage":4,"enemies":"Looter","floor":11,"turns":3},{"damage":12,"enemies":"Exordium Thugs","floor":12,"turns":4},{"damage":1,"enemies":"Red Slaver","floor":14,"turns":3},{"damage":20,"enemies":"The Guardian","floor":16,"turns":12},{"damage":11,"enemies":"Chosen","floor":18,"turns":5},{"damage":30,"enemies":"3 Byrds","floor":19,"turns":4},{"damage":5,"enemies":"Centurion and Healer","floor":20,"turns":7},{"damage":13,"enemies":"Shelled Parasite and Fungi","floor":22,"turns":4}],"seed_played":"2204269252195777327","potions_obtained":[{"floor":4,"key":"AttackPotion"},{"floor":6,"key":"AttackPotion"},{"floor":12,"key":"EssenceOfSteel"},{"floor":19,"key":"Strength Potion"}],"is_trial":false,"path_per_floor":["M","?","?","M","T","E","R","M","T","E","M","M","$","M","R","B",null,"M","M","M","$","M"],"character_chosen":"DEFECT","items_purchased":["Potion Belt","Capacitor","Block Potion"],"campfire_rested":2,"item_purchase_floors":[13,21,21],"current_hp_per_floor":[53,32,32,25,25,14,50,40,40,24,20,8,8,7,43,23,59,48,18,13,13,0,0],"gold":17,"neow_bonus":"BOSS_RELIC","is_daily":false,"chose_seed":false,"campfire_upgraded":0,"win_rate":0.0,"timestamp":1608595594,"path_taken":["M","?","?","M","?","E","R","M","T","E","?","M","$","M","R","BOSS","M","M","M","$","M"],"items_purchased_type":["Relic","Card","Potion"],"build_version":"2020-12-13","purchased_purges":1,"victory":false,"max_hp_per_floor":[71,71,71,71,71,71,71,71,71,71,71,71,71,71,71,71,71,71,71,71,71,71,71],"relic_stats":{"Regal Pillow":30,"counters":[13,60],"Astrolabe":["BootSequence","Cold Snap","Aggregate"],"Ginger":[6],"obtain_stats":[{"Potion Belt":13,"Regal Pillow":5,"SacredBark":0,"Astrolabe":17,"Omamori":6,"Bag of Marbles":10,"Ginger":9,"Cracked Core":0},{"Potion Belt":7,"Regal Pillow":2,"SacredBark":0,"Astrolabe":9,"Omamori":3,"Bag of Marbles":5,"Ginger":4,"Cracked Core":0},{"Potion Belt":25,"Regal Pillow":7,"SacredBark":0,"Astrolabe":40,"Omamori":10,"Bag of Marbles":18,"Ginger":12,"Cracked Core":0}]},"card_choices":[{"not_picked":["Conserve Battery","Aggregate"],"picked":"Ball Lightning","floor":1},{"not_picked":["Turbo","Beam Cell"],"picked":"Coolheaded","floor":4},{"not_picked":["Leap","Auto Shields","Reboot"],"picked":"SKIP","floor":6},{"not_picked":["Ball Lightning","Turbo"],"picked":"Beam Cell","floor":8},{"not_picked":["Storm","Chaos"],"picked":"Ball Lightning","floor":10},{"not_picked":["Beam Cell","Steam Power"],"picked":"Hologram","floor":11},{"not_picked":["Cold Snap","Scrape"],"picked":"Compile Driver","floor":12},{"not_picked":["Double Energy","Barrage"],"picked":"Creative AI","floor":14},{"not_picked":["Reboot","Fission"],"picked":"Rainbow","floor":16},{"not_picked":["Rebound","BootSequence"],"picked":"Streamline","floor":18},{"not_picked":["Leap","Auto Shields"],"picked":"Conserve Battery","floor":19},{"not_picked":["Coolheaded","Double Energy"],"picked":"Loop","floor":20}],"player_experience":1084958,"relics_obtained":[{"floor":5,"key":"Regal Pillow"},{"floor":6,"key":"Omamori"},{"floor":9,"key":"Ginger"},{"floor":10,"key":"Bag of Marbles"}],"event_choices":[{"damage_healed":0,"gold_gain":0,"player_choice":"Entered Light","damage_taken":21,"max_hp_gain":0,"max_hp_loss":0,"event_name":"Shining Light","floor":2,"gold_loss":0,"cards_upgraded":["Defend_B","Dualcast"]},{"damage_healed":0,"gold_gain":0,"player_choice":"Grow","damage_taken":0,"max_hp_gain":0,"max_hp_loss":0,"event_name":"Living Wall","floor":3,"gold_loss":0,"cards_upgraded":["Ball Lightning"]}],"is_beta":false,"boss_relics":[{"not_picked":["Runic Dome","Nuclear Battery"],"picked":"Astrolabe"}],"items_purged_floors":[13],"is_endless":false,"potions_floor_spawned":[4,6,12,19],"killed_by":"Shelled Parasite and Fungi","ascension_level":20}}