{"host":"cyh4fejqtcjbfr7k","time":1608611774,"event":{"mods":["2.2 Compatiblity","AchievementEnabler","BaseMod","Colored Map","Colored Powertips","DeckTracker","Downfall","Googly Eyes","Hubris","Infinite Spire","Minty Spire (QoL Compilation)","Replay The Spire","Shop Mod","StSLib","SuperFastMode","Unceasing Turn Reminder"],"gold_per_floor":[118,136,156,167,167,202,202,227,277,294,294,304,304,254,254,359,359,378,395,395,395,495,495,521,521,521,521,538,550,550,585,585,688,688,708,708,722,264,283,283,302,302,302,302,319,319,319,319],"floor_reached":47,"playtime":1796,"items_purged":["Strike_R"],"score":625,"play_id":"2f67c0d1-ea83-4f44-bc33-fbaec10b2201","local_time":"20201221213614","is_ascension_mode":true,"campfire_choices":[{"floor":7,"key":"REST"},{"floor":11,"key":"REST"},{"floor":13,"key":"REST"},{"data":"Bludgeon","floor":23,"key":"SMITH"},{"data":"Metallicize","floor":25,"key":"SMITH"},{"data":"Fire Breathing","floor":27,"key":"SMITH"},{"floor":32,"key":"REST"},{"floor":40,"key":"REST"},{"floor":42,"key":"REST"},{"floor":44,"key":"REST"}],"circlet_count":0,"master_deck":["Strike_R","Strike_R","Strike_R","Defend_R","Defend_R","Defend_R","Defend_R","Bash","Trip","Armaments","Replay:Undeath\u0027s Touch","Metallicize+1","Anger","Flame Barrier","ReplayReversal","Sword Boomerang","Ghostly Armor+1","Sword Boomerang","Shrug It Off","Bludgeon+1","Armaments","Fire Breathing+1","Sword Boomerang+1","Cleave+1","Offering","Sword Boomerang+1","Body Slam+1","Seeing Red+1","Pommel Strike+1","Demon Form","Spot Weakness","Shrug It Off+1","Spot Weakness+1","Armaments+1","Limit Break","Entrench+1","Infernal Blade+1","Fire Breathing","Offering","Heavy Blade+1","Madness","Madness"],"relics":["Burning Blood","hubris:ChampionShield","infinitespire:FocusingShard","infinitespire:PuzzleCube","Dream Catcher","ChewingGum","Molten Egg 2","Pear","Prayer Wheel","Blood Vial","infinitespire:Burning Sword","Bag of Preparation","MerchantsRug","Peace Pipe"],"acts_visited":["Exordium","TheCity","TheBeyond"],"potions_floor_usage":[4,16,19,24,29,37,37,45,45],"damage_taken":[{"damage":1,"enemies":"Cultist","floor":1,"turns":3},{"damage":8,"enemies":"Jaw Worm","floor":2,"turns":4},{"damage":6,"enemies":"2 Louse","floor":3,"turns":3},{"damage":25,"enemies":"Large Slime","floor":4,"turns":10},{"damage":50,"enemies":"Lagavulin","floor":6,"turns":9},{"damage":16,"enemies":"Replay:BlueRogue","floor":8,"turns":7},{"damage":15,"enemies":"Exordium Thugs","floor":10,"turns":6},{"damage":2,"enemies":"2 Fungi Beasts","floor":12,"turns":4},{"damage":61,"enemies":"Hexaghost","floor":16,"turns":15},{"damage":6,"enemies":"2 Thieves","floor":18,"turns":4},{"damage":0,"enemies":"Spheric Guardian","floor":19,"turns":3},{"damage":16,"enemies":"Replay:Snechameleon","floor":24,"turns":7},{"damage":11,"enemies":"Cultist and Chosen","floor":28,"turns":7},{"damage":6,"enemies":"Snake Plant","floor":29,"turns":3},{"damage":45,"enemies":"Slavers","floor":31,"turns":5},{"damage":62,"enemies":"hubris:MusketHawk","floor":33,"turns":11},{"damage":67,"enemies":"3 Shapes","floor":35,"turns":3},{"damage":8,"enemies":"3 Darklings","floor":37,"turns":4},{"damage":6,"enemies":"Maw","floor":39,"turns":4},{"damage":27,"enemies":"Sphere and 2 Shapes","floor":41,"turns":5},{"damage":40,"enemies":"Writhing Mass","floor":45,"turns":4},{"damage":56,"enemies":"2 Orb Walkers","floor":47,"turns":3}],"seed_played":"-7072581750679752641","potions_obtained":[{"floor":2,"key":"Swift Potion"},{"floor":8,"key":"Milkshake"},{"floor":16,"key":"Energy Potion"},{"floor":19,"key":"ColorlessPotion"},{"floor":28,"key":"sneckomod:MuddlingPotion"},{"floor":31,"key":"LifebloodPotion"},{"floor":33,"key":"Ancient Potion"},{"floor":35,"key":"hexamod:EctoCoolerPotion"},{"floor":39,"key":"Dexterity Potion"}],"is_trial":false,"path_per_floor":["M","M","M","M","T","E","R","E","T","M","R","M","R","?","R_BF","B",null,"M","M","?","?","?","R","E","R","T","R","M","M","?","E","R","B",null,"M","?","M","$","M","R","M","R","T","R","M","?","?"],"character_chosen":"IRONCLAD","items_purchased":["Limit Break","Bag of Preparation","MerchantsRug"],"campfire_rested":7,"item_purchase_floors":[38,38,38],"current_hp_per_floor":[80,78,78,59,59,15,39,29,29,20,44,48,72,72,80,25,80,80,80,80,80,80,80,70,70,80,80,75,75,75,36,63,9,90,29,29,29,29,31,58,39,66,66,90,56,45,0,0],"gold":319,"neow_bonus":"RANDOM_COLORLESS","is_daily":false,"chose_seed":false,"campfire_upgraded":3,"win_rate":0.0,"timestamp":1608611774,"path_taken":["M","M","?","M","?","E","R","E","T","M","R","M","R","?","R_BF","BOSS","M","M","?","?","?","R","E","R","T","R","M","?","?","E","R","BOSS","M","?","?","$","M","R","M","R","T","R","M","?","?"],"items_purchased_type":["Card","Relic","Relic"],"build_version":"2020-12-13","purchased_purges":1,"victory":false,"max_hp_per_floor":[80,80,80,80,80,80,80,80,80,80,80,80,80,80,80,80,80,80,80,80,80,80,80,80,80,90,90,90,90,90,90,90,90,90,90,90,90,90,90,90,90,90,90,90,90,90,90,90],"card_choices":[{"not_picked":["Replay:Parry","Panacea"],"picked":"Trip","floor":0},{"not_picked":["Flame Barrier","Havoc"],"picked":"Armaments","floor":1},{"not_picked":["Clash","Perfected Strike","Clothesline"],"picked":"SKIP","floor":2},{"not_picked":["Carnage","Flex"],"picked":"Replay:Undeath\u0027s Touch","floor":3},{"not_picked":["Run Through","Headbutt"],"picked":"Metallicize","floor":4},{"not_picked":["Replay:Undeath\u0027s Touch","Heavy Blade"],"picked":"Anger","floor":6},{"not_picked":["ReplayTheSpireMod:Strike From Hell","Blood for Blood"],"picked":"Flame Barrier","floor":8},{"not_picked":["Iron Wave","Armaments"],"picked":"ReplayReversal","floor":10},{"not_picked":["Perfected Strike","Clash"],"picked":"Sword Boomerang","floor":11},{"not_picked":["hubris:ReadiedAction","Heavy Blade"],"picked":"Ghostly Armor","floor":12},{"not_picked":["Warcry","Run Through"],"picked":"Sword Boomerang","floor":13},{"not_picked":["Sever Soul","Run Through"],"picked":"Shrug It Off","floor":15},{"not_picked":["Reaper","Juggernaut"],"picked":"Bludgeon","floor":16},{"not_picked":["True Grit","Sword Boomerang"],"picked":"Armaments","floor":18},{"not_picked":["Headbutt","ReplayReversal"],"picked":"Fire Breathing","floor":19},{"not_picked":["Clash+1","Headbutt+1"],"picked":"Sword Boomerang+1","floor":24},{"not_picked":["Flex","Whirlwind+1"],"picked":"Cleave+1","floor":28},{"not_picked":["Sever Soul+1","Pommel Strike+1"],"picked":"Offering","floor":28},{"not_picked":["Warcry","Feel No Pain"],"picked":"Sword Boomerang+1","floor":29},{"not_picked":["hubris:ReadiedAction","Heavy Blade+1"],"picked":"Body Slam+1","floor":29},{"not_picked":["Cleave+1","Uppercut+1"],"picked":"Seeing Red+1","floor":31},{"not_picked":["Dropkick+1","Flame Barrier"],"picked":"Pommel Strike+1","floor":32},{"not_picked":["Offering","Double Tap"],"picked":"Demon Form","floor":33},{"not_picked":["Carnage+1","ReplayReversal+1"],"picked":"Spot Weakness","floor":35},{"not_picked":["Pommel Strike+1","Warcry"],"picked":"Shrug It Off+1","floor":35},{"not_picked":["ReplayTheSpireMod:Corrosion Curse+1","Power Through"],"picked":"Spot Weakness+1","floor":37},{"not_picked":["Sentinel+1","Shrug It Off+1"],"picked":"Armaments+1","floor":37},{"not_picked":["ReplayTheSpireMod:Strike From Hell+1","True Grit+1"],"picked":"Entrench+1","floor":39},{"not_picked":["Twin Strike+1","Massacre+1","Burning Pact+1"],"picked":"SKIP","floor":39},{"not_picked":["Wild Strike+1","Carnage+1"],"picked":"Infernal Blade+1","floor":40},{"not_picked":["Twin Strike+1","Sword Boomerang+1"],"picked":"Fire Breathing","floor":41},{"not_picked":["Twin Strike+1","Defy Death","Feel No Pain"],"picked":"SKIP","floor":41},{"not_picked":["Disarm","hubris:ReadiedAction"],"picked":"Offering","floor":42},{"not_picked":["Sword Boomerang+1","Reckless Charge+1"],"picked":"Heavy Blade+1","floor":44},{"not_picked":["Combust+1","Anger+1","Sentinel+1"],"picked":"SKIP","floor":45},{"not_picked":["Sword Boomerang+1","Cleave+1","ReplayTheSpireMod:Corrosion Curse+1"],"picked":"SKIP","floor":45}],"player_experience":596925,"relics_obtained":[{"floor":5,"key":"hubris:ChampionShield"},{"floor":6,"key":"infinitespire:FocusingShard"},{"floor":8,"key":"Matryoshka"},{"floor":9,"key":"infinitespire:PuzzleCube"},{"floor":9,"key":"Dream Catcher"},{"floor":24,"key":"Molten Egg 2"},{"floor":26,"key":"Pear"},{"floor":26,"key":"Prayer Wheel"},{"floor":31,"key":"Blood Vial"},{"floor":43,"key":"Peace Pipe"}],"event_choices":[{"cards_removed":["Strike_R"],"damage_healed":0,"gold_gain":0,"player_choice":"Card Removal","damage_taken":0,"max_hp_gain":0,"max_hp_loss":0,"event_name":"The Cleric","floor":14,"gold_loss":50},{"damage_healed":0,"gold_gain":0,"player_choice":"Ignored","damage_taken":0,"max_hp_gain":0,"max_hp_loss":0,"event_name":"Ghosts","floor":21,"gold_loss":0},{"damage_healed":0,"gold_gain":100,"player_choice":"Pray","damage_taken":0,"max_hp_gain":0,"max_hp_loss":0,"event_name":"Golden Shrine","floor":22,"gold_loss":0},{"damage_healed":0,"gold_gain":0,"player_choice":"Ignored","damage_taken":0,"max_hp_gain":0,"max_hp_loss":0,"event_name":"Cursed Tome","floor":30,"gold_loss":0},{"damage_healed":0,"gold_gain":0,"player_choice":"Ignored","damage_taken":0,"max_hp_gain":0,"max_hp_loss":0,"event_name":"SecretPortal","floor":36,"gold_loss":0},{"damage_healed":0,"gold_gain":0,"player_choice":"Embrace Madness","damage_taken":11,"max_hp_gain":0,"max_hp_loss":0,"event_name":"Winding Halls","floor":46,"gold_loss":0,"cards_obtained":["Madness","Madness"]},{"damage_healed":0,"gold_gain":0,"player_choice":"Fight","damage_taken":0,"max_hp_gain":0,"max_hp_loss":0,"event_name":"Mysterious Sphere","floor":47,"gold_loss":0}],"is_beta":false,"boss_relics":[{"not_picked":["hubris:Stopwatch","Kintsugi"],"picked":"ChewingGum"},{"not_picked":["Ring of Chaos","Fusion Hammer"],"picked":"infinitespire:Burning Sword"}],"items_purged_floors":[38],"is_endless":false,"potions_floor_spawned":[2,8,16,19,28,31,33,35,39],"killed_by":"2 Orb Walkers","ascension_level":3}}