{"host":"93x13jgem5w43hjr","time":1608656365,"event":{"mods":["AchievementEnabler","BaseMod","Colored Map","Colored Powertips","Downfall","Minty Spire (QoL Compilation)","Remilia??????","StSLib","The Animator"],"gold_per_floor":[16,291,302,326,341,341,369,18,94,111,11,11,23,35,35,140,140,179,216,291,23,38,85,85,119,119,119,479,479,479],"floor_reached":29,"playtime":1615,"items_purged":["Regret","Strike_RM","MastersStateliness"],"score":320,"play_id":"4a99d955-7bdb-4513-a4ea-521ab51c423d","local_time":"20201222095925","is_ascension_mode":false,"campfire_choices":[{"data":"Mayhem","floor":6,"key":"SMITH"},{"data":"DiffusionOfMisfortune","floor":15,"key":"SMITH"},{"data":"DiffusionOfMisfortune","floor":24,"key":"SMITH"},{"data":"BloodAndWine","floor":27,"key":"SMITH"}],"circlet_count":0,"master_deck":["Strike_RM","Strike_RM","Defend_RM","Defend_RM","Defend_RM","Defend_RM","RedMoon","ScarletShoot","Mayhem+1","UnstableMagic","DiffusionOfMisfortune+1","TwelveNightmare","FavorOfDestiny","AfternoonTea","DiffusionOfMisfortune+1","CeilingFear","DiffusionOfMisfortune+1","BloodAndWine+1"],"relics":["ScarletHat","Orichalcum","AntiCross","PreservedInsect","Matryoshka","Black Star","Vajra","Bottled Tornado","Prayer Wheel","Centennial Puzzle","Blue Candle"],"acts_visited":["Exordium","TheCity"],"potions_floor_usage":[7,16,16,16,19,29,29],"damage_taken":[{"damage":0,"enemies":"2 Louse","floor":1,"turns":3},{"damage":5,"enemies":"Cultist","floor":3,"turns":5},{"damage":0,"enemies":"Small Slimes","floor":5,"turns":4},{"damage":14,"enemies":"3 Sentries","floor":7,"turns":6},{"damage":0,"enemies":"Exordium Wildlife","floor":10,"turns":3},{"damage":3,"enemies":"Gremlin Gang","floor":13,"turns":4},{"damage":4,"enemies":"3 Louse","floor":14,"turns":4},{"damage":3,"enemies":"Hexaghost","floor":16,"turns":8},{"damage":1,"enemies":"Shell Parasite","floor":18,"turns":4},{"damage":4,"enemies":"3 Byrds","floor":19,"turns":4},{"damage":0,"enemies":"Snecko","floor":22,"turns":3},{"damage":13,"enemies":"Book of Stabbing","floor":23,"turns":3},{"damage":3,"enemies":"Shelled Parasite and Fungi","floor":25,"turns":3},{"damage":31,"enemies":"Slavers","floor":29,"turns":4}],"seed_played":"-4187553117892107924","potions_obtained":[{"floor":1,"key":"AttackPotion"},{"floor":10,"key":"Dexterity Potion"},{"floor":10,"key":"LiquidBronze"},{"floor":13,"key":"Block Potion"},{"floor":16,"key":"BlessingOfTheForge"},{"floor":16,"key":"hexamod:EctoCoolerPotion"},{"floor":23,"key":"SpeedPotion"}],"is_trial":false,"path_per_floor":["M","?","M","T","M","R","E","$","T","M","$","?","M","M","R","B",null,"M","M","?","$","M","E","R","M","T","R","?","E"],"character_chosen":"REMILIA","items_purchased":["TwelveNightmare","PreservedInsect","FavorOfDestiny","Vajra"],"campfire_rested":0,"item_purchase_floors":[8,8,8,21],"current_hp_per_floor":[75,75,70,70,70,70,60,60,60,60,60,60,57,53,53,61,75,74,71,64,64,68,57,57,60,60,60,24,0,0],"gold":479,"neow_bonus":"RANDOM_COLORLESS_2","is_daily":false,"chose_seed":false,"campfire_upgraded":4,"win_rate":0.0,"timestamp":1608656365,"path_taken":["M","?","?","?","M","R","E","$","T","M","$","?","M","M","R","BOSS","M","M","?","$","M","E","R","?","T","R","?","E"],"items_purchased_type":["Card","Relic","Card","Relic"],"build_version":"2020-12-13","purchased_purges":3,"victory":false,"max_hp_per_floor":[75,75,75,75,75,75,75,75,75,75,75,75,75,75,75,75,75,75,75,75,75,75,75,75,75,75,75,75,75,75],"card_choices":[{"not_picked":["expansioncontent:Corrupt","Panache"],"picked":"Mayhem","floor":0},{"not_picked":["BlasphemousPunishment","VampireKiss"],"picked":"MastersStateliness","floor":1},{"not_picked":["StarOfDavid","MastersStateliness"],"picked":"UnstableMagic","floor":3},{"not_picked":["ScarletGensokyo","EternalNight"],"picked":"DiffusionOfMisfortune","floor":5},{"not_picked":["BlasphemousPunishment","EmergencyRegeneration","GlobalNightmare"],"picked":"SKIP","floor":7},{"not_picked":["RedNightlessCastle","VampireKiss"],"picked":"AfternoonTea","floor":10},{"not_picked":["ScarletDevilSign","BlasphemousPunishment","RedRainbow"],"picked":"SKIP","floor":13},{"not_picked":["RedNightlessCastle","Maim"],"picked":"DiffusionOfMisfortune","floor":14},{"not_picked":["BatForm","TransientEternity"],"picked":"CeilingFear","floor":16},{"not_picked":["BloodHunter+1","MastersStateliness"],"picked":"DiffusionOfMisfortune+1","floor":18},{"not_picked":["SuperhumanBloodyKnife","EmergencyRegeneration","StarOfDavid"],"picked":"SKIP","floor":19},{"not_picked":["BloodHunter+1","UnstableMagic+1"],"picked":"BloodAndWine","floor":22},{"not_picked":["NightDance","EndlessAdversity","RedMagic"],"picked":"SKIP","floor":23},{"not_picked":["NightDance","VampireFantasy","ScarletGensokyo"],"picked":"SKIP","floor":25},{"not_picked":["DevilSight","UnderTheZenith","VampireKiss"],"picked":"SKIP","floor":25}],"player_experience":187537,"relics_obtained":[{"floor":4,"key":"Orichalcum"},{"floor":7,"key":"AntiCross"},{"floor":9,"key":"Matryoshka"},{"floor":23,"key":"Bottled Tornado"},{"floor":23,"key":"Prayer Wheel"},{"floor":26,"key":"Centennial Puzzle"},{"floor":26,"key":"Blue Candle"}],"event_choices":[{"damage_healed":0,"gold_gain":275,"player_choice":"Desecrate","damage_taken":0,"max_hp_gain":0,"max_hp_loss":0,"event_name":"Golden Shrine","floor":2,"gold_loss":0,"cards_obtained":["Regret"]},{"cards_removed":["Strike_RM"],"damage_healed":0,"gold_gain":0,"player_choice":"Forget","damage_taken":0,"max_hp_gain":0,"max_hp_loss":0,"event_name":"Living Wall","floor":12,"gold_loss":0},{"damage_healed":0,"gold_gain":75,"player_choice":"Touch","damage_taken":7,"max_hp_gain":0,"max_hp_loss":0,"event_name":"FaceTrader","floor":20,"gold_loss":0},{"damage_healed":0,"gold_gain":360,"player_choice":"GOLD GOLD GOLD GOLD ","damage_taken":36,"max_hp_gain":0,"max_hp_loss":0,"event_name":"Knowing Skull","floor":28,"potions_obtained":[],"gold_loss":0,"cards_obtained":[]}],"is_beta":false,"boss_relics":[{"not_picked":["Astrolabe","Velvet Choker"],"picked":"Black Star"}],"items_purged_floors":[8,11,21],"is_endless":false,"potions_floor_spawned":[1,10,13,16,23],"killed_by":"Slavers","ascension_level":0}}