{"host":"ik8ww1p4uabx5gam","time":1608606648,"event":{"mods":["Always Whale","Aspiration","BaseMod","Better Third Choice","BetterRewards","Colored Map","Conspire","Energized Spire","FetchMod","Hubris","Infinite Spire","Jedi Mod","Minty Spire (QoL Compilation)","Random Character Button","Replay The Spire","Shop Mod","Spicy Shops","Spikes Relics","StSLib","The Blue Laboratory","Wandering Minibosses"],"gold_per_floor":[116,132,145,161,192,192,192],"floor_reached":6,"playtime":257,"items_purged":[],"score":40,"play_id":"5ac59f90-23b1-4ab8-873b-1046a3d9254a","local_time":"20201221211048","is_ascension_mode":true,"campfire_choices":[],"circlet_count":0,"master_deck":["Strike_P","Strike_P","Strike_P","Strike_P","Defend_P","Defend_P","Defend_P","Defend_P","Eruption+1","Vigilance","Perseverance","Consecrate","MentalFortress","Wallop","Prostrate"],"relics":["PureWater","hubris:CuriousFeather"],"acts_visited":["Exordium"],"potions_floor_usage":[5],"damage_taken":[{"damage":1,"enemies":"Jaw Worm","floor":1,"turns":4},{"damage":0,"enemies":"Small Slimes","floor":2,"turns":2},{"damage":0,"enemies":"Cultist","floor":3,"turns":5},{"damage":12,"enemies":"Large Slime","floor":4,"turns":6},{"damage":51,"enemies":"conspire:MimicChest","floor":5,"turns":5},{"damage":36,"enemies":"Lagavulin","floor":6,"turns":3}],"seed_played":"6276602238489327163","potions_obtained":[{"floor":2,"key":"blueLaboratory:FaithlessPotion"}],"is_trial":false,"path_per_floor":["M","M","M","M","?","E"],"character_chosen":"WATCHER","items_purchased":[],"campfire_rested":0,"item_purchase_floors":[],"current_hp_per_floor":[71,71,71,59,8,0,0],"gold":192,"neow_bonus":"UPGRADE_CARD","is_daily":false,"chose_seed":false,"campfire_upgraded":0,"win_rate":0.0,"timestamp":1608606648,"path_taken":["M","M","M","M","?","E"],"items_purchased_type":[],"build_version":"2020-12-13","purchased_purges":0,"victory":false,"max_hp_per_floor":[72,72,72,72,72,72,72],"card_choices":[{"not_picked":["Halt","EmptyBody"],"picked":"Perseverance","floor":1},{"not_picked":["BowlingBash","CutThroughFate"],"picked":"Consecrate","floor":2},{"not_picked":["EmptyFist","FlyingSleeves"],"picked":"MentalFortress","floor":3},{"not_picked":["SashWhip","CutThroughFate"],"picked":"Wallop","floor":4},{"not_picked":["SashWhip","Weave"],"picked":"Prostrate","floor":5}],"player_experience":904158,"relics_obtained":[{"floor":5,"key":"hubris:CuriousFeather"}],"event_choices":[],"is_beta":false,"boss_relics":[],"items_purged_floors":[],"is_endless":false,"potions_floor_spawned":[2],"killed_by":"Lagavulin","ascension_level":1}}