{"host":"1a32ffxog1zcqoh0","time":1608670525,"event":{"mods":["BaseMod","Block Reminder","Colored Map","Colored Powertips","Googly Eyes","Minty Spire (QoL Compilation)","Quick Restart","Rare Cards Sparkle","Relic Stats","StSLib","Unceasing Turn Reminder","everything is the same but u backflip on backflip","slay the spire mod where everything is the same but ironclad has a cowboy hat"],"gold_per_floor":[367,39,58,58,58,99,99,143,143,143,143],"floor_reached":10,"playtime":304,"items_purged":["Strike_G"],"score":93,"play_id":"8b87fba5-aa4e-4dd6-95e1-f210ec359fe4","local_time":"20201222155525","is_ascension_mode":true,"campfire_choices":[{"floor":7,"key":"REST"}],"circlet_count":0,"master_deck":["Strike_G","Strike_G","Strike_G","Strike_G","Defend_G","Defend_G","Defend_G","Defend_G","Defend_G","Survivor","Neutralize","Bane","Noxious Fumes+1","Dagger Spray","Bane","Injury","Bane","Dagger Spray"],"relics":["Ring of the Snake","Anchor","Golden Idol","Du-Vu Doll","The Courier","Bottled Flame"],"acts_visited":["Exordium"],"potions_floor_usage":[],"damage_taken":[{"damage":0,"enemies":"2 Louse","floor":1,"turns":3},{"damage":0,"enemies":"Cultist","floor":3,"turns":4},{"damage":27,"enemies":"3 Sentries","floor":6,"turns":6},{"damage":31,"enemies":"Gremlin Nob","floor":8,"turns":4},{"damage":15,"enemies":"Lagavulin","floor":10,"turns":4}],"seed_played":"5982110709105950312","potions_obtained":[{"floor":6,"key":"Dexterity Potion"},{"floor":8,"key":"LiquidBronze"}],"is_trial":false,"path_per_floor":["M","$","M","?","?","E","R","E","T","E"],"character_chosen":"THE_SILENT","items_purchased":["Noxious Fumes","Dagger Spray","Anchor"],"campfire_rested":1,"item_purchase_floors":[2,2,2],"current_hp_per_floor":[49,49,49,49,49,22,43,12,12,0,0],"gold":143,"neow_bonus":"TWO_FIFTY_GOLD","is_daily":false,"chose_seed":false,"campfire_upgraded":0,"win_rate":0.0,"timestamp":1608670525,"path_taken":["M","$","M","?","?","E","R","E","T","E"],"items_purchased_type":["Card","Card","Relic"],"build_version":"2020-12-13","purchased_purges":1,"victory":false,"max_hp_per_floor":[70,70,70,70,70,70,70,70,70,70,70],"relic_stats":{"counters":[5,21],"Golden Idol":17,"obtain_stats":[{"Du-Vu Doll":6,"Anchor":2,"Bottled Flame":9,"Golden Idol":5,"The Courier":8,"Ring of the Snake":0},{"Du-Vu Doll":3,"Anchor":1,"Bottled Flame":4,"Golden Idol":2,"The Courier":4,"Ring of the Snake":0},{"Du-Vu Doll":13,"Anchor":3,"Bottled Flame":17,"Golden Idol":7,"The Courier":17,"Ring of the Snake":0}],"Ring of the Snake":[10]},"card_choices":[{"not_picked":["Backflip","Acrobatics"],"picked":"Bane","floor":1},{"not_picked":["Blade Dance","Eviscerate"],"picked":"Bane","floor":3},{"not_picked":["Backflip","Riddle With Holes"],"picked":"Bane","floor":6},{"not_picked":["Outmaneuver","Glass Knife"],"picked":"Dagger Spray","floor":8}],"player_experience":254897,"relics_obtained":[{"floor":6,"key":"Du-Vu Doll"},{"floor":8,"key":"The Courier"},{"floor":9,"key":"Bottled Flame"}],"event_choices":[{"damage_healed":0,"gold_gain":0,"player_choice":"Grow","damage_taken":0,"max_hp_gain":0,"max_hp_loss":0,"event_name":"Living Wall","floor":4,"gold_loss":0,"cards_upgraded":["Noxious Fumes"]},{"damage_healed":0,"gold_gain":0,"player_choice":"Take Wound","damage_taken":0,"relics_obtained":["Golden Idol"],"max_hp_gain":0,"max_hp_loss":0,"event_name":"Golden Idol","floor":5,"gold_loss":0,"cards_obtained":["Injury"]}],"is_beta":false,"boss_relics":[],"items_purged_floors":[2],"is_endless":false,"potions_floor_spawned":[6,8],"killed_by":"Lagavulin","ascension_level":5}}