{"host":"w4b7hmige5bnqipq","time":1608665541,"event":{"mods":["BaseMod","Minty Spire (QoL Compilation)","Rare Cards Sparkle","SuperFastMode","everything is the same but u backflip on backflip","slay the spire mod where everything is the same but ironclad has a cowboy hat"],"gold_per_floor":[112,112,77,93,109,109,145,145,192,230,254,284,81,116,116,116,116],"floor_reached":16,"playtime":422,"items_purged":["Strike_R"],"score":218,"play_id":"c3f7b4bf-383b-4436-ab98-bcc994219a18","local_time":"20201223043221","is_ascension_mode":true,"campfire_choices":[{"data":"Armaments","floor":6,"key":"SMITH"},{"data":"Pommel Strike","floor":8,"key":"SMITH"},{"floor":15,"key":"REST"}],"circlet_count":0,"master_deck":["AscendersBane","Strike_R","Strike_R","Strike_R","Defend_R","Defend_R","Defend_R","Bash","Pommel Strike+1","Thunderclap","Armaments+1","Power Through","Shrug It Off","Entrench","Juggernaut"],"relics":["Burning Blood","Golden Idol","Blood Vial","Bag of Preparation","Darkstone Periapt","Membership Card","Omamori"],"acts_visited":["Exordium"],"potions_floor_usage":[7,10,14],"damage_taken":[{"damage":1,"enemies":"Cultist","floor":1,"turns":3},{"damage":9,"enemies":"2 Louse","floor":4,"turns":3},{"damage":14,"enemies":"Jaw Worm","floor":5,"turns":3},{"damage":17,"enemies":"3 Sentries","floor":7,"turns":4},{"damage":16,"enemies":"Gremlin Nob","floor":10,"turns":4},{"damage":3,"enemies":"Large Slime","floor":11,"turns":8},{"damage":20,"enemies":"3 Sentries","floor":14,"turns":8},{"damage":54,"enemies":"Slime Boss","floor":16,"turns":9}],"seed_played":"3430355906393950302","potions_obtained":[{"floor":1,"key":"PowerPotion"},{"floor":7,"key":"DuplicationPotion"},{"floor":11,"key":"ColorlessPotion"}],"is_trial":false,"path_per_floor":["M","?","?","M","M","R","E","R","T","E","M","?","$","E","R","B"],"character_chosen":"IRONCLAD","items_purchased":["Membership Card"],"campfire_rested":1,"item_purchase_floors":[13],"current_hp_per_floor":[68,45,62,59,51,51,40,40,40,32,37,37,37,25,45,0,0],"gold":116,"neow_bonus":"REMOVE_TWO","is_daily":false,"chose_seed":false,"campfire_upgraded":2,"win_rate":0.0,"timestamp":1608665541,"path_taken":["M","?","?","M","M","R","E","R","T","E","?","?","$","E","R","BOSS"],"items_purchased_type":["Relic"],"build_version":"2020-12-13","purchased_purges":1,"victory":false,"max_hp_per_floor":[68,68,68,68,68,68,68,68,68,68,68,68,68,68,68,68,68],"card_choices":[{"not_picked":["Pummel","Body Slam"],"picked":"Pommel Strike","floor":1},{"not_picked":["Clothesline","Thunderclap","Twin Strike"],"picked":"SKIP","floor":4},{"not_picked":["Clothesline","Twin Strike"],"picked":"Thunderclap","floor":4},{"not_picked":["Heavy Blade","Havoc"],"picked":"Armaments","floor":5},{"not_picked":["Spot Weakness","Pummel"],"picked":"Power Through","floor":7},{"not_picked":["Bloodletting","Spot Weakness"],"picked":"Shrug It Off","floor":10},{"not_picked":["Havoc","Heavy Blade"],"picked":"Entrench","floor":11},{"not_picked":["Cleave","Power Through"],"picked":"Juggernaut","floor":14}],"player_experience":414761,"relics_obtained":[{"floor":7,"key":"Blood Vial"},{"floor":9,"key":"Bag of Preparation"},{"floor":10,"key":"Darkstone Periapt"},{"floor":14,"key":"Omamori"}],"event_choices":[{"damage_healed":0,"gold_gain":0,"player_choice":"Take Damage","damage_taken":23,"relics_obtained":["Golden Idol"],"max_hp_gain":0,"max_hp_loss":0,"event_name":"Golden Idol","floor":2,"gold_loss":0},{"damage_healed":17,"gold_gain":0,"player_choice":"Healed","damage_taken":0,"max_hp_gain":0,"max_hp_loss":0,"event_name":"The Cleric","floor":3,"gold_loss":35},{"damage_healed":0,"gold_gain":30,"player_choice":"Searched \u00271\u0027 times","damage_taken":0,"max_hp_gain":0,"max_hp_loss":0,"event_name":"Dead Adventurer","floor":12,"gold_loss":0}],"is_beta":false,"boss_relics":[],"items_purged_floors":[13],"is_endless":false,"potions_floor_spawned":[1,7,11],"killed_by":"Slime Boss","ascension_level":17}}