{"host":"dwyzfvnzfcqffr30","time":1608641503,"event":{"mods":["2.2 Compatiblity","Act Like it!","BaseMod","Beaked The Cultist","Better Altar","Better Match","Better Note","Better Sensory Stone","Better Skull","Better Third Choice","Clockwork Mod","Colored Map","Colored Powertips","Conspire","Downfall","Elementarium","GifTheSpireLib","Halation","Hermit","Hubris","Infinite Spire","Ironclad Rager","Jedi Mod","Menagerie","Mimic Mod","Minty Spire (QoL Compilation)","Permanent Neow","Random Character Button","Replay The Spire","Spicy Shops","StSLib","Stuff the Spire","The Construct","The Disciple","The Druid","The Marked","TheFirefly","Trackpad","vexMod"],"gold_per_floor":[416,11,11,11,50,182,182,203,228,34,34,169,251,276,276,306,306,327,327,343,343,358,483,507,507,507],"floor_reached":25,"playtime":1332,"items_purged":["Strike_B+1"],"score":509,"play_id":"ba0d31c0-737c-4f90-b4ab-288421dea588","local_time":"20201222045143","is_ascension_mode":true,"campfire_choices":[{"floor":11,"key":"REST"},{"floor":15,"key":"RECALL"}],"circlet_count":0,"master_deck":["AscendersBane","Strike_B+1","Strike_B+1","Defend_B+1","Defend_B+1","Defend_B+1","Defend_B+1","Zap+1","Dualcast+1","Buffer+1","MasterReality+1","Lockon+1","hubris:PowerSurge+1","Sweeping Beam+1","hubris:DoWhile+1","StuffTheSpire:Synthwave+1","BasicCrystalCard+1","BasicCrystalCard+1","Rainbow+1","Elementarium:StickyTar","jedi:meditation+1"],"relics":["Cracked Core","hubris:FruitBowl","hubris:EvacipatedBox","StuffTheSpire:TintedRock","Juzu Bracelet","Molten Egg 2","Toxic Egg 2","Frozen Egg 2","Quantum Egg","Bottled Tornado","Replay:Antivirus Software","trackpad:SappingStone","StuffTheSpire:DarkSteelAnvil","Golden Idol","Replay:Wax Seal","Cables","Replay:WaspNest","hubris:TerracottaHorce","Du-Vu Doll","beaked:SacredDeck","trackpad:Compendium"],"acts_visited":["Exordium","Elementarium:Elementarium"],"potions_floor_usage":[16,16,22],"damage_taken":[{"damage":0,"enemies":"2 Louse","floor":1,"turns":2},{"damage":0,"enemies":"Lagavulin","floor":6,"turns":5},{"damage":0,"enemies":"Cultist","floor":8,"turns":2},{"damage":0,"enemies":"Gremlin Nob","floor":12,"turns":3},{"damage":0,"enemies":"Small Slimes","floor":14,"turns":2},{"damage":0,"enemies":"Slime Boss","floor":16,"turns":6},{"damage":0,"enemies":"Elementarium:2_ELEMENTALS","floor":18,"turns":2},{"damage":1,"enemies":"Elementarium:Cyclone","floor":20,"turns":3},{"damage":0,"enemies":"Elementarium:VOID_CORRUPTION_AND_TAR_GOLEM","floor":22,"turns":5},{"damage":32,"enemies":"Elementarium:WarGolem","floor":23,"turns":4},{"damage":1,"enemies":"Elementarium:CYCLONE_AND_LIVING_STORMCLOUD","floor":24,"turns":3},{"damage":43,"enemies":"Elementarium:ElementalPortal","floor":25,"turns":6}],"seed_played":"-4898001616538935165","potions_obtained":[{"floor":5,"key":"champ:CounterPotion"},{"floor":5,"key":"DuplicationPotion"},{"floor":6,"key":"FearPotion"},{"floor":14,"key":"jedi:coolantleak"},{"floor":16,"key":"Elixir"},{"floor":20,"key":"hexamod:EctoCoolerPotion"},{"floor":24,"key":"Strength Potion"}],"is_trial":false,"path_per_floor":["M","$","?","?","?","E","?","M","T","$","R","E","T","M","R","B",null,"M","?","M","AVR","M","E","M","E"],"character_chosen":"DEFECT","items_purchased":["hubris:PowerSurge+1","Replay:Antivirus Software","trackpad:SappingStone","BasicCrystalCard+1","Cables"],"campfire_rested":1,"item_purchase_floors":[2,2,2,10,10],"current_hp_per_floor":[68,68,68,68,68,68,50,50,50,50,72,72,72,72,72,72,74,74,74,73,73,73,41,40,0,0],"gold":507,"neow_bonus":"ONE_RANDOM_RARE_CARD","is_daily":false,"chose_seed":false,"campfire_upgraded":0,"win_rate":0.0,"timestamp":1608641503,"path_taken":["M","$","?","?","?","E","?","M","T","?","R","E","?","M","R","BOSS","M","?","M","AVR","M","E","M","E"],"items_purchased_type":["Card","Relic","Relic","Card","Relic"],"build_version":"2020-12-13","purchased_purges":1,"victory":false,"max_hp_per_floor":[75,75,75,75,75,75,75,75,75,75,75,75,75,75,75,75,75,75,75,75,75,75,75,75,75,75],"card_choices":[{"not_picked":["ReplaySort+1","Conserve Battery+1"],"picked":"Lockon+1","floor":1},{"not_picked":["StuffTheSpire:Plugnplay+1","jedi:hex+1"],"picked":"Sweeping Beam+1","floor":5},{"not_picked":["jedi:BurstFrost+1","Ball Lightning+1"],"picked":"hubris:DoWhile+1","floor":6},{"not_picked":["Gash+1","Leap+1"],"picked":"StuffTheSpire:Synthwave+1","floor":8},{"not_picked":["jedi:bruteforce+1","Compile Driver+1"],"picked":"BasicCrystalCard+1","floor":12},{"not_picked":["Heatsinks+1","Panic Button+1","Skim+1"],"picked":"SKIP","floor":14},{"not_picked":["Mirror Shield+1","hubris:SpecializedCircuitry+1"],"picked":"Rainbow+1","floor":16},{"not_picked":["Scrape+1","Panic Button+1","Compile Driver+1"],"picked":"SKIP","floor":18},{"not_picked":["Hologram+1","jedi:BurstFrost+1","Darkness+1"],"picked":"SKIP","floor":20},{"not_picked":["Sweeping Beam+1","Scrape+1","Leap+1"],"picked":"SKIP","floor":22},{"not_picked":["Leap+1","jedi:gatheringstorm+1","jedi:hex+1"],"picked":"SKIP","floor":23},{"not_picked":["Stack+1","Streamline+1","Lockon+1"],"picked":"SKIP","floor":24}],"player_experience":2320064,"relics_obtained":[{"floor":6,"key":"StuffTheSpire:DarkSteelAnvil"},{"floor":9,"key":"Replay:Wax Seal"},{"floor":13,"key":"Replay:WaspNest"},{"floor":23,"key":"trackpad:Compendium"}],"event_choices":[{"damage_healed":0,"gold_gain":0,"player_choice":"Simplicity","damage_taken":0,"max_hp_gain":0,"max_hp_loss":8,"event_name":"betterThird:BetterWriting","floor":0,"gold_loss":0},{"cards_removed":["Strike_B"],"damage_healed":0,"gold_gain":0,"player_choice":"Offered Basic","damage_taken":0,"max_hp_gain":0,"max_hp_loss":0,"event_name":"Bonfire Elementals","floor":4,"gold_loss":0},{"damage_healed":0,"gold_gain":0,"player_choice":"Take Damage","damage_taken":18,"relics_obtained":["Golden Idol"],"max_hp_gain":0,"max_hp_loss":0,"event_name":"Golden Idol","floor":7,"gold_loss":0},{"damage_healed":0,"gold_gain":0,"player_choice":"Open","damage_taken":0,"relics_obtained":["Du-Vu Doll"],"max_hp_gain":0,"max_hp_loss":0,"event_name":"Elementarium:TarCoveredCasket","floor":19,"gold_loss":0,"cards_obtained":["Elementarium:StickyTar","Elementarium:StickyTar"]}],"is_beta":false,"boss_relics":[{"not_picked":["halation:ForbiddenBikini","Kintsugi","Honey Jar"],"picked":"hubris:TerracottaHorce"}],"items_purged_floors":[21],"is_endless":false,"potions_floor_spawned":[6,14,16,20,24],"killed_by":"Elementarium:ElementalPortal","ascension_level":10}}