{"host":"36ls4ricihodphgx","time":1608671765,"event":{"mods":["AchievementEnabler","BaseMod","Colored Map","Downfall","Hermit","HololiveMod","Marisa????????","Minty Spire (QoL Compilation)","Replay The Spire","StSLib","The Animator","The Cursed","The Servant 0.9.4"],"gold_per_floor":[115,115,44,60,73,73,98,98,98,129,129,170,181,201,213,140,140,251,251,262,69,168,181,181,38,38,49,98,115,115,115,128,128,128,139,139,243,243,260,270,270,270,270],"floor_reached":42,"playtime":2230,"items_purged":["WitchOfGreed"],"score":468,"play_id":"613ca8ff-ee1c-4651-a7cb-8d4df29ddcb1","local_time":"20201222141605","is_ascension_mode":false,"campfire_choices":[{"data":"EnergyFlow","floor":6,"key":"SMITH"},{"floor":17,"key":"REST"},{"floor":34,"key":"REST"},{"floor":36,"key":"REST"}],"circlet_count":0,"master_deck":["Strike_MRS","Strike_MRS","Strike_MRS","Defend_MRS","Defend_MRS","Defend_MRS","Defend_MRS","MasterSpark","UpSweep","GasGiant","EnergyFlow+1","OrrerysSun+1","StarBarrage","FairyDestructionRay","RefractionSpark","MysteriousBeam","MeteoricShower","AlicesGift","UltimateShortwave","UltimateShortwave","UltimateShortwave","MaximisePower","GrandCross","ChargeUpSpray","ManaRampage","Spreading Infection","Injury","Slimebound:Icky","MysteriousBeam+1","OrrerysSun"],"relics":["MiniHakkero","NeowsBlessing","Oddly Smooth Stone","AmplifyWand","Blood Vial","Vajra","SlaversCollar","Bottled Lightning","Regal Pillow","ReplayTheSpireMod:Lightbulb","Replay:Ancient Bell","Anchor","Letter Opener","Counterbalance"],"acts_visited":["Exordium","TheCity","TheBeyond"],"potions_floor_usage":[10,12,15,32,32,37,37,39,42],"damage_taken":[{"damage":0,"enemies":"Small Slimes","floor":1,"turns":1},{"damage":0,"enemies":"Jaw Worm","floor":4,"turns":1},{"damage":0,"enemies":"Cultist","floor":5,"turns":1},{"damage":24,"enemies":"3 Sentries","floor":7,"turns":8},{"damage":21,"enemies":"Lagavulin","floor":10,"turns":6},{"damage":12,"enemies":"3 Sentries","floor":12,"turns":8},{"damage":5,"enemies":"Exordium Wildlife","floor":13,"turns":5},{"damage":0,"enemies":"3 Louse","floor":14,"turns":1},{"damage":8,"enemies":"Gremlin Gang","floor":15,"turns":3},{"damage":0,"enemies":"Slime Boss","floor":18,"turns":8},{"damage":26,"enemies":"3 Byrds","floor":20,"turns":7},{"damage":6,"enemies":"Chosen","floor":23,"turns":4},{"damage":15,"enemies":"Snecko","floor":27,"turns":5},{"damage":22,"enemies":"3 Cultists","floor":29,"turns":6},{"damage":9,"enemies":"Snake Plant","floor":32,"turns":2},{"damage":16,"enemies":"Snecko","floor":35,"turns":5},{"damage":41,"enemies":"Automaton","floor":37,"turns":11},{"damage":1,"enemies":"Orb Walker","floor":39,"turns":2},{"damage":57,"enemies":"3 Shapes","floor":40,"turns":4},{"damage":36,"enemies":"Transient","floor":42,"turns":5}],"seed_played":"-6324271763622857985","potions_obtained":[{"floor":1,"key":"Explosive Potion"},{"floor":7,"key":"SneckoOil"},{"floor":10,"key":"SkillPotion"},{"floor":14,"key":"EssenceOfSteel"},{"floor":18,"key":"Milkshake"},{"floor":29,"key":"Slimebound:ThreeZeroPotion"},{"floor":32,"key":"Weak Potion"},{"floor":35,"key":"AttackPotion"},{"floor":37,"key":"AttackPotion"},{"floor":39,"key":"SkillPotion"}],"is_trial":false,"path_per_floor":["M","?","$","M","M","R","E","PTL","PTL","E","T","E","M","M","M","$","R","B",null,"M","$","?","M","T","$","?","M","T","M","PTL","PTL","M","?","R","M","R","B",null,"M","M","?","M"],"character_chosen":"MARISA","items_purchased":["EnergyFlow","AlicesGift","UltimateShortwave","Regal Pillow"],"campfire_rested":3,"item_purchase_floors":[3,16,21,25],"current_hp_per_floor":[75,68,68,68,68,68,44,44,44,23,23,13,10,12,6,6,28,30,75,49,49,49,45,45,45,45,32,32,12,12,12,5,5,42,28,65,26,75,74,18,11,0,0],"gold":270,"neow_bonus":"THREE_ENEMY_KILL","is_daily":false,"chose_seed":false,"campfire_upgraded":1,"win_rate":0.0,"timestamp":1608671765,"path_taken":["M","?","$","M","M","R","E","PTL","PTL","E","T","E","M","M","M","?","R","BOSS","M","$","?","M","?","$","?","M","T","M","PTL","PTL","M","?","R","M","R","BOSS","M","?","?","?"],"items_purchased_type":["Card","Card","Card","Relic"],"build_version":"2020-12-13","purchased_purges":1,"victory":false,"max_hp_per_floor":[75,75,75,75,75,75,75,75,75,75,75,75,75,75,75,75,75,75,75,75,75,75,75,75,75,75,75,75,75,75,75,75,75,75,75,75,75,75,75,75,75,75,75],"card_choices":[{"not_picked":["ManaConvection","LuminesStrike"],"picked":"GasGiant","floor":1},{"not_picked":["LuminesStrike","WitchLeyline"],"picked":"OrrerysSun","floor":4},{"not_picked":["OneTimeOff","IllusionStar"],"picked":"StarBarrage","floor":5},{"not_picked":["NonDirectionalLaser","GalacticHalo"],"picked":"FairyDestructionRay","floor":7},{"not_picked":["MilkyWay","MysteriousBeam"],"picked":"WitchOfGreed","floor":10},{"not_picked":["UnstableBomb","DC"],"picked":"RefractionSpark","floor":12},{"not_picked":["IllusionStar","AsteroidBelt"],"picked":"MysteriousBeam","floor":13},{"not_picked":["GasGiant","GalacticHalo"],"picked":"MeteoricShower","floor":14},{"not_picked":["WitchLeyline","PropBag","GravityBeat"],"picked":"SKIP","floor":15},{"not_picked":["SuperNova","StarDustReverie"],"picked":"UltimateShortwave","floor":18},{"not_picked":["Acceleration","AsteroidBelt","GasGiant"],"picked":"SKIP","floor":20},{"not_picked":["IllusionStar","UnstableBomb+1","NonDirectionalLaser"],"picked":"SKIP","floor":23},{"not_picked":["OortCloud","DC"],"picked":"MaximisePower","floor":27},{"not_picked":["Acceleration","6A","SuperPerseids"],"picked":"SKIP","floor":29},{"not_picked":["NonDirectionalLaser","ChargeUpSpray+1"],"picked":"GrandCross","floor":32},{"not_picked":["GalacticHalo","LuminesStrike"],"picked":"ChargeUpSpray","floor":35},{"not_picked":["FinalSpark","SatelliteIllusion"],"picked":"ManaRampage","floor":37},{"not_picked":["ReplayTheSpireMod:Doomed","Pain"],"picked":"Spreading Infection","floor":38},{"not_picked":["Looming Evil","ReplayTheSpireMod:Restless Dread"],"picked":"Injury","floor":38},{"not_picked":["Overencumbered","sneckomod:Bewildered"],"picked":"Slimebound:Icky","floor":38},{"not_picked":["GravityBeat+1","PowerUp"],"picked":"MysteriousBeam+1","floor":39},{"not_picked":["UnstableBomb","EventHorizon"],"picked":"OrrerysSun","floor":40}],"player_experience":8689,"relics_obtained":[{"floor":7,"key":"Oddly Smooth Stone"},{"floor":10,"key":"AmplifyWand"},{"floor":11,"key":"Blood Vial"},{"floor":12,"key":"Vajra"},{"floor":24,"key":"Bottled Lightning"},{"floor":28,"key":"ReplayTheSpireMod:Lightbulb"}],"event_choices":[{"cards_removed":["Strike_MRS"],"damage_healed":0,"gold_gain":0,"player_choice":"Card Removal","damage_taken":7,"max_hp_gain":0,"max_hp_loss":0,"event_name":"Golden Wing","floor":2,"gold_loss":0},{"damage_healed":0,"gold_gain":99,"player_choice":"Stole From Cult","damage_taken":0,"max_hp_gain":0,"max_hp_loss":0,"event_name":"Nest","floor":22,"gold_loss":0},{"damage_healed":0,"gold_gain":0,"player_choice":"Ignored","damage_taken":0,"max_hp_gain":0,"max_hp_loss":0,"event_name":"Ghosts","floor":26,"gold_loss":0},{"damage_healed":0,"gold_gain":0,"player_choice":"Forge","damage_taken":0,"max_hp_gain":0,"max_hp_loss":0,"event_name":"Accursed Blacksmith","floor":33,"gold_loss":0,"cards_upgraded":["OrrerysSun"]},{"damage_healed":0,"gold_gain":0,"player_choice":"Damaged","damage_taken":7,"max_hp_gain":0,"max_hp_loss":0,"event_name":"Wheel of Change","floor":41,"gold_loss":0}],"is_beta":false,"boss_relics":[{"not_picked":["Ectoplasm","Coffee Dripper"],"picked":"SlaversCollar"},{"not_picked":["Astrolabe","Honey Jar"],"picked":"Replay:Ancient Bell"},{"not_picked":["Centennial Puzzle","Dream Catcher"],"picked":"Anchor"},{"not_picked":["Sundial","Quantum Egg"],"picked":"Letter Opener"},{"not_picked":["Gambling Chip","Unceasing Top"],"picked":"Counterbalance"}],"items_purged_floors":[21],"is_endless":false,"potions_floor_spawned":[1,7,10,14,29,32,35,37,39],"killed_by":"Transient","ascension_level":0}}