{"host":"pvedlq59if0kbxhz","time":1608668079,"event":{"mods":["Act Like it!","BaseMod","Duelist Mod","Friendly Minions","GifTheSpireLib","Gold Saver","Minty Spire (QoL Compilation)","Replay The Spire","Shop Mod","StSLib","The Jungle"],"gold_per_floor":[113,188,188,200,200,214,214,214],"floor_reached":7,"playtime":381,"items_purged":[],"score":41,"play_id":"8a26b6a3-2ba0-4255-81b4-432491319c3e","local_time":"20201222151439","is_ascension_mode":false,"campfire_choices":[],"circlet_count":0,"master_deck":["Strike_G","Strike_G","Strike_G","Strike_G","Strike_G","Defend_G","Defend_G","Defend_G","Defend_G","Survivor","Neutralize","Draining Mist","Backflip","Hidden Blade","Night Terror"],"relics":["Ring of the Snake","Question Card"],"acts_visited":["Exordium"],"potions_floor_usage":[],"damage_taken":[{"damage":2,"enemies":"Small Slimes","floor":1,"turns":4},{"damage":11,"enemies":"2 Louse","floor":4,"turns":3},{"damage":7,"enemies":"Jaw Worm","floor":6,"turns":4},{"damage":47,"enemies":"Gremlin Nob","floor":7,"turns":5}],"seed_played":"3216940646428309063","potions_obtained":[{"floor":4,"key":"Dexterity Potion"}],"is_trial":false,"path_per_floor":["M","?","?","M","?","M","E"],"character_chosen":"THE_SILENT","items_purchased":[],"campfire_rested":0,"item_purchase_floors":[],"current_hp_per_floor":[75,64,64,53,50,43,0,0],"gold":214,"neow_bonus":"TEN_PERCENT_HP_BONUS","is_daily":false,"chose_seed":false,"campfire_upgraded":0,"win_rate":0.0,"timestamp":1608668079,"path_taken":["M","?","?","M","?","?","E"],"items_purchased_type":[],"build_version":"2020-12-13","purchased_purges":0,"victory":false,"max_hp_per_floor":[77,77,77,77,77,77,77,77],"card_choices":[{"not_picked":["Quick Slash","All Out Attack"],"picked":"Draining Mist","floor":1},{"not_picked":["Dodge and Roll","PiercingWail"],"picked":"Hidden Blade","floor":4},{"not_picked":["Acrobatics","Outmaneuver","Hidden Blade"],"picked":"Night Terror","floor":6}],"player_experience":8591,"relics_obtained":[],"event_choices":[{"damage_healed":0,"gold_gain":75,"player_choice":"Gather Gold","damage_taken":11,"max_hp_gain":0,"max_hp_loss":0,"event_name":"World of Goop","floor":2,"gold_loss":0},{"damage_healed":0,"gold_gain":0,"cards_transformed":["Defend_G"],"player_choice":"Change","damage_taken":0,"max_hp_gain":0,"max_hp_loss":0,"event_name":"Living Wall","floor":3,"gold_loss":0,"cards_obtained":["Backflip"]},{"damage_healed":0,"gold_gain":0,"player_choice":"Success","damage_taken":3,"relics_obtained":["Question Card"],"max_hp_gain":0,"max_hp_loss":0,"event_name":"Scrap Ooze","floor":5,"gold_loss":0}],"is_beta":false,"boss_relics":[],"items_purged_floors":[],"is_endless":false,"potions_floor_spawned":[4],"killed_by":"Gremlin Nob","ascension_level":0}}