{"host":"y56d1fjpgcjsodvy","time":1608630748,"event":{"mods":["BaseMod","Colored Powertips","GifTheSpireLib","Highlight Path","Minty Spire (QoL Compilation)","StSLib","SuperFastMode","everything is the same but u backflip on backflip"],"gold_per_floor":[12,12,23,43,43,118,147,147,147,147,147],"floor_reached":10,"playtime":200,"items_purged":[],"score":132,"play_id":"954ae816-c476-4dee-a58b-b30dba71b160","local_time":"20201222185228","is_ascension_mode":true,"campfire_choices":[{"data":"Cloak And Dagger","floor":8,"key":"SMITH"}],"circlet_count":0,"master_deck":["AscendersBane","Strike_G","Strike_G","Strike_G","Strike_G","Strike_G","Defend_G","Defend_G","Defend_G","Defend_G","Defend_G","Survivor","Neutralize","After Image","Dagger Spray","Blade Dance","Blur","Cloak And Dagger+1"],"relics":["Ring of the Snake","Kunai","Akabeko"],"acts_visited":["Exordium"],"potions_floor_usage":[7,10],"damage_taken":[{"damage":7,"enemies":"Small Slimes","floor":1,"turns":4},{"damage":0,"enemies":"Cultist","floor":3,"turns":4},{"damage":0,"enemies":"2 Louse","floor":4,"turns":2},{"damage":14,"enemies":"3 Sentries","floor":7,"turns":8},{"damage":47,"enemies":"Gremlin Nob","floor":10,"turns":4}],"seed_played":"-4918378841001625982","potions_obtained":[{"floor":4,"key":"PowerPotion"},{"floor":7,"key":"DuplicationPotion"}],"is_trial":false,"path_per_floor":["M","?","M","M","$","?","E","R","T","E"],"character_chosen":"THE_SILENT","items_purchased":[],"campfire_rested":0,"item_purchase_floors":[],"current_hp_per_floor":[52,52,52,52,52,41,27,27,27,0,0],"gold":147,"neow_bonus":"THREE_RARE_CARDS","is_daily":false,"chose_seed":false,"campfire_upgraded":1,"win_rate":0.0,"timestamp":1608630748,"path_taken":["M","?","M","M","?","?","E","R","T","E"],"items_purchased_type":[],"build_version":"2020-12-13","purchased_purges":0,"victory":false,"max_hp_per_floor":[66,66,66,66,66,66,66,66,66,66,66],"card_choices":[{"not_picked":["Venomology","Wraith Form v2"],"picked":"After Image","floor":0},{"not_picked":["Deadly Poison","Bane"],"picked":"Dagger Spray","floor":1},{"not_picked":["Outmaneuver","Flying Knee"],"picked":"Blade Dance","floor":3},{"not_picked":["Blade Dance","Dodge and Roll"],"picked":"Blur","floor":4},{"not_picked":["Dagger Throw","Deflect"],"picked":"Cloak And Dagger","floor":7}],"player_experience":1175704,"relics_obtained":[{"floor":7,"key":"Kunai"},{"floor":9,"key":"Akabeko"}],"event_choices":[{"damage_healed":0,"gold_gain":0,"player_choice":"Ignored","damage_taken":0,"max_hp_gain":0,"max_hp_loss":0,"event_name":"WeMeetAgain","floor":2,"gold_loss":0},{"damage_healed":0,"gold_gain":75,"player_choice":"Gather Gold","damage_taken":11,"max_hp_gain":0,"max_hp_loss":0,"event_name":"World of Goop","floor":6,"gold_loss":0}],"is_beta":false,"boss_relics":[],"items_purged_floors":[],"is_endless":false,"potions_floor_spawned":[4,7],"killed_by":"Gremlin Nob","ascension_level":20}}