{"host":"yoibuf8dtscl5joe","time":1608667433,"event":{"mods":["BaseMod","Better Third Choice","Downfall","Marisa????????","Minty Spire (QoL Compilation)","Replay The Spire","StSLib","The Construct","The Cursed","The Servant 0.9.4"],"gold_per_floor":[110,124,44,63,63,63,106,122,149,149,199,236,236,270,270,400,400,333,366,56,56,62,62],"floor_reached":22,"playtime":2631,"items_purged":["Strike_R"],"score":217,"play_id":"290e6187-26f7-4230-bbd7-60ccf898bee5","local_time":"20201222220353","is_ascension_mode":false,"campfire_choices":[{"data":"Dark Embrace","floor":6,"key":"SMITH"},{"data":"ReplayTheSpireMod:Stacked","floor":10,"key":"SMITH"},{"floor":15,"key":"REST"}],"circlet_count":0,"master_deck":["Strike_R","Strike_R","Strike_R","Strike_R","Defend_R","Defend_R","Defend_R","Defend_R","Dark Embrace+1","ReplayTheSpireMod:Stacked+1","Second Wind","Survivor","Neutralize","Ghostly Armor","Demonic Infusion","Feel No Pain","Rampage","Evolve","Ghostly","Ghostly","Ghostly","Ghostly","Ghostly"],"relics":["Burning Blood","NeowsBlessing","Golden Idol","Potion Belt","Strawberry","Replay:Bandana","Red Skull","Sozu","Strange Spoon"],"acts_visited":["Exordium","TheCity"],"potions_floor_usage":[7,12,18],"damage_taken":[{"damage":0,"enemies":"Small Slimes","floor":1,"turns":1},{"damage":0,"enemies":"Jaw Worm","floor":2,"turns":1},{"damage":0,"enemies":"2 Louse","floor":4,"turns":1},{"damage":18,"enemies":"Gremlin Nob","floor":7,"turns":5},{"damage":21,"enemies":"2 Fungi Beasts","floor":8,"turns":4},{"damage":33,"enemies":"3 Sentries","floor":12,"turns":13},{"damage":7,"enemies":"Blue Slaver","floor":14,"turns":4},{"damage":12,"enemies":"Fading Forest","floor":16,"turns":11},{"damage":5,"enemies":"2 Thieves","floor":18,"turns":5},{"damage":30,"enemies":"Shell Parasite","floor":19,"turns":13},{"damage":49,"enemies":"Centurion and Healer","floor":22,"turns":16}],"seed_played":"-2869822387079281209","potions_obtained":[{"floor":1,"key":"HeartOfIron"},{"floor":4,"key":"BloodPotion"},{"floor":12,"key":"Venom Potion"}],"is_trial":false,"path_per_floor":["M","M","$","M","?","R","E","M","T","R","T","E","?","M","R","B",null,"M","M","$","?","M"],"character_chosen":"IRONCLAD","items_purchased":["Dark Embrace","Strange Spoon","Evolve"],"campfire_rested":1,"item_purchase_floors":[3,20,20],"current_hp_per_floor":[80,80,80,80,60,60,48,33,40,40,40,30,30,29,55,63,87,87,63,63,43,0,0],"gold":62,"neow_bonus":"THREE_ENEMY_KILL","is_daily":false,"chose_seed":false,"campfire_upgraded":2,"win_rate":0.0,"timestamp":1608667433,"path_taken":["M","M","$","M","?","R","E","M","T","R","?","E","?","M","R","BOSS","M","M","$","?","M"],"items_purchased_type":["Card","Relic","Card"],"build_version":"2020-12-13","purchased_purges":1,"victory":false,"max_hp_per_floor":[80,80,80,80,80,80,80,80,87,87,87,87,87,87,87,87,87,87,87,87,43,43,43],"card_choices":[{"not_picked":["Combust","Clothesline","True Grit"],"picked":"SKIP","floor":1},{"not_picked":["Bloodletting","ReplayTheSpireMod:Strike From Hell","ReplayTheSpireMod:Limb From Limb"],"picked":"SKIP","floor":2},{"not_picked":["Flex","Life Link"],"picked":"ReplayTheSpireMod:Stacked","floor":4},{"not_picked":["Limit Break","Cleave"],"picked":"Second Wind","floor":7},{"not_picked":["ReplayTheSpireMod:Strike From Hell","Power Through","Spot Weakness"],"picked":"SKIP","floor":8},{"not_picked":["Wild Strike","Evolve","Blood for Blood"],"picked":"SKIP","floor":12},{"not_picked":["Body Slam","Anger"],"picked":"Ghostly Armor","floor":14},{"not_picked":["Feed","Immolate"],"picked":"Demonic Infusion","floor":16},{"not_picked":["Evolve","Reckless Charge"],"picked":"Feel No Pain","floor":18},{"not_picked":["Pommel Strike","Uppercut"],"picked":"Rampage","floor":19}],"player_experience":381042,"relics_obtained":[{"floor":7,"key":"Potion Belt"},{"floor":9,"key":"Strawberry"},{"floor":11,"key":"Replay:Bandana"},{"floor":12,"key":"Red Skull"}],"event_choices":[{"damage_healed":0,"gold_gain":0,"player_choice":"Take Damage","damage_taken":20,"relics_obtained":["Golden Idol"],"max_hp_gain":0,"max_hp_loss":0,"event_name":"Golden Idol","floor":5,"gold_loss":0},{"damage_healed":0,"gold_gain":0,"player_choice":"Became a Ghost","damage_taken":0,"max_hp_gain":0,"max_hp_loss":44,"event_name":"Ghosts","floor":21,"gold_loss":0,"cards_obtained":["Ghostly","Ghostly","Ghostly","Ghostly","Ghostly"]}],"is_beta":false,"boss_relics":[{"not_picked":["Busted Crown","construct:WeddingRing"],"picked":"Sozu"}],"items_purged_floors":[20],"is_endless":false,"potions_floor_spawned":[1,4,12],"killed_by":"Centurion and Healer","ascension_level":0}}