{"host":"csap8gk29nkluet0","time":1608630614,"event":{"mods":["BaseMod","Downfall","Minty Spire (QoL Compilation)","StSLib"],"gold_per_floor":[99,112,112,142,142,169,169,94,109,109,34,34,34,34,52,152,152,77,91,106,206,216,276,303,353,353,373,443,453,503,564,580,679,679,679,697,747,236,286,336,382,444,454,465,465,450,461,0,11,11],"floor_reached":51,"playtime":4512,"items_purged":["Slimebound:Strike_Slimebound","Slimebound:Strike_Slimebound"],"score":726,"play_id":"85838666-d73c-4a12-81f4-90bfe94a3ab4","local_time":"20201222175014","is_ascension_mode":false,"campfire_choices":[{"data":"Slimebound:CorrosiveSpit","floor":1.0,"key":"SMITH"},{"floor":8.0,"key":"RECALL"},{"data":"Slimebound:Split","floor":11.0,"key":"SMITH"},{"data":"expansioncontent:Collect","floor":13.0,"key":"SMITH"},{"data":"Slimebound:MassFeed","floor":18.0,"key":"SMITH"},{"data":"Slimebound:Overexert","floor":26.0,"key":"SMITH"},{"data":"Slimebound:Overexert","floor":35.0,"key":"SMITH"},{"data":"Slimebound:ProtectTheBoss","floor":45.0,"key":"SMITH"}],"circlet_count":0,"master_deck":["Slimebound:Strike_Slimebound","Slimebound:Defend_Slimebound","Slimebound:Defend_Slimebound","Slimebound:Defend_Slimebound","Slimebound:Defend_Slimebound","Slimebound:Split+1","Slimebound:CorrosiveSpit+1","expansioncontent:Collect+1","Slimebound:Repurpose","Slimebound:LeechingTouch","Slimebound:SlimeSpikes","Slimebound:MassFeed+1","Slimebound:SplitMire+1","Slimebound:OozeBath","Slimebound:Overexert+1","Slimebound:AcidTongue","Slimebound:SelfFormingGoo+1","Slimebound:SplitAcid+1","Slimebound:Gluttony","Slimebound:Overexert+1","Slimebound:LeadByExample+1","Slimebound:Split+1","Slimebound:ProtectTheBoss+1","Slimebound:SpikyOuterGoop","Slimebound:DuplicatedForm"],"relics":["Slimebound:AbsorbEndCombat","InkBottle","Meat on the Bone","Blue Candle","downfall:HeartBlessingGreen","downfall:HeartBlessingRed","Philosopher\u0027s Stone","downfall:HeartBlessingBlue","downfall:CloakOfManyFaces","CultistMask","FaceOfCleric","NlothsMask","GremlinMask","SsserpentHead","Slimebound:TarBlob","Torii","ClockworkSouvenir","Nunchaku","Kunai","Chemical X"],"acts_visited":["Exordium","TheCity","TheBeyond"],"potions_floor_usage":[50,50],"damage_taken":[{"damage":4.0,"enemies":"Small Slimes","floor":2.0,"turns":3.0},{"damage":29.0,"enemies":"Lagavulin","floor":6.0,"turns":8.0},{"damage":10.0,"enemies":"2 Louse","floor":9.0,"turns":3.0},{"damage":0.0,"enemies":"Cultist","floor":14.0,"turns":1.0},{"damage":15.0,"enemies":"Gremlin Gang","floor":15.0,"turns":5.0},{"damage":19.0,"enemies":"downfall:Watcher","floor":16.0,"turns":16.0},{"damage":33.0,"enemies":"Spheric Guardian","floor":19.0,"turns":7.0},{"damage":17.0,"enemies":"3 Byrds","floor":20.0,"turns":4.0},{"damage":16.0,"enemies":"downfall:FaceTrader","floor":21.0,"turns":9.0},{"damage":35.0,"enemies":"Snake Plant","floor":22.0,"turns":6.0},{"damage":55.0,"enemies":"Cultist and Chosen","floor":23.0,"turns":7.0},{"damage":22.0,"enemies":"Snecko","floor":27.0,"turns":5.0},{"damage":19.0,"enemies":"Centurion and Healer","floor":28.0,"turns":7.0},{"damage":58.0,"enemies":"Cultist and Chosen","floor":29.0,"turns":8.0},{"damage":26.0,"enemies":"3 Cultists","floor":31.0,"turns":4.0},{"damage":27.0,"enemies":"Centurion and Healer","floor":32.0,"turns":8.0},{"damage":70.0,"enemies":"downfall:Defect","floor":33.0,"turns":11.0},{"damage":10.0,"enemies":"3 Shapes","floor":36.0,"turns":6.0},{"damage":45.0,"enemies":"downfall:FleeingMerchant","floor":38.0,"turns":4.0},{"damage":56.0,"enemies":"3 Darklings","floor":42.0,"turns":5.0},{"damage":28.0,"enemies":"4 Shapes","floor":43.0,"turns":4.0},{"damage":41.0,"enemies":"Sphere and 2 Shapes","floor":44.0,"turns":4.0},{"damage":38.0,"enemies":"downfall:FleeingMerchant","floor":46.0,"turns":4.0},{"damage":36,"enemies":"Transient","floor":47,"turns":5},{"damage":45,"enemies":"downfall:FleeingMerchant","floor":48,"turns":4},{"damage":50,"enemies":"Writhing Mass","floor":49,"turns":5},{"damage":83,"enemies":"downfall:Ironclad","floor":50,"turns":12}],"seed_played":"-1767456280739959771","potions_obtained":[{"floor":6.0,"key":"Fire Potion"},{"floor":22.0,"key":"SpeedPotion"},{"floor":27.0,"key":"LiquidBronze"},{"floor":28.0,"key":"ColorlessPotion"},{"floor":29.0,"key":"Fruit Juice"},{"floor":33.0,"key":"DistilledChaos"},{"floor":40.0,"key":"Dexterity Potion"}],"is_trial":false,"path_per_floor":["R","M","?","?","?","E","T","R","M","?","R","T","R","M","M","B",null,"R","M","M","?","M","M","T","?","R","M","M","M","?","M","M","B",null,"R","M","?","$","?","?","T","M","M","M","R","$","M","$","M","B",null],"character_chosen":"SLIMEBOUND","items_purchased":["Slimebound:ProtectTheBoss","Torii","ClockworkSouvenir","Kunai","Chemical X"],"campfire_rested":0,"item_purchase_floors":[38,38,38,48,48],"current_hp_per_floor":[60,60,60,60,60,40,40,40,40,40,40,40,40,40,37,44,60,70,57,70,84,68,56,56,56,56,61,69,55,55,66,70,51,119,119,116,116,110,110,110,110,101,88,90,90,93,106,100,91,86],"gold":11,"neow_bonus":"RANDOM_COLORLESS","is_daily":false,"chose_seed":false,"campfire_upgraded":7,"win_rate":0.0,"timestamp":1608630614,"path_taken":["R","M","?","?","?","E","T","R","M","?","R","?","R","M","M","BOSS","R","M","M","?","M","?","T","?","R","M","?","M","?","?","M","BOSS","R","M","?","?","?","?","T","?","M","M","R","$","M","?","M","BOSS"],"items_purchased_type":["Card","Relic","Relic","Relic","Relic"],"build_version":"2020-12-13","purchased_purges":2,"victory":true,"max_hp_per_floor":[60,60,60,60,60,60,60,60,60,60,60,60,60,60,60,60,60,70,74,82,86,87,92,92,92,92,97,102,112,112,113,118,119,119,119,120,120,121,121,121,121,126,127,128,128,129,130,131,132,137],"card_choices":[{"not_picked":["Enlightenment","Forethought"],"picked":"expansioncontent:Collect","floor":0.0},{"not_picked":["Slimebound:Schlurp","Slimebound:ViciousTackle","Slimebound:RollThrough"],"picked":"SKIP","floor":2.0},{"not_picked":["Slimebound:GrowthPunch","Slimebound:LeechEnergy"],"picked":"Slimebound:Repurpose","floor":6.0},{"not_picked":["Slimebound:SplitBruiser","Slimebound:Replication"],"picked":"Slimebound:LeechingTouch","floor":9.0},{"not_picked":["Slimebound:Grow","Slimebound:GrowthPunch"],"picked":"Slimebound:SlimeSpikes","floor":14.0},{"not_picked":["Slimebound:SlimeSpikes","Slimebound:GoopSpray","Slimebound:RollThrough"],"picked":"SKIP","floor":15.0},{"not_picked":["Slimebound:RallyTheTroops","Slimebound:MinionMaster"],"picked":"Slimebound:MassFeed","floor":16.0},{"not_picked":["Slimebound:PressTheAttack","Slimebound:GoopSpray"],"picked":"Slimebound:SplitMire+1","floor":19.0},{"not_picked":["Slimebound:FormOfPuddle","Slimebound:SplitLeeching","Slimebound:ComboTackle"],"picked":"SKIP","floor":20.0},{"not_picked":["Slimebound:ComboTackle","Slimebound:GoopTackle+1"],"picked":"Slimebound:OozeBath","floor":22.0},{"not_picked":["Slimebound:TongueLash","Slimebound:GrowthPunch","Slimebound:SplitAcid"],"picked":"SKIP","floor":23.0},{"not_picked":["Slimebound:Schlurp","Slimebound:ComboTackle"],"picked":"Slimebound:AcidTongue","floor":27.0},{"not_picked":["Slimebound:ViciousTackle","Slimebound:LeechingTouch+1"],"picked":"Slimebound:SelfFormingGoo","floor":28.0},{"not_picked":["Slimebound:SplitBruiser","Slimebound:ComboTackle+1"],"picked":"Slimebound:SplitAcid+1","floor":29.0},{"not_picked":["Slimebound:MegaLick","Slimebound:ForwardTackle"],"picked":"Slimebound:Gluttony","floor":31.0},{"not_picked":["Slimebound:SplitMire+1","Slimebound:GrowthPunch","Slimebound:SamplingLick"],"picked":"SKIP","floor":32.0},{"not_picked":["Slimebound:LeechLife","Slimebound:MassFeed"],"picked":"Slimebound:Overexert","floor":33.0},{"not_picked":["Slimebound:LeechingTouch","Slimebound:GoopSpray"],"picked":"Slimebound:LeadByExample+1","floor":36.0},{"not_picked":["Slimebound:SamplingLick","Slimebound:ViciousTackle","Slimebound:Schlurp+1"],"picked":"SKIP","floor":38.0},{"not_picked":["Slimebound:DisruptingSlam+1","Slimebound:RainOfGoop","Slimebound:GrowthPunch"],"picked":"SKIP","floor":42.0},{"not_picked":["Slimebound:FinishingTackle","Slimebound:ViciousTackle+1","Slimebound:GoopSpray"],"picked":"SKIP","floor":43.0},{"not_picked":["Slimebound:Equalize","Slimebound:ViciousTackle","Slimebound:DisruptingSlam"],"picked":"SKIP","floor":44.0},{"not_picked":["Slimebound:PressTheAttack","Slimebound:SamplingLick","Slimebound:SplitAcid"],"picked":"SKIP","floor":46},{"not_picked":["Slimebound:Chomp","Slimebound:FinishingTackle"],"picked":"Slimebound:SpikyOuterGoop","floor":47},{"not_picked":["Slimebound:SlimeSpikes+1","Slimebound:SamplingLick","Slimebound:SplitMire"],"picked":"SKIP","floor":48},{"not_picked":["Slimebound:ViciousTackle+1","Slimebound:PressTheAttack"],"picked":"Slimebound:DuplicatedForm","floor":49}],"player_experience":111571,"relics_obtained":[{"floor":6.0,"key":"Meat on the Bone"},{"floor":7.0,"key":"Blue Candle"},{"floor":21.0,"key":"downfall:CloakOfManyFaces"},{"floor":41.0,"key":"Nunchaku"}],"event_choices":[{"damage_healed":0.0,"max_hp_gain":0.0,"max_hp_loss":0.0,"gold_gain":0.0,"event_name":"Scrap Ooze","player_choice":"Fled","floor":3.0,"gold_loss":0.0,"damage_taken":0.0},{"damage_healed":0.0,"max_hp_gain":0.0,"max_hp_loss":0.0,"gold_gain":0.0,"event_name":"Upgrade Shrine","player_choice":"Upgraded","floor":30.0,"gold_loss":0.0,"damage_taken":0.0,"cards_upgraded":["Slimebound:SelfFormingGoo"]},{"damage_healed":0.0,"max_hp_gain":0.0,"max_hp_loss":0.0,"gold_gain":0.0,"event_name":"Duplicator","player_choice":"Copied","floor":37.0,"gold_loss":0.0,"damage_taken":0.0,"cards_obtained":["Slimebound:Split"]},{"cards_removed":["Slimebound:Tackle"],"damage_healed":0.0,"max_hp_gain":0.0,"max_hp_loss":0.0,"gold_gain":0.0,"event_name":"Falling","player_choice":"Removed Attack","floor":39.0,"gold_loss":0.0,"damage_taken":0.0},{"damage_healed":0.0,"max_hp_gain":0.0,"max_hp_loss":0.0,"gold_gain":0.0,"event_name":"Lab","player_choice":"Got Potions","floor":40.0,"gold_loss":0.0,"damage_taken":0.0}],"is_beta":false,"boss_relics":[{"not_picked":["Runic Dome","SacredBark"],"picked":"Philosopher\u0027s Stone"},{"not_picked":["Snecko Eye","Empty Cage"],"picked":"Slimebound:TarBlob"}],"items_purged_floors":[38,48],"is_endless":false,"potions_floor_spawned":[6,22,27,28,29,33,43,47],"ascension_level":0}}