{"host":"8a3g9edf69u3epoz","time":1608630934,"event":{"mods":["BaseMod","Minty Spire (QoL Compilation)","MostiFishMod","Relic Stats","Remilia（蕾米莉亚）","StSLib","TestMod","UnlockEverythingMod","WarShipGirlsR/战舰少女R mod"],"gold_per_floor":[110,510,530,805,387,415,415,433,433,433,444,458,490,505,505,609,609,625,663,35,35,35,35,65,105,105,139,173,192,212,240,240,335,335,348,368,368,386,386,386,433,433,459,476,527,542,542,571,571,571,571,571,280,315,315],"floor_reached":56,"playtime":2101,"items_purged":["Regret","UltimateOffering","EternalNight+1"],"score":2349,"play_id":"77ad4c1a-e87f-4755-98ed-8f1448d52221","local_time":"20201222175534","is_ascension_mode":true,"campfire_choices":[{"data":"MostiFishMod:WinterMarkForm","floor":7.0,"key":"SMITH"},{"data":"ForecastOfChange","floor":10.0,"key":"SMITH"},{"data":"FavorOfDestiny","floor":15.0,"key":"SMITH"},{"data":"ScarletCoffin","floor":23.0,"key":"SMITH"},{"data":"QueenOfMidnight","floor":32.0,"key":"SMITH"},{"data":"BloodyCatastrophe","floor":40.0,"key":"SMITH"},{"data":"ScarletMeister","floor":42,"key":"SMITH"},{"floor":49,"key":"RECALL"},{"data":"TricksterDevil","floor":52,"key":"SMITH"}],"circlet_count":0,"master_deck":["AscendersBane","RedMoon+1","ScarletShoot","MostiFishMod:FrostNova+1","MostiFishMod:WinterMarkForm+1","ScarletSymphony+1","DiffusionOfMisfortune+1","EquivalentExchange+1","HeartBreak+1","DiffusionOfMisfortune+1","testmod-PulseDistributor","ForecastOfChange+1","FavorOfDestiny+1","BloodyHallows+1","ScarletCoffin+1","TransientEternity","Necronomicurse","QueenOfMidnight+1","BloodyCatastrophe+1","FitfulNightmare+1","ScarletMeister+1","TricksterDevil+1","VampirishNight+1"],"relics":["testmod-TestBox","FrostBlade","testmod-Prudence","Pandora\u0027s Box","Question Card","Art of War","Letter Opener","White Beast Statue","ImportantClient","BirthdayGift-Tetrahedron","testmod-TurbochargingSystem","SynthV","testmod-OneHitWonder","Necronomicon","testmod-Déjàvu","Lizard Tail","Whetstone","Molten Egg 2","Empty Cage","Omamori","Smiling Mask","Bottled Lightning","Gungnir","Regal Pillow","testmod-ArcanaOfDestiny","Vajra","Akabeko","Pantograph","War Paint"],"acts_visited":["Exordium","TheCity","TheBeyond","TheEnding"],"potions_floor_usage":[55,55,55],"damage_taken":[{"damage":0.0,"enemies":"2 Louse","floor":1.0,"turns":1.0},{"damage":0.0,"enemies":"Small Slimes","floor":3.0,"turns":2.0},{"damage":0.0,"enemies":"Gremlin Nob","floor":6.0,"turns":3.0},{"damage":0.0,"enemies":"Cultist","floor":8.0,"turns":4.0},{"damage":0.0,"enemies":"Large Slime","floor":11.0,"turns":3.0},{"damage":0.0,"enemies":"Exordium Wildlife","floor":12.0,"turns":3.0},{"damage":15.0,"enemies":"Lagavulin","floor":13.0,"turns":3.0},{"damage":0.0,"enemies":"2 Fungi Beasts","floor":14.0,"turns":1.0},{"damage":26.0,"enemies":"The Guardian","floor":16.0,"turns":6.0},{"damage":2.0,"enemies":"Chosen","floor":18.0,"turns":2.0},{"damage":18.0,"enemies":"3 Byrds","floor":19.0,"turns":3.0},{"damage":2.0,"enemies":"Gremlin Leader","floor":24.0,"turns":2.0},{"damage":4.0,"enemies":"Centurion and Healer","floor":25.0,"turns":3.0},{"damage":4.0,"enemies":"Book of Stabbing","floor":27.0,"turns":3.0},{"damage":2.0,"enemies":"Shelled Parasite and Fungi","floor":28.0,"turns":2.0},{"damage":6.0,"enemies":"Chosen and Byrds","floor":29.0,"turns":4.0},{"damage":4.0,"enemies":"Sentry and Sphere","floor":30.0,"turns":3.0},{"damage":4.0,"enemies":"Gremlin Leader","floor":31.0,"turns":2.0},{"damage":2.0,"enemies":"Automaton","floor":33.0,"turns":2.0},{"damage":21.0,"enemies":"3 Shapes","floor":35.0,"turns":2.0},{"damage":18.0,"enemies":"3 Darklings","floor":36.0,"turns":2.0},{"damage":5.0,"enemies":"4 Shapes","floor":38.0,"turns":2.0},{"damage":7,"enemies":"Giant Head","floor":41,"turns":4},{"damage":13,"enemies":"Maw","floor":44,"turns":4},{"damage":21,"enemies":"Nemesis","floor":45,"turns":3},{"damage":12,"enemies":"Jaw Worm Horde","floor":46,"turns":2},{"damage":6,"enemies":"Reptomancer","floor":48,"turns":4},{"damage":33,"enemies":"Awakened One","floor":50,"turns":3},{"damage":15,"enemies":"Shield and Spear","floor":54,"turns":3},{"damage":18,"enemies":"The Heart","floor":55,"turns":3}],"seed_played":"-852471584363408434","potions_obtained":[{"floor":11.0,"key":"LiquidBronze"},{"floor":12.0,"key":"SkillPotion"},{"floor":13.0,"key":"testmod-SpacePotion"},{"floor":14.0,"key":"Weak Potion"},{"floor":16.0,"key":"DestinyDice"},{"floor":19.0,"key":"PowerPotion"},{"floor":25.0,"key":"testmod-TestPotion"},{"floor":29.0,"key":"EssenceOfSteel"},{"floor":44,"key":"DuplicationPotion"}],"is_trial":false,"path_per_floor":["M","?","M","?","$","E","R","M","T","R","M","M","E","M","R","B",null,"M","M","$","?","$","R","E","M","T","E","M","M","M","E","R","B",null,"M","M","?","M","?","R","E","R","T","M","E","M","?","E","R","B",null,"R","$","E","B",null],"character_chosen":"REMILIA","items_purchased":["testmod-PulseDistributor","Art of War","ScarletCoffin","TransientEternity","testmod-TurbochargingSystem","SynthV","testmod-OneHitWonder","Vajra","Akabeko"],"campfire_rested":0,"item_purchase_floors":[5,5,20,20,20,20,20,53,53],"current_hp_per_floor":[68,68,68,68,68,72,72,72,72,72,75,75,60,60,60,54,70,71,53,53,37,37,37,39,35,35,32,31,34,39,35,35,48,68,49,49,49,49,49,49,63,63,63,60,75,65,65,69,69,67,73,73,73,74,75],"gold":315,"neow_bonus":"BOSS_RELIC","is_daily":false,"chose_seed":false,"campfire_upgraded":8,"win_rate":0.0,"timestamp":1608630934,"path_taken":["M","?","M","?","$","E","R","M","T","R","M","M","E","M","R","BOSS","M","M","?","?","$","R","E","M","T","E","M","M","M","E","R","BOSS","M","M","?","M","?","R","E","R","T","M","E","M","?","E","R","BOSS","R","$","E","BOSS"],"items_purchased_type":["Card","Relic","Card","Card","Relic","Relic","Relic","Relic","Relic"],"build_version":"2020-12-13","purchased_purges":3,"victory":true,"max_hp_per_floor":[75,75,75,75,75,75,75,75,75,75,75,75,75,75,75,75,75,75,75,75,75,75,75,75,75,75,75,75,75,75,75,75,75,75,75,75,75,75,75,75,75,75,75,75,75,75,75,75,75,75,75,75,75,75,75],"relic_stats":{"Regal Pillow":0,"counters":[30,84],"Letter Opener":[81],"Whetstone":["DiffusionOfMisfortune","DiffusionOfMisfortune"],"War Paint":["BloodyHallows"],"Question Card":27,"Smiling Mask":75,"Lizard Tail":0,"Pantograph":1,"Pandora\u0027s Box":["ScarletSymphony","ScarletGensokyo","DiffusionOfMisfortune","CharismaGuard","EquivalentExchange","HeartBreak","DiffusionOfMisfortune","UltimateOffering"],"Art of War":[16],"Necronomicon":[19],"obtain_stats":[{"Regal Pillow":45,"DaveBox":0,"SynthV":20,"Vajra":53,"Whetstone":27,"Empty Cage":34,"Smiling Mask":43,"ScarletHat":0,"Lizard Tail":26,"testmod-Prudence":0,"Pantograph":54,"testmod-Déjàvu":24,"Necronomicon":21,"BirthdayGift-Tetrahedron":17,"testmod-ArcanaOfDestiny":48,"ImportantClient":16,"testmod-TestBox":0,"Omamori":41,"Letter Opener":6,"testmod-TurbochargingSystem":20,"War Paint":54,"Question Card":1,"White Beast Statue":13,"Akabeko":53,"FrostBlade":0,"Gungnir":45,"Pandora\u0027s Box":0,"Molten Egg 2":31,"Art of War":5,"Bottled Lightning":44,"testmod-OneHitWonder":20},{"Regal Pillow":25,"DaveBox":0,"SynthV":11,"Vajra":28,"Whetstone":14,"Empty Cage":19,"Smiling Mask":23,"ScarletHat":0,"Lizard Tail":13,"testmod-Prudence":0,"Pantograph":29,"testmod-Déjàvu":12,"Necronomicon":11,"BirthdayGift-Tetrahedron":9,"testmod-ArcanaOfDestiny":27,"ImportantClient":9,"testmod-TestBox":0,"Omamori":23,"Letter Opener":3,"testmod-TurbochargingSystem":11,"War Paint":29,"Question Card":1,"White Beast Statue":7,"Akabeko":28,"FrostBlade":0,"Gungnir":25,"Pandora\u0027s Box":0,"Molten Egg 2":18,"Art of War":2,"Bottled Lightning":24,"testmod-OneHitWonder":11},{"Regal Pillow":69,"DaveBox":0,"SynthV":31,"Vajra":78,"Whetstone":39,"Empty Cage":52,"Smiling Mask":62,"ScarletHat":0,"Lizard Tail":36,"testmod-Prudence":0,"Pantograph":81,"testmod-Déjàvu":33,"Necronomicon":31,"BirthdayGift-Tetrahedron":26,"testmod-ArcanaOfDestiny":75,"ImportantClient":26,"testmod-TestBox":0,"Omamori":62,"Letter Opener":6,"testmod-TurbochargingSystem":31,"War Paint":81,"Question Card":1,"White Beast Statue":19,"Akabeko":78,"FrostBlade":0,"Gungnir":69,"Pandora\u0027s Box":0,"Molten Egg 2":50,"Art of War":3,"Bottled Lightning":66,"testmod-OneHitWonder":31}]},"card_choices":[{"not_picked":["ScarletDevil","EndlessAdversity","ForbiddenFruit"],"picked":"SKIP","floor":1.0},{"not_picked":["NightDance","RedRainbow","ScarletImprint","ScarletDevil"],"picked":"SKIP","floor":3.0},{"not_picked":["TwelveNightmare","RedRainbow","UnderTheZenith"],"picked":"ForecastOfChange","floor":6.0},{"not_picked":["RedNightlessCastle","HunterOfTheNight","Septette"],"picked":"VampireFantasy","floor":8.0},{"not_picked":["DevilSight","ScarletSymphony","NightDance","BloodHunter"],"picked":"SKIP","floor":11.0},{"not_picked":["NightDance","CharismaGuard","StarOfDavid"],"picked":"EternalNight","floor":12.0},{"not_picked":["ForbiddenFruit","ScarletDevil","BlasphemousPunishment","HellCatastrophe"],"picked":"SKIP","floor":13.0},{"not_picked":["VampireKiss","VampireSweep","EternalNight"],"picked":"FavorOfDestiny","floor":14.0},{"not_picked":["HellCatastrophe","HeartBreak","ChaoticDestiny"],"picked":"BloodyHallows","floor":16.0},{"not_picked":["FavorOfDestiny","UnstableMagic","GlobalNightmare","CharismaGuard"],"picked":"SKIP","floor":18.0},{"not_picked":["CharismaGuard","UnstableMagic","MiserableFate","BlasphemousPunishment+1"],"picked":"SKIP","floor":19.0},{"not_picked":["ScarletDevil","CharismaGuard","BloodAndWine","ScarletGensokyo"],"picked":"SKIP","floor":24.0},{"not_picked":["AfternoonTea+1","UltimateOffering","BombardNight","EternalNight"],"picked":"SKIP","floor":25.0},{"not_picked":["GlobalNightmare","EndlessAdversity","VampireFantasy","Stigmanizer"],"picked":"SKIP","floor":27.0},{"not_picked":["VampireKiss","BombardNight","CharismaGuard","StarOfDavid"],"picked":"SKIP","floor":28.0},{"not_picked":["TwelveNightmare","UnderTheZenith","ScarletGensokyo","LeisurelyOfLord"],"picked":"SKIP","floor":29.0},{"not_picked":["ScarletImprint","VampireClaw","EmergencyRegeneration","Stigmanizer"],"picked":"SKIP","floor":30.0},{"not_picked":["TwelveNightmare","MillenniumVampire","Ultimatum+1"],"picked":"QueenOfMidnight","floor":31.0},{"not_picked":["EquivalentExchange","CurseOfVladTepes","DemonKingCradle"],"picked":"BloodyCatastrophe","floor":33.0},{"not_picked":["BloodHunter+1","BadLadyScramble+1","ScarletImprint+1","GlobalNightmare"],"picked":"SKIP","floor":35.0},{"not_picked":["DiffusionOfMisfortune+1","ForbiddenFruit+1","ScarletDevil+1","ScarletNetherworld"],"picked":"SKIP","floor":36.0},{"not_picked":["DiffusionOfMisfortune+1","NightLord+1","VampireKiss+1"],"picked":"FitfulNightmare+1","floor":38.0},{"not_picked":["Ultimatum+1","ScarletNetherworld","EmergencyRegeneration"],"picked":"ScarletMeister","floor":41},{"not_picked":["VampireKiss+1","NightDance+1","ScarletImprint+1","EternalNight"],"picked":"SKIP","floor":44},{"not_picked":["HunterOfTheNight+1","DevilSight+1","MillenniumVampire+1"],"picked":"TricksterDevil","floor":45},{"not_picked":["CharismaGuard","ScarletDevil+1","VampireFantasy"],"picked":"VampirishNight+1","floor":46},{"not_picked":["ForbiddenFruit","VampireKiss+1","SuperhumanBloodyKnife+1","BombardNight+1"],"picked":"SKIP","floor":48},{"not_picked":["BombardNight+1","ScarletDevil+1","BlasphemousPunishment","GlobalNightmare"],"picked":"SKIP","floor":54}],"player_experience":86556,"relics_obtained":[{"floor":1.0,"key":"Question Card"},{"floor":6.0,"key":"Letter Opener"},{"floor":13.0,"key":"White Beast Statue"},{"floor":16.0,"key":"ImportantClient"},{"floor":21.0,"key":"Necronomicon"},{"floor":24.0,"key":"testmod-Déjàvu"},{"floor":26.0,"key":"Lizard Tail"},{"floor":27.0,"key":"Whetstone"},{"floor":31.0,"key":"Molten Egg 2"},{"floor":41,"key":"Omamori"},{"floor":43,"key":"Smiling Mask"},{"floor":44,"key":"Bottled Lightning"},{"floor":45,"key":"Gungnir"},{"floor":45,"key":"Regal Pillow"},{"floor":48,"key":"testmod-ArcanaOfDestiny"},{"floor":54,"key":"Pantograph"},{"floor":54,"key":"War Paint"}],"event_choices":[{"damage_healed":0.0,"max_hp_gain":0.0,"max_hp_loss":0.0,"gold_gain":400.0,"event_name":"恩洛斯的盘子","player_choice":"Sell","floor":2.0,"relics_lost":["DaveBox"],"gold_loss":0.0,"damage_taken":0.0},{"damage_healed":0.0,"max_hp_gain":0.0,"max_hp_loss":0.0,"gold_gain":275.0,"event_name":"Golden Shrine","player_choice":"Desecrate","floor":4.0,"gold_loss":0.0,"damage_taken":0.0,"cards_obtained":["Regret"]},{"damage_healed":0.0,"max_hp_gain":0.0,"max_hp_loss":0.0,"gold_gain":0.0,"event_name":"Cursed Tome","player_choice":"Obtained Book","floor":21.0,"gold_loss":0.0,"damage_taken":16.0},{"damage_healed":0.0,"max_hp_gain":0.0,"max_hp_loss":0.0,"gold_gain":0.0,"event_name":"Tomb of Lord Red Mask","player_choice":"Ignored","floor":37.0,"gold_loss":0.0,"damage_taken":0.0},{"cards_removed":["VampireFantasy"],"damage_healed":0.0,"max_hp_gain":0.0,"max_hp_loss":0.0,"gold_gain":0.0,"event_name":"Falling","player_choice":"Removed Skill","floor":39.0,"gold_loss":0.0,"damage_taken":0.0},{"damage_healed":0,"gold_gain":0,"player_choice":"Got Potions","damage_taken":0,"max_hp_gain":0,"max_hp_loss":0,"event_name":"Lab","floor":47,"gold_loss":0}],"is_beta":false,"boss_relics":[{"not_picked":["RhineFirstAidKit","SynthV:MejaisSoulstealer"],"picked":"BirthdayGift-Tetrahedron"},{"not_picked":["Coffee Dripper","testmod-Nine"],"picked":"Empty Cage"}],"items_purged_floors":[5,20,53],"is_endless":false,"potions_floor_spawned":[11,12,13,14,16,18,19,24,25,27,28,29,30,31,33,35,36,38,41,44,46,48],"ascension_level":12}}