{"host":"19tvufa8xx4wr4o1","time":1608667003,"event":{"mods":["AchievementEnabler","BaseMod","Better Sensory Stone","Better Third Choice","Highlight Path","Minty Spire (QoL Compilation)","Relic Stats","StSLib"],"gold_per_floor":[118,118,135,154,126,153,153,178,205,240,251,266,266,281,281,376,376,393,412,412,85,118,118,152,152,205,233,245,245,245,277,277,380,380,398,73,73,88,101,101,116,146,194,210,227,227,237,237,237,237],"floor_reached":51,"playtime":1771,"items_purged":["Strike_R","Strike_R"],"score":1146,"play_id":"340b293b-cc1a-44ed-95e1-46bbe86f208c","local_time":"20201222135643","daily_mods":["Red Cards","Green Cards","Blue Cards","Heirloom","Time Dilation","DeadlyEvents","Lethality"],"is_ascension_mode":true,"campfire_choices":[{"data":"Rampage","floor":7.0,"key":"SMITH"},{"data":"Double Tap","floor":13.0,"key":"SMITH"},{"data":"True Grit","floor":15.0,"key":"SMITH"},{"data":"Malaise","floor":23.0,"key":"SMITH"},{"floor":25.0,"key":"REST"},{"data":"Streamline","floor":30.0,"key":"SMITH"},{"floor":32.0,"key":"REST"},{"floor":40,"key":"REST"},{"floor":46,"key":"REST"},{"data":"Reprogram","floor":49,"key":"SMITH"}],"circlet_count":0,"master_deck":["Strike_R+1","Strike_R","Strike_R","Defend_R","Defend_R","Defend_R","Defend_R","Bash","Ball Lightning+1","Rampage+1","Leg Sweep","Double Tap+1","True Grit+1","Skim","Malaise+1","Conserve Battery+1","Streamline+1","Hyperbeam","Pummel","Heavy Blade+1","Well Laid Plans","Reprogram+1","Offering","Parasite","Metallicize+1"],"relics":["Burning Blood","Turnip","Dream Catcher","Whetstone","Omamori","Vajra","Cursed Key","White Beast Statue","Bottled Lightning","Regal Pillow","Centennial Puzzle","Akabeko","Ornamental Fan","Shuriken","SacredBark","Lantern","Bag of Preparation","Strawberry"],"acts_visited":["Exordium","TheCity","TheBeyond"],"potions_floor_usage":[50,50],"damage_taken":[{"damage":5.0,"enemies":"Jaw Worm","floor":1.0,"turns":3.0},{"damage":3.0,"enemies":"Small Slimes","floor":3.0,"turns":2.0},{"damage":4.0,"enemies":"2 Louse","floor":4.0,"turns":2.0},{"damage":19.0,"enemies":"Gremlin Nob","floor":6.0,"turns":3.0},{"damage":16.0,"enemies":"3 Sentries","floor":8.0,"turns":6.0},{"damage":0.0,"enemies":"Gremlin Nob","floor":10.0,"turns":3.0},{"damage":0.0,"enemies":"Gremlin Gang","floor":11.0,"turns":2.0},{"damage":0.0,"enemies":"Blue Slaver","floor":12.0,"turns":1.0},{"damage":15.0,"enemies":"Lots of Slimes","floor":14.0,"turns":3.0},{"damage":59.0,"enemies":"Hexaghost","floor":16.0,"turns":8.0},{"damage":1.0,"enemies":"Chosen","floor":18.0,"turns":3.0},{"damage":4.0,"enemies":"Spheric Guardian","floor":19.0,"turns":3.0},{"damage":42.0,"enemies":"Gremlin Leader","floor":22.0,"turns":8.0},{"damage":32.0,"enemies":"Slavers","floor":24.0,"turns":4.0},{"damage":11.0,"enemies":"Gremlin Leader","floor":27.0,"turns":6.0},{"damage":0.0,"enemies":"Centurion and Healer","floor":28.0,"turns":5.0},{"damage":27.0,"enemies":"Slavers","floor":31.0,"turns":4.0},{"damage":71.0,"enemies":"Automaton","floor":33.0,"turns":8.0},{"damage":0.0,"enemies":"Orb Walker","floor":35.0,"turns":1.0},{"damage":7.0,"enemies":"3 Shapes","floor":38.0,"turns":2.0},{"damage":27.0,"enemies":"Sphere and 2 Shapes","floor":39.0,"turns":4.0},{"damage":27,"enemies":"Transient","floor":41,"turns":5},{"damage":20,"enemies":"Nemesis","floor":42,"turns":7},{"damage":6,"enemies":"Maw","floor":44,"turns":6},{"damage":16,"enemies":"4 Shapes","floor":45,"turns":7},{"damage":11,"enemies":"Transient","floor":47,"turns":5},{"damage":36,"enemies":"Time Eater","floor":50,"turns":6}],"seed_played":"1978741091848091803","potions_obtained":[{"floor":6.0,"key":"EntropicBrew"},{"floor":18.0,"key":"Regen Potion"},{"floor":20.0,"key":"FairyPotion"},{"floor":22.0,"key":"BloodPotion"},{"floor":24.0,"key":"Fruit Juice"},{"floor":27.0,"key":"LiquidMemories"},{"floor":31.0,"key":"Dexterity Potion"}],"is_trial":true,"path_per_floor":["M","?","M","M","?","E","R","E","T","E","M","M","R","M","R","B",null,"M","M","?","$","E","R","E","R","T","E","M","T","R","E","R","B",null,"M","$","?","M","M","R","M","E","T","M","M","R","M","?","R","B",null],"character_chosen":"IRONCLAD","items_purchased":["White Beast Statue","Lantern","Well Laid Plans"],"campfire_rested":4,"item_purchase_floors":[21,36,36],"current_hp_per_floor":[80,80,80,80,80,67,67,57,57,63,69,75,75,66,66,13,63,68,70,70,70,50,50,29,69,69,64,70,70,70,49,85,20,69,75,75,95,94,73,95,74,60,67,67,57,102,97,97,97,67],"gold":237,"neow_bonus":"","is_daily":false,"chose_seed":false,"campfire_upgraded":6,"win_rate":0.0,"timestamp":1608667003,"path_taken":["M","?","M","M","?","E","R","E","T","E","?","M","R","M","R","BOSS","M","?","?","$","?","R","E","R","T","?","M","?","R","E","R","BOSS","M","$","?","M","?","R","M","E","T","M","M","R","M","?","R","BOSS"],"items_purchased_type":["Relic","Relic","Card"],"build_version":"2020-12-13","purchased_purges":2,"victory":true,"max_hp_per_floor":[80,80,80,80,80,80,80,80,80,80,80,80,80,80,80,80,80,80,80,80,80,80,80,85,85,85,85,85,85,85,85,85,85,85,85,85,95,95,95,95,95,95,102,102,102,102,102,102,102,102],"relic_stats":{"Dream Catcher":4,"Regal Pillow":41,"Centennial Puzzle":[33],"counters":[27,117],"Ornamental Fan":[40],"Shuriken":[9],"Turnip":[13],"Bag of Preparation":[8],"Whetstone":["Strike_R","Ball Lightning"],"Cursed Key":3,"obtain_stats":[{"Regal Pillow":24,"Lantern":36,"SacredBark":34,"Vajra":10,"Omamori":9,"Bag of Preparation":42,"Whetstone":8,"Cursed Key":17,"Burning Blood":0,"White Beast Statue":21,"Akabeko":27,"Dream Catcher":6,"Centennial Puzzle":26,"Ornamental Fan":29,"Shuriken":31,"Strawberry":43,"Turnip":0,"Bottled Lightning":22},{"Regal Pillow":14,"Lantern":19,"SacredBark":18,"Vajra":6,"Omamori":5,"Bag of Preparation":23,"Whetstone":5,"Cursed Key":10,"Burning Blood":0,"White Beast Statue":12,"Akabeko":15,"Dream Catcher":4,"Centennial Puzzle":14,"Ornamental Fan":16,"Shuriken":17,"Strawberry":23,"Turnip":0,"Bottled Lightning":13},{"Regal Pillow":51,"Lantern":75,"SacredBark":74,"Vajra":19,"Omamori":16,"Bag of Preparation":93,"Whetstone":16,"Cursed Key":33,"Burning Blood":0,"White Beast Statue":39,"Akabeko":57,"Dream Catcher":10,"Centennial Puzzle":51,"Ornamental Fan":62,"Shuriken":66,"Strawberry":93,"Turnip":0,"Bottled Lightning":47}],"Burning Blood":156},"card_choices":[{"not_picked":["Iron Wave","Clash"],"picked":"Ball Lightning","floor":1.0},{"not_picked":["Perfected Strike","Dual Wield"],"picked":"Rampage","floor":3.0},{"not_picked":["Flechettes","Entrench","Shockwave"],"picked":"SKIP","floor":4.0},{"not_picked":["Endless Agony","PiercingWail"],"picked":"Leg Sweep","floor":6.0},{"not_picked":["Flying Knee","Body Slam"],"picked":"Double Tap","floor":8.0},{"not_picked":["Dagger Spray","Quick Slash","Reflex"],"picked":"SKIP","floor":10.0},{"not_picked":["Eviscerate","Blood for Blood"],"picked":"True Grit","floor":11.0},{"not_picked":["Deflect","Feel No Pain","Barrage"],"picked":"SKIP","floor":12.0},{"not_picked":["Headbutt","Hologram"],"picked":"Skim","floor":14.0},{"not_picked":["Impervious","Seek"],"picked":"Electrodynamics","floor":16.0},{"not_picked":["Beam Cell","Flying Knee","Sword Boomerang"],"picked":"SKIP","floor":18.0},{"not_picked":["Bane","Consume","Slice"],"picked":"SKIP","floor":19.0},{"not_picked":["Bane","Leg Sweep"],"picked":"Malaise","floor":22.0},{"not_picked":["Dagger Throw","Underhanded Strike+1"],"picked":"Conserve Battery+1","floor":24.0},{"not_picked":["Pommel Strike","Flying Knee"],"picked":"Streamline","floor":27.0},{"not_picked":["Skim","Slice+1"],"picked":"Hyperbeam","floor":28.0},{"not_picked":["Storm","Brutality"],"picked":"Pummel","floor":31.0},{"not_picked":["Catalyst+1","Reckless Charge"],"picked":"Heavy Blade+1","floor":35.0},{"not_picked":["Streamline+1","Chill+1","Ball Lightning"],"picked":"SKIP","floor":38.0},{"not_picked":["Prepared+1","Underhanded Strike+1","Dagger Spray"],"picked":"SKIP","floor":39.0},{"not_picked":["Sucker Punch+1","Tempest"],"picked":"Reprogram","floor":40},{"not_picked":["Sever Soul+1","Blizzard+1","Clash"],"picked":"SKIP","floor":41},{"not_picked":["Flex","Barrage"],"picked":"Offering","floor":42},{"not_picked":["Doom and Gloom","Pommel Strike"],"picked":"Metallicize+1","floor":44},{"not_picked":["Blade Dance","Sweeping Beam","Underhanded Strike+1"],"picked":"SKIP","floor":45},{"not_picked":["Backflip","Streamline"],"picked":"Heavy Blade+1","floor":46},{"not_picked":["Choke+1","Body Slam","Deadly Poison+1"],"picked":"SKIP","floor":47}],"player_experience":513413,"relics_obtained":[{"floor":6.0,"key":"Dream Catcher"},{"floor":8.0,"key":"Whetstone"},{"floor":9.0,"key":"Omamori"},{"floor":10.0,"key":"Vajra"},{"floor":22.0,"key":"Bottled Lightning"},{"floor":24.0,"key":"Regal Pillow"},{"floor":26.0,"key":"Centennial Puzzle"},{"floor":27.0,"key":"Akabeko"},{"floor":29.0,"key":"Ornamental Fan"},{"floor":31.0,"key":"Shuriken"},{"floor":42,"key":"Bag of Preparation"},{"floor":43,"key":"Strawberry"}],"event_choices":[{"damage_healed":0.0,"max_hp_gain":0.0,"max_hp_loss":0.0,"gold_gain":0.0,"event_name":"betterThird:BetterSerpent","player_choice":"Ignored","floor":2.0,"gold_loss":0.0,"damage_taken":118.0},{"damage_healed":0.0,"max_hp_gain":0.0,"max_hp_loss":0.0,"gold_gain":0.0,"event_name":"betterThird:BetterGoop","player_choice":"Left","floor":5.0,"gold_loss":28.0,"damage_taken":0.0},{"damage_healed":0.0,"max_hp_gain":0.0,"max_hp_loss":0.0,"gold_gain":0.0,"event_name":"Lab","player_choice":"Got Potions","floor":20.0,"gold_loss":0.0,"damage_taken":0.0},{"cards_removed":["Electrodynamics"],"damage_healed":10.0,"max_hp_gain":10.0,"max_hp_loss":0.0,"gold_gain":0.0,"event_name":"Bonfire Elementals","player_choice":"Offered Rare","floor":37.0,"gold_loss":0.0,"damage_taken":0.0},{"cards_removed":["Heavy Blade"],"damage_healed":0,"gold_gain":0,"player_choice":"Removed Attack","damage_taken":0,"max_hp_gain":0,"max_hp_loss":0,"event_name":"Falling","floor":48,"gold_loss":0}],"is_beta":false,"boss_relics":[{"not_picked":["Philosopher\u0027s Stone","Runic Cube"],"picked":"Cursed Key"},{"not_picked":["Black Star","Sozu"],"picked":"SacredBark"}],"items_purged_floors":[21,36],"is_endless":false,"potions_floor_spawned":[6,10,12,14,18,19,22,24,27,28,31,33,35,38,39,41,42,44,45,47],"ascension_level":5}}