{"host":"o5hcpxouyak38pnq","time":1608665334,"event":{"mods":["BaseMod","DeckTracker","Downfall","Hermit","Hubris","Minty Spire (QoL Compilation)","Replay The Spire","StSLib","The Construct","The Cursed","The Poker Player"],"gold_per_floor":[99,99,99,274,45,76,99,116,143,143,161,161,179,3,23,23,23,23],"floor_reached":16,"playtime":1844,"items_purged":[],"score":133,"play_id":"f5205af5-de90-4ccc-ae53-dd02959641f2","local_time":"20201222142854","is_ascension_mode":false,"campfire_choices":[{"data":"Guardian:CurlUp","floor":1,"key":"SMITH"},{"data":"Guardian:BaubleBeam","floor":10,"key":"SMITH"},{"data":"Guardian:EvasiveProtocol","floor":12,"key":"SMITH"}],"circlet_count":0,"master_deck":["Guardian:Strike_Guardian","Guardian:Strike_Guardian","Guardian:Strike_Guardian","Guardian:Strike_Guardian","Guardian:Defend_Guardian","Guardian:Defend_Guardian","Guardian:Defend_Guardian","Guardian:Defend_Guardian","Guardian:CurlUp+1","Guardian:TwinSlam","Doubt","Guardian:TemporalStrike","Guardian:EvasiveProtocol+1","Guardian:BaubleBeam+1","Guardian:StasisField","Guardian:ShieldCharger","Guardian:ShieldCharger","Guardian:ArmoredProtocol","Guardian:Gem_Crimson","Guardian:TemporalStrike","Guardian:TemporalStrike","Guardian:PiercingHide","Guardian:ExploitGems"],"relics":["Guardian:ModeShifter","downfall:HeartsMalice","Omamori","Oddly Smooth Stone"],"acts_visited":["Exordium"],"potions_floor_usage":[16,16],"damage_taken":[{"damage":0,"enemies":"Jaw Worm","floor":2,"turns":1},{"damage":0,"enemies":"downfall:FleeingMerchant","floor":5,"turns":1},{"damage":0,"enemies":"3 Sentries","floor":6,"turns":1},{"damage":3,"enemies":"Small Slimes","floor":8,"turns":5},{"damage":33,"enemies":"Lagavulin","floor":9,"turns":12},{"damage":4,"enemies":"Cultist","floor":11,"turns":5},{"damage":7,"enemies":"Lots of Slimes","floor":13,"turns":5},{"damage":5,"enemies":"downfall:FleeingMerchant","floor":14,"turns":4},{"damage":4,"enemies":"Exordium Thugs","floor":15,"turns":5},{"damage":26,"enemies":"downfall:Silent","floor":16,"turns":10}],"seed_played":"-8125729841517940034","potions_obtained":[{"floor":6,"key":"AttackPotion"},{"floor":8,"key":"Strength Potion"},{"floor":13,"key":"Swift Potion"}],"is_trial":false,"path_per_floor":["R","M","?","?","$","E","T","M","E","R","M","R","M","$","M","B"],"character_chosen":"GUARDIAN","items_purchased":["Guardian:EvasiveProtocol","Guardian:BaubleBeam","Guardian:Gem_Crimson","Guardian:TemporalStrike","Guardian:PiercingHide"],"campfire_rested":0,"item_purchase_floors":[5,5,14,14,14],"current_hp_per_floor":[80,80,80,80,80,80,80,77,44,44,40,40,33,28,24,0,0,0],"gold":23,"neow_bonus":"THREE_ENEMY_KILL","is_daily":false,"chose_seed":false,"campfire_upgraded":3,"win_rate":0.0,"timestamp":1608665334,"path_taken":["R","M","?","?","$","E","T","M","E","R","M","R","M","?","M","BOSS"],"items_purchased_type":["Card","Card","Card","Card","Card"],"build_version":"2020-12-13","purchased_purges":0,"victory":false,"max_hp_per_floor":[80,80,80,80,80,80,80,80,80,80,80,80,80,80,80,80,80,80],"card_choices":[{"not_picked":["Guardian:ShieldSpikes","Guardian:Suspension"],"picked":"Guardian:Gem_Green","floor":2},{"not_picked":["Guardian:Suspension","Guardian:Gem_Green"],"picked":"Guardian:TemporalStrike","floor":5},{"not_picked":["Guardian:RefractedBeam","Guardian:Clone"],"picked":"Guardian:StasisField","floor":6},{"not_picked":["Guardian:Planning","Guardian:ShieldSpikes"],"picked":"Guardian:ShieldCharger","floor":8},{"not_picked":["Guardian:Gem_Fragmented","Guardian:Repulse"],"picked":"Guardian:ShieldCharger","floor":9},{"not_picked":["Guardian:WalkerClaw","Guardian:Gem_Red"],"picked":"Guardian:Gem_Green","floor":11},{"not_picked":["Guardian:Planning","Guardian:TimeBomb"],"picked":"Guardian:ArmoredProtocol","floor":13},{"not_picked":["Guardian:Suspension","Guardian:CrystalBeam","Guardian:TimeCapacitor"],"picked":"SKIP","floor":14},{"not_picked":["Guardian:MultiBeam","Guardian:Suspension"],"picked":"Guardian:ExploitGems","floor":15}],"player_experience":499918,"relics_obtained":[{"floor":6,"key":"Omamori"},{"floor":9,"key":"Oddly Smooth Stone"}],"event_choices":[],"is_beta":false,"boss_relics":[],"items_purged_floors":[],"is_endless":false,"potions_floor_spawned":[6,8,13,15],"killed_by":"downfall:Silent","ascension_level":0}}