{"host":"27cnk69rbdk9vsnt","time":1608634905,"event":{"mods":["BaseMod","Beaked The Cultist","Duelist Mod","Ekko","Energized Spire","Glutton Mod","JesterMod","Jorbs\u0027s Wanderer Trilogy","Mimic Mod","Minty Spire (QoL Compilation)","Shop Mod","StSLib","The Elementalist","Thieving Mod"],"gold_per_floor":[111,36,50,50,60,60,94,107,141,167,167,222,222,172,172,275,275,287,304,177,177,188,188,188],"floor_reached":23,"playtime":1433,"items_purged":["elementalist:Defend_Elemblue","elementalist:Defend_Elemblue"],"score":224,"play_id":"3f83e6a2-5415-4230-94f7-3132de4c55ea","local_time":"20201222120145","is_ascension_mode":false,"campfire_choices":[{"data":"elementalist:Kiln","floor":6,"key":"SMITH"},{"data":"elementalist:Quadmire","floor":11,"key":"SMITH"},{"data":"elementalist:Kiln","floor":13,"key":"SMITH"},{"data":"elementalist:Cauterize","floor":15,"key":"SMITH"}],"circlet_count":0,"master_deck":["elementalist:Fire_Emblem","elementalist:Earth_Emblem","elementalist:Defend_Elemblue","elementalist:Defend_Elemblue+1","elementalist:Defend_Elemblue","elementalist:Firestrike","elementalist:Earthstrike","elementalist:Waterstrike","elementalist:Airstrike","elementalist:Crystal_Chalk","elementalist:Flame","elementalist:Aegis+1","elementalist:Kiln+1","elementalist:Quadmire+1","elementalist:Gaian_Form","elementalist:Cauterize+1","elementalist:Kiln+1","elementalist:Quake","elementalist:Emberveil+1","elementalist:Magma_Shot","elementalist:Flame","theDuelist:CurseArmaments","stsjorbsmod:Amnesia","Pain","elementalist:Cauterize"],"relics":["elementalistmod:MagusStaff","elementalistmod:YellowCirclet","elementalistmod:RedRibbon","Potion Belt","War Paint","Singing Bowl","Ancient Tea Set","energizedSpire:DeadBattery"],"acts_visited":["Exordium","TheCity"],"potions_floor_usage":[12],"damage_taken":[{"damage":3,"enemies":"Small Slimes","floor":1,"turns":4},{"damage":0,"enemies":"2 Louse","floor":3,"turns":2},{"damage":0,"enemies":"Jaw Worm","floor":5,"turns":4},{"damage":24,"enemies":"Gremlin Nob","floor":7,"turns":5},{"damage":10,"enemies":"3 Louse","floor":8,"turns":3},{"damage":4,"enemies":"Large Slime","floor":9,"turns":8},{"damage":0,"enemies":"Lagavulin","floor":10,"turns":10},{"damage":5,"enemies":"3 Sentries","floor":12,"turns":6},{"damage":14,"enemies":"Slime Boss","floor":16,"turns":12},{"damage":3,"enemies":"Chosen","floor":18,"turns":4},{"damage":14,"enemies":"3 Byrds","floor":19,"turns":5},{"damage":31,"enemies":"Snecko","floor":22,"turns":8},{"damage":30,"enemies":"theDuelist:KaibaA2","floor":23,"turns":7}],"seed_played":"-4748972660304634250","potions_obtained":[{"floor":3,"key":"FairyPotion"},{"floor":10,"key":"ColorlessPotion"},{"floor":16,"key":"DuplicationPotion"}],"is_trial":false,"path_per_floor":["M","$","M","?","M","R","E","M","MIM","E","R","?","R","?","R","B",null,"M","M","$","?","M","E"],"character_chosen":"THE_ELEMENTALIST","items_purchased":["elementalist:Flame"],"campfire_rested":0,"item_purchase_floors":[20],"current_hp_per_floor":[74,74,74,74,74,74,50,40,36,36,36,33,33,33,33,19,79,76,62,42,42,11,12,12],"gold":188,"neow_bonus":"TEN_PERCENT_HP_BONUS","is_daily":false,"chose_seed":false,"campfire_upgraded":4,"win_rate":0.0,"timestamp":1608634905,"path_taken":["M","$","M","?","M","R","E","M","MIM","E","R","?","R","?","R","BOSS","M","M","$","?","?","E"],"items_purchased_type":["Card"],"build_version":"2020-12-13","purchased_purges":2,"victory":false,"max_hp_per_floor":[77,77,77,77,77,77,77,77,77,77,77,79,79,79,79,79,79,79,79,79,79,79,79,79],"card_choices":[{"not_picked":["elementalist:Cyclone","elementalist:Spout"],"picked":"elementalist:Flame","floor":1},{"not_picked":["elementalist:Spout","elementalist:Concentricity"],"picked":"elementalist:Aegis","floor":3},{"not_picked":["elementalist:Monument","elementalist:Magma_Shot"],"picked":"elementalist:Kiln","floor":5},{"not_picked":["elementalist:Momentum","elementalist:Spark"],"picked":"elementalist:Quadmire","floor":7},{"not_picked":["elementalist:Fission_Lance","elementalist:Momentum"],"picked":"elementalist:Gaian_Form","floor":8},{"not_picked":["elementalist:Flame","elementalist:Monument"],"picked":"elementalist:Cauterize","floor":9},{"not_picked":["elementalist:Inferno","elementalist:Flame"],"picked":"elementalist:Kiln","floor":10},{"not_picked":["elementalist:Emberveil","elementalist:Monument","elementalist:Wards"],"picked":"Singing Bowl","floor":12},{"not_picked":["elementalist:Burning_Soul","elementalist:Glaciate"],"picked":"elementalist:Quake","floor":16},{"not_picked":["elementalist:Widdershins_Conversion","elementalist:Stone_to_Mud"],"picked":"elementalist:Emberveil+1","floor":18},{"not_picked":["elementalist:Fission_Lance","elementalist:Monument+1"],"picked":"elementalist:Magma_Shot","floor":19},{"not_picked":["elementalist:Spout","elementalist:Fission_Lance"],"picked":"elementalist:Cauterize","floor":22}],"player_experience":510503,"relics_obtained":[{"floor":7,"key":"Potion Belt"},{"floor":9,"key":"War Paint"},{"floor":10,"key":"Singing Bowl"}],"event_choices":[{"damage_healed":0,"gold_gain":0,"player_choice":"Searched \u00272\u0027 times","damage_taken":0,"relics_obtained":["Ancient Tea Set"],"max_hp_gain":0,"max_hp_loss":0,"event_name":"Dead Adventurer","floor":12,"gold_loss":0},{"cards_removed":["elementalist:Strike+Elemblue"],"damage_healed":0,"gold_gain":0,"player_choice":"Card Removal","damage_taken":0,"max_hp_gain":0,"max_hp_loss":0,"event_name":"The Cleric","floor":14,"gold_loss":50},{"damage_healed":0,"gold_gain":0,"player_choice":"Leave","damage_taken":0,"max_hp_gain":0,"max_hp_loss":0,"event_name":"FaceTrader","floor":21,"gold_loss":0}],"is_beta":false,"boss_relics":[{"not_picked":["Black Star","beaked:MawFillet"],"picked":"energizedSpire:DeadBattery"}],"items_purged_floors":[2,20],"is_endless":false,"potions_floor_spawned":[3,10,16],"killed_by":"theDuelist:KaibaA2","ascension_level":0}}