{"host":"m6aaltr68g9tvoay","time":1608599363,"event":{"mods":["AchievementEnabler","BaseMod","Colored Map","Minty Spire (QoL Compilation)","StSLib"],"gold_per_floor":[112,112,128,146,146,146,175,192,218,246,246,263,263,276,276,350,350,302,25,25,25,35,35,35],"floor_reached":23,"playtime":781,"items_purged":[],"score":372,"play_id":"8c1e7b74-c9cc-46cb-8013-b69292820b5c","local_time":"20201221170923","is_ascension_mode":true,"campfire_choices":[{"floor":6,"key":"REST"},{"floor":11,"key":"REST"},{"floor":13,"key":"REST"},{"data":"Defragment","floor":15,"key":"SMITH"}],"circlet_count":0,"master_deck":["AscendersBane","Strike_B+1","Strike_B+1","Strike_B+1","Defend_B+1","Defend_B+1","Defend_B+1","Defend_B+1","Zap","Dualcast","Genetic Algorithm","Defragment+1","Gash","Rebound","Gash","Self Repair","Leap","Ball Lightning","Chill","Melter","Conserve Battery","Echo Form","Conserve Battery","Cold Snap+1"],"relics":["Cracked Core","Strawberry","Dream Catcher","Omamori","Inserter","Symbiotic Virus"],"acts_visited":["Exordium","TheCity"],"potions_floor_usage":[7,10,10,23],"damage_taken":[{"damage":0,"enemies":"Small Slimes","floor":1,"turns":2},{"damage":14,"enemies":"Jaw Worm","floor":3,"turns":3},{"damage":0,"enemies":"Cultist","floor":4,"turns":3},{"damage":33,"enemies":"3 Sentries","floor":7,"turns":8},{"damage":20,"enemies":"Large Slime","floor":8,"turns":5},{"damage":23,"enemies":"Gremlin Nob","floor":10,"turns":4},{"damage":13,"enemies":"2 Fungi Beasts","floor":12,"turns":3},{"damage":0,"enemies":"Looter","floor":14,"turns":2},{"damage":26,"enemies":"Hexaghost","floor":16,"turns":10},{"damage":38,"enemies":"2 Thieves","floor":18,"turns":5},{"damage":25,"enemies":"Shell Parasite","floor":22,"turns":6},{"damage":30,"enemies":"Gremlin Leader","floor":23,"turns":4}],"seed_played":"2732073157440217775","potions_obtained":[{"floor":0,"key":"Block Potion"},{"floor":0,"key":"SpeedPotion"},{"floor":3,"key":"PowerPotion"},{"floor":8,"key":"DistilledChaos"},{"floor":22,"key":"ColorlessPotion"}],"is_trial":false,"path_per_floor":["M","?","M","M","?","R","E","M","T","E","R","M","R","M","R","B",null,"M","$","?","?","M","E"],"character_chosen":"DEFECT","items_purchased":["Symbiotic Virus"],"campfire_rested":3,"item_purchase_floors":[19],"current_hp_per_floor":[64,64,50,50,50,71,45,25,25,9,32,26,49,49,49,30,66,35,35,35,35,17,0,0],"gold":35,"neow_bonus":"THREE_SMALL_POTIONS","is_daily":false,"chose_seed":false,"campfire_upgraded":1,"win_rate":0.0,"timestamp":1608599363,"path_taken":["M","?","M","M","?","R","E","M","T","E","R","?","R","M","R","BOSS","M","$","?","?","M","E"],"items_purchased_type":["Relic"],"build_version":"2020-12-13","purchased_purges":0,"victory":false,"max_hp_per_floor":[71,71,71,71,71,71,78,78,78,78,78,78,78,78,78,78,78,78,78,78,78,78,78,78],"card_choices":[{"not_picked":["Thunder Strike","Go for the Eyes"],"picked":"Genetic Algorithm","floor":1},{"not_picked":["Sweeping Beam","Beam Cell"],"picked":"Defragment","floor":3},{"not_picked":["Compile Driver","Streamline"],"picked":"Gash","floor":4},{"not_picked":["Seek","Chill"],"picked":"Gash","floor":7},{"not_picked":["Undo","Leap"],"picked":"Self Repair","floor":8},{"not_picked":["Steam","Beam Cell"],"picked":"Leap","floor":10},{"not_picked":["Recycle","Turbo"],"picked":"Ball Lightning","floor":11},{"not_picked":["Conserve Battery","Rebound"],"picked":"Chill","floor":12},{"not_picked":["Leap","Compile Driver"],"picked":"Melter","floor":13},{"not_picked":["Streamline","Leap"],"picked":"Conserve Battery","floor":14},{"not_picked":["All For One","Reboot"],"picked":"Echo Form","floor":16},{"not_picked":["Redo","Blizzard"],"picked":"Conserve Battery","floor":18},{"not_picked":["Conserve Battery","Double Energy"],"picked":"Cold Snap+1","floor":22}],"player_experience":1279102,"relics_obtained":[{"floor":7,"key":"Strawberry"},{"floor":9,"key":"Dream Catcher"},{"floor":10,"key":"Omamori"}],"event_choices":[{"damage_healed":0,"gold_gain":0,"player_choice":"Ignored","damage_taken":0,"max_hp_gain":0,"max_hp_loss":0,"event_name":"Shining Light","floor":2,"gold_loss":0},{"damage_healed":0,"gold_gain":0,"cards_transformed":["Strike_B"],"player_choice":"Change","damage_taken":0,"max_hp_gain":0,"max_hp_loss":0,"event_name":"Living Wall","floor":5,"gold_loss":0,"cards_obtained":["Rebound"]},{"damage_healed":0,"gold_gain":0,"player_choice":"Simplicity","damage_taken":0,"max_hp_gain":0,"max_hp_loss":0,"event_name":"Back to Basics","floor":20,"gold_loss":0,"cards_upgraded":["Strike_B","Strike_B","Strike_B","Defend_B","Defend_B","Defend_B","Defend_B"]},{"damage_healed":0,"gold_gain":0,"player_choice":"Ignored","damage_taken":0,"max_hp_gain":0,"max_hp_loss":0,"event_name":"Cursed Tome","floor":21,"gold_loss":0}],"is_beta":false,"boss_relics":[{"not_picked":["SacredBark","Runic Dome"],"picked":"Inserter"}],"items_purged_floors":[],"is_endless":false,"potions_floor_spawned":[1,3,8,22],"killed_by":"Gremlin Leader","ascension_level":17}}