{"host":"1a32ffxog1zcqoh0","time":1608670217,"event":{"mods":["BaseMod","Block Reminder","Colored Map","Colored Powertips","Googly Eyes","Minty Spire (QoL Compilation)","Quick Restart","Rare Cards Sparkle","Relic Stats","StSLib","Unceasing Turn Reminder","everything is the same but u backflip on backflip","slay the spire mod where everything is the same but ironclad has a cowboy hat"],"gold_per_floor":[111,168,126,53,73,108,108,135,162,178,209,223,256,38,38,135,135,151,151,181,194,194,194,60,91,91,91,91],"floor_reached":27,"playtime":1357,"items_purged":["Strike_G","Strike_G"],"score":321,"play_id":"c12fd63c-4b67-4e69-88c5-85a8c08bae1d","local_time":"20201222155017","is_ascension_mode":true,"campfire_choices":[{"floor":7,"key":"REST"},{"floor":15,"key":"REST"},{"floor":23,"key":"REST"}],"circlet_count":0,"master_deck":["Strike_G","Strike_G","Strike_G","Defend_G","Defend_G","Defend_G","Defend_G","Defend_G","Survivor","Neutralize+1","Predator","Noxious Fumes","Slice","Crippling Poison","Terror","Acrobatics","Calculated Gamble","Concentrate","Bane+1","Escape Plan","Bane","Phantasmal Killer","Cloak And Dagger","Crippling Poison","Noxious Fumes+1","Cloak And Dagger","Infinite Blades","Accuracy+1"],"relics":["Ring of the Snake","Bronze Scales","Dream Catcher","Letter Opener","Oddly Smooth Stone","Regal Pillow","Whetstone","Pen Nib","Black Star","Red Mask","Orichalcum","Ice Cream","Ornamental Fan"],"acts_visited":["Exordium","TheCity"],"potions_floor_usage":[11,11,16,21,25,27],"damage_taken":[{"damage":3,"enemies":"2 Louse","floor":1,"turns":4},{"damage":1,"enemies":"Jaw Worm","floor":5,"turns":3},{"damage":24,"enemies":"Lagavulin","floor":6,"turns":7},{"damage":8,"enemies":"3 Sentries","floor":8,"turns":6},{"damage":0,"enemies":"Small Slimes","floor":10,"turns":2},{"damage":15,"enemies":"Lagavulin","floor":11,"turns":5},{"damage":0,"enemies":"3 Louse","floor":12,"turns":3},{"damage":16,"enemies":"Gremlin Nob","floor":13,"turns":4},{"damage":24,"enemies":"Hexaghost","floor":16,"turns":6},{"damage":21,"enemies":"Shell Parasite","floor":18,"turns":5},{"damage":12,"enemies":"Masked Bandits","floor":20,"turns":4},{"damage":1,"enemies":"Chosen","floor":21,"turns":3},{"damage":33,"enemies":"Gremlin Leader","floor":25,"turns":4},{"damage":25,"enemies":"Book of Stabbing","floor":27,"turns":4}],"seed_played":"2739462696899287010","potions_obtained":[{"floor":1,"key":"SteroidPotion"},{"floor":8,"key":"Fruit Juice"},{"floor":11,"key":"GamblersBrew"},{"floor":13,"key":"Swift Potion"},{"floor":20,"key":"PowerPotion"},{"floor":25,"key":"Poison Potion"}],"is_trial":false,"path_per_floor":["M","?","?","$","M","E","R","E","T","M","E","M","E","$","R","B",null,"M","?","?","M","?","R","$","E","T","E"],"character_chosen":"THE_SILENT","items_purchased":["Noxious Fumes","Pen Nib","Infinite Blades"],"campfire_rested":3,"item_purchase_floors":[4,14,24],"current_hp_per_floor":[67,67,67,67,66,42,63,55,55,55,45,45,29,29,66,42,67,46,32,20,19,19,58,58,25,25,0,0],"gold":91,"neow_bonus":"RANDOM_COMMON_RELIC","is_daily":false,"chose_seed":false,"campfire_upgraded":0,"win_rate":0.0,"timestamp":1608670217,"path_taken":["M","?","?","?","M","E","R","E","T","?","E","M","E","$","R","BOSS","M","?","?","M","?","R","$","E","T","E"],"items_purchased_type":["Card","Relic","Card"],"build_version":"2020-12-13","purchased_purges":2,"victory":false,"max_hp_per_floor":[70,70,70,70,70,70,70,70,70,70,75,75,75,75,75,75,75,75,80,80,80,80,80,80,80,80,80,80],"relic_stats":{"Dream Catcher":3,"Regal Pillow":30,"counters":[14,60],"Ornamental Fan":[4],"Bronze Scales":[165],"Pen Nib":[4],"Black Star":1,"Letter Opener":[65],"Whetstone":["Neutralize","Bane"],"Orichalcum":[0],"obtain_stats":[{"Ice Cream":25,"Regal Pillow":11,"Oddly Smooth Stone":9,"Pen Nib":14,"Letter Opener":8,"Whetstone":13,"Orichalcum":25,"Dream Catcher":6,"Ornamental Fan":26,"Bronze Scales":0,"Black Star":17,"Red Mask":20,"Ring of the Snake":0},{"Ice Cream":13,"Regal Pillow":6,"Oddly Smooth Stone":4,"Pen Nib":8,"Letter Opener":4,"Whetstone":8,"Orichalcum":13,"Dream Catcher":3,"Ornamental Fan":13,"Bronze Scales":0,"Black Star":9,"Red Mask":11,"Ring of the Snake":0},{"Ice Cream":56,"Regal Pillow":27,"Oddly Smooth Stone":20,"Pen Nib":34,"Letter Opener":20,"Whetstone":34,"Orichalcum":56,"Dream Catcher":14,"Ornamental Fan":56,"Bronze Scales":0,"Black Star":40,"Red Mask":49,"Ring of the Snake":0}],"Ring of the Snake":[28]},"card_choices":[{"not_picked":["PiercingWail","Catalyst"],"picked":"Predator","floor":1},{"not_picked":["Accuracy","Acrobatics"],"picked":"Slice","floor":5},{"not_picked":["Dagger Spray","Quick Slash"],"picked":"Crippling Poison","floor":6},{"not_picked":["Slice","All Out Attack"],"picked":"Terror","floor":7},{"not_picked":["Glass Knife","Dodge and Roll"],"picked":"Acrobatics","floor":8},{"not_picked":["Flechettes","All Out Attack"],"picked":"Calculated Gamble","floor":10},{"not_picked":["Slice","Storm of Steel"],"picked":"Concentrate","floor":11},{"not_picked":["Sucker Punch","Predator"],"picked":"Bane","floor":12},{"not_picked":["Flying Knee","Footwork"],"picked":"Escape Plan","floor":13},{"not_picked":["Dodge and Roll","Well Laid Plans"],"picked":"Bane","floor":15},{"not_picked":["Doppelganger","Night Terror"],"picked":"Phantasmal Killer","floor":16},{"not_picked":["Acrobatics","Concentrate"],"picked":"Cloak And Dagger","floor":18},{"not_picked":["Underhanded Strike","Predator+1"],"picked":"Crippling Poison","floor":20},{"not_picked":["Flying Knee+1","Predator+1"],"picked":"Noxious Fumes+1","floor":21},{"not_picked":["Outmaneuver+1","Night Terror"],"picked":"Cloak And Dagger","floor":23},{"not_picked":["Doppelganger","Heel Hook"],"picked":"Accuracy+1","floor":25}],"player_experience":254897,"relics_obtained":[{"floor":6,"key":"Dream Catcher"},{"floor":8,"key":"Letter Opener"},{"floor":9,"key":"Oddly Smooth Stone"},{"floor":11,"key":"Regal Pillow"},{"floor":13,"key":"Whetstone"},{"floor":20,"key":"Red Mask"},{"floor":25,"key":"Orichalcum"},{"floor":25,"key":"Ice Cream"},{"floor":26,"key":"Ornamental Fan"}],"event_choices":[{"damage_healed":0,"gold_gain":57,"player_choice":"Gained Gold","damage_taken":0,"max_hp_gain":0,"max_hp_loss":0,"event_name":"Golden Wing","floor":2,"gold_loss":0},{"damage_healed":0,"gold_gain":0,"player_choice":"Left Gold","damage_taken":0,"max_hp_gain":0,"max_hp_loss":0,"event_name":"World of Goop","floor":3,"gold_loss":42},{"damage_healed":0,"gold_gain":0,"player_choice":"Shed Blood","damage_taken":19,"max_hp_gain":5,"max_hp_loss":0,"event_name":"Forgotten Altar","floor":19,"gold_loss":0},{"damage_healed":0,"gold_gain":0,"player_choice":"Fought Bandits","damage_taken":0,"max_hp_gain":0,"max_hp_loss":0,"event_name":"Masked Bandits","floor":20,"gold_loss":0},{"damage_healed":0,"gold_gain":0,"player_choice":"Ignored","damage_taken":0,"max_hp_gain":0,"max_hp_loss":0,"event_name":"Cursed Tome","floor":22,"gold_loss":0}],"is_beta":false,"boss_relics":[{"not_picked":["Fusion Hammer","Runic Pyramid"],"picked":"Black Star"}],"items_purged_floors":[14,24],"is_endless":false,"potions_floor_spawned":[1,8,11,13,20,25],"killed_by":"Book of Stabbing","ascension_level":5}}