{"host":"69rply1jf2d1wbmp","time":1608639729,"event":{"mods":["BaseMod","Minty Spire (QoL Compilation)","Quick Restart"],"gold_per_floor":[11,11,86,86,86,86,125,125,150,163,20,20,58,8,8,138,138,151,164,9,9,29,60,60,95,146,146,190,209,6,6,6,131,131,154,154,29,52,67,108,108,127,127,165,179,192,192,192,192,192,192,192,42,81,81,81],"floor_reached":55,"playtime":2309,"items_purged":["Strike_R","Shame","Strike_R","Strike_R"],"score":719,"play_id":"58e35936-8fb5-4b1e-a064-54c865d38836","local_time":"20201222072209","is_ascension_mode":false,"campfire_choices":[{"data":"Bash","floor":6,"key":"SMITH"},{"floor":8,"key":"REST"},{"data":"Combust","floor":12,"key":"SMITH"},{"data":"Berserk","floor":15,"key":"SMITH"},{"data":"Armaments","floor":24,"key":"SMITH"},{"floor":27,"key":"REST"},{"data":"Inflame","floor":32,"key":"SMITH"},{"floor":41,"key":"REST"},{"data":"Metallicize","floor":47,"key":"SMITH"},{"floor":49,"key":"RECALL"},{"data":"Shrug It Off","floor":52,"key":"SMITH"}],"circlet_count":0,"master_deck":["Strike_R","Strike_R","Defend_R","Defend_R+1","Defend_R","Defend_R","Bash+1","Anger+1","Combust+1","Berserk+1","Reaper","Shrug It Off+1","Metallicize+1","Pommel Strike","Armaments+1","Battle Trance+1","Shrug It Off","Inflame+1","Double Tap+1","Swift Strike","Spot Weakness+1"],"relics":["Black Blood","Magic Flower","Golden Idol","Anchor","Lantern","ClockworkSouvenir","Paper Frog","SlaversCollar","Orichalcum","Blood Vial","Red Mask","Potion Belt","Torii","Thread and Needle","Frozen Egg 2","Vajra"],"acts_visited":["Exordium","TheCity","TheBeyond","TheEnding"],"potions_floor_usage":[13,16,22,25,25,25,33,33,39,46,50,55],"damage_taken":[{"damage":4,"enemies":"Small Slimes","floor":1,"turns":4},{"damage":41,"enemies":"3 Sentries","floor":7,"turns":9},{"damage":0,"enemies":"2 Louse","floor":10,"turns":2},{"damage":22,"enemies":"Lagavulin","floor":13,"turns":4},{"damage":21,"enemies":"Hexaghost","floor":16,"turns":7},{"damage":9,"enemies":"Shell Parasite","floor":18,"turns":5},{"damage":2,"enemies":"Chosen","floor":19,"turns":3},{"damage":23,"enemies":"Snake Plant","floor":22,"turns":6},{"damage":45,"enemies":"Slavers","floor":23,"turns":6},{"damage":78,"enemies":"Masked Bandits","floor":25,"turns":5},{"damage":24,"enemies":"Gremlin Leader","floor":28,"turns":8},{"damage":12,"enemies":"Cultist and Chosen","floor":29,"turns":7},{"damage":32,"enemies":"Collector","floor":33,"turns":7},{"damage":12,"enemies":"3 Shapes","floor":35,"turns":5},{"damage":28,"enemies":"3 Darklings","floor":38,"turns":5},{"damage":41,"enemies":"Spire Growth","floor":39,"turns":5},{"damage":62,"enemies":"Giant Head","floor":40,"turns":8},{"damage":29,"enemies":"Sphere and 2 Shapes","floor":42,"turns":6},{"damage":15,"enemies":"Reptomancer","floor":44,"turns":6},{"damage":36,"enemies":"Maw","floor":45,"turns":8},{"damage":18,"enemies":"Spire Growth","floor":46,"turns":5},{"damage":87,"enemies":"Donu and Deca","floor":50,"turns":10},{"damage":52,"enemies":"Shield and Spear","floor":54,"turns":8},{"damage":94,"enemies":"The Heart","floor":55,"turns":6}],"seed_played":"-5122705901647824762","potions_obtained":[{"floor":7,"key":"FearPotion"},{"floor":10,"key":"BloodPotion"},{"floor":16,"key":"Regen Potion"},{"floor":18,"key":"FearPotion"},{"floor":23,"key":"SkillPotion"},{"floor":33,"key":"SteroidPotion"},{"floor":40,"key":"FairyPotion"},{"floor":45,"key":"ColorlessPotion"},{"floor":46,"key":"Weak Potion"},{"floor":54,"key":"Swift Potion"}],"is_trial":false,"path_per_floor":["M","?","?","?","?","R","E","R","T","M","$","R","E","$","R","B",null,"M","M","$","?","M","E","R","?","T","R","E","M","$","?","R","B",null,"M","?","$","M","M","E","R","M","T","E","M","M","R","?","R","B",null,"R","$","E","B"],"character_chosen":"IRONCLAD","items_purchased":["ClockworkSouvenir","AttackPotion","Metallicize","Pommel Strike","PowerPotion","Strength Potion"],"campfire_rested":3,"item_purchase_floors":[11,14,20,20,30,30],"current_hp_per_floor":[80,60,49,33,59,59,27,51,51,60,60,60,47,47,47,35,80,80,80,80,80,68,44,44,32,32,56,66,74,74,74,74,59,80,80,80,80,78,80,36,60,52,52,80,62,65,65,65,65,53,80,80,80,69,0,0],"gold":81,"neow_bonus":"ONE_RARE_RELIC","is_daily":false,"chose_seed":false,"campfire_upgraded":7,"win_rate":0.0,"timestamp":1608639729,"path_taken":["M","?","?","?","?","R","E","R","T","M","$","R","E","?","R","BOSS","M","M","$","?","M","E","R","?","T","R","E","M","?","?","R","BOSS","M","?","$","M","M","E","R","M","T","E","M","?","R","?","R","BOSS","R","$","E","BOSS"],"items_purchased_type":["Relic","Potion","Card","Card","Potion","Potion"],"build_version":"2020-12-13","purchased_purges":4,"victory":false,"max_hp_per_floor":[80,80,80,80,80,80,80,80,80,80,80,80,80,80,80,80,80,80,80,80,80,80,80,80,80,80,80,80,80,80,80,80,80,80,80,80,80,80,80,80,80,80,80,80,80,80,80,80,80,80,80,80,80,80,80,80],"card_choices":[{"not_picked":["Disarm","Dark Embrace"],"picked":"Anger","floor":1},{"not_picked":["True Grit","Body Slam"],"picked":"Combust","floor":7},{"not_picked":["Body Slam","Dropkick","Wild Strike"],"picked":"SKIP","floor":10},{"not_picked":["Sever Soul","Twin Strike"],"picked":"Berserk","floor":13},{"not_picked":["Immolate","Juggernaut"],"picked":"Reaper","floor":16},{"not_picked":["Dropkick","Iron Wave"],"picked":"Shrug It Off","floor":18},{"not_picked":["Clash","Warcry+1","Wild Strike"],"picked":"SKIP","floor":19},{"not_picked":["Power Through+1","Infernal Blade"],"picked":"Armaments","floor":22},{"not_picked":["Iron Wave","Offering"],"picked":"Battle Trance+1","floor":23},{"not_picked":["Sword Boomerang","Intimidate"],"picked":"Shrug It Off","floor":25},{"not_picked":["Thunderclap","Wild Strike","Clothesline"],"picked":"SKIP","floor":28},{"not_picked":["Pommel Strike","Combust","Warcry+1"],"picked":"SKIP","floor":29},{"not_picked":["Pommel Strike","Battle Trance+1","Flex+1"],"picked":"SKIP","floor":35},{"not_picked":["Sever Soul+1","Body Slam","Thunderclap+1"],"picked":"SKIP","floor":38},{"not_picked":["Clash","True Grit","Warcry+1"],"picked":"SKIP","floor":39},{"not_picked":["Inflame","Blood for Blood+1"],"picked":"Spot Weakness+1","floor":40},{"not_picked":["Searing Blow+1","Uppercut+1","Reckless Charge"],"picked":"SKIP","floor":42},{"not_picked":["Pommel Strike","Combust+1","Clothesline+1"],"picked":"SKIP","floor":44},{"not_picked":["Battle Trance","Shrug It Off","Sentinel+1"],"picked":"SKIP","floor":45},{"not_picked":["Dark Embrace+1","Seeing Red+1","Pommel Strike"],"picked":"SKIP","floor":46},{"not_picked":["Reaper","Shrug It Off","Wild Strike+1"],"picked":"SKIP","floor":54}],"player_experience":377393,"relics_obtained":[{"floor":7,"key":"Anchor"},{"floor":9,"key":"Lantern"},{"floor":13,"key":"Paper Frog"},{"floor":23,"key":"Blood Vial"},{"floor":25,"key":"Red Mask"},{"floor":28,"key":"Potion Belt"},{"floor":40,"key":"Torii"},{"floor":43,"key":"Thread and Needle"},{"floor":44,"key":"Frozen Egg 2"},{"floor":54,"key":"Vajra"}],"event_choices":[{"damage_healed":0,"gold_gain":0,"player_choice":"Take Damage","damage_taken":20,"relics_obtained":["Golden Idol"],"max_hp_gain":0,"max_hp_loss":0,"event_name":"Golden Idol","floor":2,"gold_loss":0},{"damage_healed":0,"gold_gain":75,"player_choice":"Gather Gold","damage_taken":11,"max_hp_gain":0,"max_hp_loss":0,"event_name":"World of Goop","floor":3,"gold_loss":0},{"damage_healed":0,"gold_gain":0,"player_choice":"Entered Light","damage_taken":16,"max_hp_gain":0,"max_hp_loss":0,"event_name":"Shining Light","floor":4,"gold_loss":0,"cards_upgraded":["Defend_R","Anger"]},{"damage_healed":26,"gold_gain":0,"player_choice":"Banana","damage_taken":0,"max_hp_gain":0,"max_hp_loss":0,"event_name":"Big Fish","floor":5,"gold_loss":0},{"damage_healed":0,"gold_gain":0,"player_choice":"Stole Relic","damage_taken":0,"relics_obtained":["Orichalcum"],"max_hp_gain":0,"max_hp_loss":0,"event_name":"Addict","floor":21,"gold_loss":0,"cards_obtained":["Shame"]},{"damage_healed":0,"gold_gain":0,"player_choice":"Fought Bandits","damage_taken":0,"max_hp_gain":0,"max_hp_loss":0,"event_name":"Masked Bandits","floor":25,"gold_loss":0},{"damage_healed":0,"gold_gain":0,"player_choice":"Read","damage_taken":0,"max_hp_gain":0,"max_hp_loss":0,"event_name":"The Library","floor":31,"gold_loss":0,"cards_obtained":["Inflame"]},{"damage_healed":0,"gold_gain":0,"player_choice":"2 cards matched","damage_taken":0,"max_hp_gain":0,"max_hp_loss":0,"event_name":"Match and Keep!","floor":36,"gold_loss":0,"cards_obtained":["Double Tap","Swift Strike"]},{"damage_healed":0,"gold_gain":0,"player_choice":"Upgraded","damage_taken":0,"max_hp_gain":0,"max_hp_loss":0,"event_name":"Upgrade Shrine","floor":48,"gold_loss":0,"cards_upgraded":["Double Tap"]}],"is_beta":false,"boss_relics":[{"not_picked":["Pandora\u0027s Box","Velvet Choker"],"picked":"SlaversCollar"},{"not_picked":["Cursed Key","Philosopher\u0027s Stone"],"picked":"Black Blood"}],"items_purged_floors":[20,30,37,53],"is_endless":false,"potions_floor_spawned":[7,10,16,18,23,33,40,45,46,54],"killed_by":"The Heart","ascension_level":0}}