{"host":"uua02xqorlefedoe","time":1608600298,"event":{"mods":["AchievementEnabler","BaseMod","Bestiary","Colored Map","DeckTracker","Googly Eyes","Minty Spire (QoL Compilation)","Quick Restart","StSLib"],"gold_per_floor":[114,46,65,140,140,177,177,217,295,295,94,128,154,163,163,163,163],"floor_reached":16,"playtime":447,"items_purged":["Strike_B"],"score":204,"play_id":"0b937fec-c808-4f80-9110-74e905bc2b52","local_time":"20201222012458","is_ascension_mode":true,"campfire_choices":[{"data":"Capacitor","floor":10.0,"key":"SMITH"},{"floor":15.0,"key":"REST"}],"circlet_count":0,"master_deck":["Strike_B+1","Defend_B","Defend_B","Defend_B","Defend_B","Zap","Dualcast","Streamline","Lockon","Go for the Eyes","Sweeping Beam+1","Capacitor+1","Creative AI","Doom and Gloom","Cold Snap","Meteor Strike"],"relics":["Cracked Core","NeowsBlessing","CeramicFish","Whetstone","Kunai","Boot"],"acts_visited":["Exordium"],"potions_floor_usage":[16],"damage_taken":[{"damage":0.0,"enemies":"Cultist","floor":1.0,"turns":1.0},{"damage":0.0,"enemies":"Small Slimes","floor":3.0,"turns":1.0},{"damage":0.0,"enemies":"3 Sentries","floor":6.0,"turns":1.0},{"damage":28.0,"enemies":"Gremlin Nob","floor":8.0,"turns":4.0},{"damage":42.0,"enemies":"3 Sentries","floor":12.0,"turns":6.0},{"damage":2.0,"enemies":"2 Louse","floor":13.0,"turns":2.0},{"damage":29,"enemies":"Slime Boss","floor":16,"turns":7}],"seed_played":"5564963979903069934","potions_obtained":[{"floor":6.0,"key":"PotionOfCapacity"},{"floor":12.0,"key":"AttackPotion"}],"is_trial":false,"path_per_floor":["M","$","M","?","?","E","?","E","T","R","$","E","M","?","R","B"],"character_chosen":"DEFECT","items_purchased":["Lockon","Creative AI"],"campfire_rested":1,"item_purchase_floors":[2,11],"current_hp_per_floor":[68,68,68,57,50,50,75,47,47,47,47,5,3,3,25,0,0],"gold":163,"neow_bonus":"THREE_ENEMY_KILL","is_daily":false,"chose_seed":false,"campfire_upgraded":1,"win_rate":0.0,"timestamp":1608600298,"path_taken":["M","$","?","?","?","E","?","E","T","R","?","E","?","?","R","BOSS"],"items_purchased_type":["Card","Card"],"build_version":"2020-12-13","purchased_purges":1,"victory":false,"max_hp_per_floor":[75,75,75,75,75,75,75,75,75,75,75,75,75,75,75,75,75],"card_choices":[{"not_picked":["Hologram","Coolheaded"],"picked":"Streamline","floor":1.0},{"not_picked":["Turbo","Conserve Battery"],"picked":"Go for the Eyes","floor":3.0},{"not_picked":["Aggregate","Skim"],"picked":"Sweeping Beam","floor":6.0},{"not_picked":["Gash","Stack"],"picked":"Capacitor","floor":8.0},{"not_picked":["Reboot","Melter"],"picked":"Doom and Gloom","floor":12.0},{"not_picked":["Hologram","Loop"],"picked":"Cold Snap","floor":13.0}],"player_experience":483098,"relics_obtained":[{"floor":6.0,"key":"CeramicFish"},{"floor":8.0,"key":"Whetstone"},{"floor":9.0,"key":"Kunai"},{"floor":12.0,"key":"Boot"}],"event_choices":[{"damage_healed":0.0,"max_hp_gain":0.0,"max_hp_loss":0.0,"gold_gain":75.0,"event_name":"World of Goop","player_choice":"Gather Gold","floor":4.0,"gold_loss":0.0,"damage_taken":11.0},{"cards_removed":["Strike_B"],"damage_healed":0.0,"max_hp_gain":0.0,"max_hp_loss":0.0,"gold_gain":0.0,"event_name":"Golden Wing","player_choice":"Card Removal","floor":5.0,"gold_loss":0.0,"damage_taken":7.0},{"damage_healed":25.0,"max_hp_gain":0.0,"max_hp_loss":0.0,"gold_gain":0.0,"event_name":"Big Fish","player_choice":"Banana","floor":7.0,"gold_loss":0.0,"damage_taken":0.0},{"damage_healed":0.0,"max_hp_gain":0.0,"max_hp_loss":0.0,"gold_gain":0.0,"cards_transformed":["Strike_B"],"event_name":"Living Wall","player_choice":"Change","floor":14.0,"gold_loss":0.0,"damage_taken":0.0,"cards_obtained":["Meteor Strike"]}],"is_beta":false,"boss_relics":[],"items_purged_floors":[11],"is_endless":false,"potions_floor_spawned":[6,12],"killed_by":"Slime Boss","ascension_level":9}}