{"host":"0vd2boh2oi7jm085","time":1608629987,"event":{"mods":["BaseMod","Colored Map","Colored Powertips","Highlight Path","Minty Spire (QoL Compilation)","Quick Restart","StSLib","The IronCluck"],"gold_per_floor":[118,118,132,282,39,39,39,49,117,136,136,149,169,169,169,242,242,260,240,77,77,77,77,110,133,184,201,201,219,234,234,234],"floor_reached":31,"playtime":694,"items_purged":[],"score":494,"play_id":"24787433-c398-4b82-b72a-0cd488bac6d9","local_time":"20201222013947","is_ascension_mode":true,"campfire_choices":[{"data":"Infernal Blade","floor":6.0,"key":"SMITH"},{"data":"Inflame","floor":11.0,"key":"SMITH"},{"data":"Flex","floor":15.0,"key":"SMITH"},{"floor":23.0,"key":"REST"},{"floor":28.0,"key":"REST"}],"circlet_count":0,"master_deck":["AscendersBane","Strike_R","Strike_R","Strike_R","Strike_R","Strike_R","Defend_R","Defend_R","Defend_R","Defend_R","Bash","Infernal Blade+1","Cleave","Inflame+1","Heavy Blade","Feed","Flex+1","Demon Form","Thunderclap+1"],"relics":["Burning Blood","NeowsBlessing","Orrery","Mummified Hand","Shuriken","Runic Cube","Juzu Bracelet","Pear","Kunai","Blood Vial","Vajra"],"acts_visited":["Exordium","TheCity"],"potions_floor_usage":[30],"damage_taken":[{"damage":0.0,"enemies":"2 Louse","floor":1.0,"turns":1.0},{"damage":0.0,"enemies":"Small Slimes","floor":3.0,"turns":1.0},{"damage":0.0,"enemies":"Cultist","floor":8.0,"turns":1.0},{"damage":7.0,"enemies":"Exordium Wildlife","floor":10.0,"turns":3.0},{"damage":4.0,"enemies":"Gremlin Gang","floor":12.0,"turns":4.0},{"damage":13.0,"enemies":"Red Slaver","floor":13.0,"turns":3.0},{"damage":52.0,"enemies":"Hexaghost","floor":16.0,"turns":6.0},{"damage":20.0,"enemies":"Spheric Guardian","floor":18.0,"turns":4.0},{"damage":28.0,"enemies":"2 Thieves","floor":19.0,"turns":4.0},{"damage":42.0,"enemies":"Book of Stabbing","floor":24.0,"turns":4.0},{"damage":45.0,"enemies":"Shelled Parasite and Fungi","floor":27.0,"turns":4.0},{"damage":32.0,"enemies":"Snecko","floor":29.0,"turns":4.0},{"damage":14,"enemies":"Chosen and Byrds","floor":30,"turns":4},{"damage":0,"enemies":"Snake Plant","floor":31,"turns":2}],"seed_played":"-2435153544176073880","potions_obtained":[{"floor":1.0,"key":"Fruit Juice"},{"floor":3.0,"key":"PowerPotion"},{"floor":13.0,"key":"Block Potion"},{"floor":16.0,"key":"Dexterity Potion"},{"floor":19.0,"key":"Block Potion"},{"floor":29.0,"key":"AttackPotion"}],"is_trial":false,"path_per_floor":["M","?","M","?","$","R","?","M","T","M","R","M","M","T","R","B",null,"M","M","$","T","?","R","E","T","T","M","R","M","M","M"],"character_chosen":"IRONCLAD","items_purchased":["Inflame","Orrery","Juzu Bracelet"],"campfire_rested":2,"item_purchase_floors":[5,5,20],"current_hp_per_floor":[79,84,85,85,85,85,85,85,85,87,87,91,84,84,84,38,78,64,42,42,52,52,82,46,46,46,9,39,15,9,11,11],"gold":234,"neow_bonus":"THREE_ENEMY_KILL","is_daily":false,"chose_seed":false,"campfire_upgraded":3,"win_rate":0.0,"timestamp":1608629987,"path_taken":["M","?","M","?","$","R","?","M","T","?","R","M","M","?","R","BOSS","M","?","$","?","?","R","E","?","T","M","R","M","M","M"],"items_purchased_type":["Card","Relic","Relic"],"build_version":"2020-12-13","purchased_purges":0,"victory":false,"max_hp_per_floor":[80,85,85,85,85,85,85,85,85,88,88,91,91,91,91,91,91,91,91,91,101,101,101,101,101,101,101,101,101,101,101,101],"card_choices":[{"not_picked":["Rupture","Dual Wield"],"picked":"Infernal Blade","floor":1.0},{"not_picked":["Hemokinesis","Heavy Blade"],"picked":"Cleave","floor":3.0},{"not_picked":["Warcry","Burning Pact"],"picked":"Heavy Blade","floor":5.0},{"not_picked":["Wild Strike","Pommel Strike"],"picked":"Feed","floor":5.0},{"not_picked":["Havoc","Heavy Blade","Sever Soul"],"picked":"SKIP","floor":8.0},{"not_picked":["Heavy Blade","Entrench"],"picked":"Flex","floor":10.0},{"not_picked":["Dropkick","Clothesline","Cleave"],"picked":"SKIP","floor":12.0},{"not_picked":["Heavy Blade","Burning Pact","Wild Strike"],"picked":"SKIP","floor":13.0},{"not_picked":["Impervious","Berserk"],"picked":"Demon Form","floor":16.0},{"not_picked":["Carnage+1","Dropkick","Hemokinesis"],"picked":"SKIP","floor":18.0},{"not_picked":["Sword Boomerang","True Grit","Entrench"],"picked":"SKIP","floor":19.0},{"not_picked":["Havoc","Dark Embrace","Sever Soul"],"picked":"SKIP","floor":24.0},{"not_picked":["Sentinel","Perfected Strike","Havoc"],"picked":"SKIP","floor":27.0},{"not_picked":["Rampage","True Grit","Armaments"],"picked":"SKIP","floor":29.0},{"not_picked":["Dual Wield","Sword Boomerang"],"picked":"Thunderclap+1","floor":30}],"player_experience":97929,"relics_obtained":[{"floor":9.0,"key":"Mummified Hand"},{"floor":14.0,"key":"Shuriken"},{"floor":21.0,"key":"Pear"},{"floor":24.0,"key":"Kunai"},{"floor":25.0,"key":"Blood Vial"},{"floor":26.0,"key":"Vajra"}],"event_choices":[{"damage_healed":0.0,"max_hp_gain":5.0,"max_hp_loss":0.0,"gold_gain":0.0,"event_name":"Big Fish","player_choice":"Donut","floor":2.0,"gold_loss":0.0,"damage_taken":0.0},{"damage_healed":0.0,"max_hp_gain":0.0,"max_hp_loss":0.0,"gold_gain":150.0,"event_name":"Liars Game","player_choice":"AGREE","floor":4.0,"gold_loss":0.0,"damage_taken":0.0,"cards_obtained":["Doubt"]},{"cards_removed":["Doubt"],"damage_healed":0.0,"max_hp_gain":0.0,"max_hp_loss":0.0,"gold_gain":0.0,"event_name":"Fountain of Cleansing","player_choice":"Removed Curses","floor":7.0,"gold_loss":0.0,"damage_taken":0.0}],"is_beta":false,"boss_relics":[{"not_picked":["Runic Dome","Snecko Eye"],"picked":"Runic Cube"}],"items_purged_floors":[],"is_endless":false,"potions_floor_spawned":[1,3,13,16,19,29],"killed_by":"Snake Plant","ascension_level":18}}