{"host":"337p6miwxbqfki03","time":1608605020,"event":{"mods":["BaseMod","Better Third Choice","Colored Map","Conspire","Downfall","Hermit","Hubris","Minty Spire (QoL Compilation)","Replay The Spire","StSLib","The Cursed","The Hierophant","The Marked","The Necromancer","The Poker Player","The Sage","The Valiant","Unceasing Turn Reminder"],"gold_per_floor":[99,12,31,31,47,73,73,150,150,170,43,43,43,83,126,155,155,259,259,332,332,332,356,356,356,356,465,491,491,30,134,253,201,201,163,163],"floor_reached":35,"playtime":33652,"items_purged":["Amnesia"],"score":280,"play_id":"e94fdafc-ce9e-4d00-a4c8-5d48cbcd5a28","local_time":"20201221204340","is_ascension_mode":false,"campfire_choices":[{"floor":7,"key":"REST"},{"floor":17,"key":"REST"},{"data":"hierophant:BulkyChest","floor":25,"key":"SMITH"},{"floor":34,"key":"REST"}],"circlet_count":0,"master_deck":["hierophant:Strike_Hierophant","hierophant:Strike_Hierophant","hierophant:Strike_Hierophant","hierophant:Strike_Hierophant","hierophant:Punish","hierophant:Defend_Hierophant","hierophant:Defend_Hierophant","hierophant:Defend_Hierophant","hierophant:Defend_Hierophant","hierophant:ChurchCoffers","hierophant:Rebuild","hierophant:OrnateJavelin","hierophant:HammerAndAnvil","hierophant:Doubloon","hierophant:Remorse","hierophant:Doomsaying","hierophant:RepressedViolence","hierophant:SealAway","hierophant:OrnateJavelin","hierophant:OrnateJavelin","hierophant:Glossolalia","hierophant:MorningPrayer","hierophant:BulkyChest+1","hierophant:Chorus","hierophant:Determination","hierophant:Smite+1","hierophant:Community","hierophant:MorningPrayer+1","hierophant:DisplayOfPower","hierophant:DeathKnell","hierophant:AuricBeam","hierophant:Sermon","hierophant:Repentance","hierophant:HolyVerse+1","hierophant:Flagellation+1","hierophant:Upheaval","hierophant:Upheaval"],"relics":["hierophant:PropheticMaskRelic","Ring of Searing","ReplayTheSpireMod:Ring of Addiction","hubris:EmptyBottle","SacredBark","Orichalcum","hubris:RunicObelisk","Replay:WaspNest","sagemod:Flying_Carpet","Juzu Bracelet","Replay:Rubber Ducky","Medical Kit"],"acts_visited":["Exordium","TheCity"],"potions_floor_usage":[10,15,18,32,32,35,35,35],"damage_taken":[{"damage":0,"enemies":"Cultist","floor":1,"turns":3},{"damage":0,"enemies":"Small Slimes","floor":3,"turns":4},{"damage":14,"enemies":"conspire:RoseBush","floor":5,"turns":3},{"damage":19,"enemies":"Exordium Wildlife","floor":6,"turns":4},{"damage":19,"enemies":"Lots of Slimes","floor":10,"turns":4},{"damage":1,"enemies":"3 Louse","floor":14,"turns":2},{"damage":31,"enemies":"Lagavulin","floor":15,"turns":7},{"damage":3,"enemies":"Exordium Wildlife","floor":16,"turns":4},{"damage":9,"enemies":"Hexaghost","floor":18,"turns":8},{"damage":33,"enemies":"conspire:FuzzyDice","floor":20,"turns":7},{"damage":16,"enemies":"3 Byrds","floor":27,"turns":3},{"damage":7,"enemies":"Shelled Parasite and Fungi","floor":32,"turns":4},{"damage":23,"enemies":"Champ","floor":35,"turns":3}],"seed_played":"-4941434457494908073","potions_obtained":[{"floor":1,"key":"ColorlessPotion"},{"floor":3,"key":"SpeedPotion"},{"floor":4,"key":"BlessingOfTheForge"},{"floor":4,"key":"LiquidBronze"},{"floor":4,"key":"Block Potion"},{"floor":27,"key":"PowerPotion"}],"is_trial":false,"path_per_floor":["M","$","M","?","M","M","R","?","T","M","$","PTL","PTL","M","E","M","R","B",null,"M","?","?","T","?","R","?","M","T","?","$","?","M","$","R","B"],"character_chosen":"HIEROPHANT","items_purchased":["hierophant:OrnateJavelin","hierophant:HammerAndAnvil","hierophant:OrnateJavelin","hierophant:Glossolalia","hierophant:DisplayOfPower","hierophant:DeathKnell","hierophant:AuricBeam","Medical Kit","hierophant:Upheaval"],"campfire_rested":3,"item_purchase_floors":[2,2,11,11,30,30,30,30,33],"current_hp_per_floor":[82,82,82,82,68,49,73,73,73,54,54,54,54,53,22,19,42,33,78,47,47,47,47,53,51,51,35,35,28,28,8,1,1,16,0,0],"gold":163,"neow_bonus":"TEN_PERCENT_HP_BONUS","is_daily":false,"chose_seed":false,"campfire_upgraded":1,"win_rate":0.0,"timestamp":1608605020,"path_taken":["M","$","?","?","M","M","R","?","T","M","?","PTL","PTL","?","E","M","R","BOSS","M","?","?","?","?","R","?","M","T","?","?","?","M","$","R","BOSS"],"items_purchased_type":["Card","Card","Card","Card","Card","Card","Card","Relic","Card"],"build_version":"2020-12-13","purchased_purges":1,"victory":false,"max_hp_per_floor":[82,82,82,82,82,82,82,80,80,80,80,80,80,78,78,78,78,78,78,78,78,53,53,53,51,51,51,49,54,54,52,52,52,52,52,52],"card_choices":[{"not_picked":["hierophant:HammerAndAnvil","hierophant:Prophecy"],"picked":"hierophant:Rebuild","floor":1},{"not_picked":["hierophant:Smite","hierophant:HammerAndAnvil"],"picked":"hierophant:Remorse","floor":3},{"not_picked":["hierophant:PristineSoul","hierophant:Mercenaries"],"picked":"hierophant:Doomsaying","floor":5},{"not_picked":["hierophant:Determination","hierophant:Zeal"],"picked":"hierophant:RepressedViolence","floor":6},{"not_picked":["hierophant:RepressedViolence","hierophant:AuricBeam"],"picked":"hierophant:SealAway","floor":10},{"not_picked":["hierophant:HolyVerse","hierophant:Remorse"],"picked":"hierophant:MorningPrayer","floor":14},{"not_picked":["hierophant:Smite","hierophant:AuricBeam"],"picked":"hierophant:BulkyChest","floor":15},{"not_picked":["hierophant:AuricBeam","hierophant:HolyVerse"],"picked":"hierophant:Chorus","floor":16},{"not_picked":["hierophant:BulkyChest","hierophant:Anathema"],"picked":"hierophant:Determination","floor":18},{"not_picked":["hierophant:RustyCrate+1","hierophant:FlamingChariot"],"picked":"hierophant:Smite+1","floor":20},{"not_picked":["hierophant:Mercenaries+1","hierophant:EyeForCoin"],"picked":"hierophant:MorningPrayer+1","floor":27},{"not_picked":["hierophant:AuricBeam","hierophant:ConvertCurrency"],"picked":"hierophant:Sermon","floor":31},{"not_picked":["hierophant:Determination","hierophant:Remorse"],"picked":"hierophant:Repentance","floor":31},{"not_picked":["hierophant:RustyCrate","hierophant:Zeal"],"picked":"hierophant:HolyVerse+1","floor":31},{"not_picked":["hierophant:Refuge","hierophant:AuricBeam"],"picked":"hierophant:Flagellation+1","floor":32}],"player_experience":130007,"relics_obtained":[{"floor":4,"key":"Ring of Searing"},{"floor":4,"key":"ReplayTheSpireMod:Ring of Addiction"},{"floor":4,"key":"hubris:EmptyBottle"},{"floor":4,"key":"SacredBark"},{"floor":15,"key":"Orichalcum"},{"floor":23,"key":"Juzu Bracelet"},{"floor":28,"key":"Replay:Rubber Ducky"}],"event_choices":[{"damage_healed":0,"gold_gain":77,"player_choice":"Gained Gold","damage_taken":0,"max_hp_gain":0,"max_hp_loss":0,"event_name":"Golden Wing","floor":8,"gold_loss":0},{"damage_healed":17,"gold_gain":0,"player_choice":"Heal","damage_taken":0,"max_hp_gain":0,"max_hp_loss":0,"event_name":"The Library","floor":24,"gold_loss":0},{"damage_healed":0,"gold_gain":0,"player_choice":"Shed Blood","damage_taken":12,"max_hp_gain":5,"max_hp_loss":0,"event_name":"Forgotten Altar","floor":29,"gold_loss":0}],"is_beta":false,"boss_relics":[{"not_picked":["Ring of Chaos","Runic Pyramid"],"picked":"hubris:RunicObelisk"}],"items_purged_floors":[30],"is_endless":false,"potions_floor_spawned":[1,3,14,27],"killed_by":"Champ","ascension_level":0}}