{"host":"5f8ute538gzudddu","time":1608625484,"event":{"mods":["BaseMod","Highlight Path","Minty Spire (QoL Compilation)","Relic Stats","StSLib"],"gold_per_floor":[112,127,45,57,68,99,99,129,183,248,273,285,285,285,285,362,362,380,46,56,6,39,72,83,83,83],"floor_reached":25,"playtime":1052,"items_purged":["Indignation"],"score":682,"play_id":"0904dd90-106c-4022-936f-e52e1ad1765e","local_time":"20201222002444","is_ascension_mode":true,"campfire_choices":[{"data":"Eruption","floor":7.0,"key":"SMITH"},{"data":"Crescendo","floor":13.0,"key":"SMITH"},{"data":"ConjureBlade","floor":15.0,"key":"SMITH"}],"circlet_count":0,"master_deck":["AscendersBane","Eruption+1","Vigilance","FlurryOfBlows","ClearTheMind","FollowUp","Crescendo+1","ConjureBlade+1","Vault","Fasting2","Protect","TalkToTheHand","FollowUp","Prostrate","FlyingSleeves","Prostrate","FearNoEvil","FlyingSleeves","ThirdEye","Ragnarok","Tantrum+1","Halt","Consecrate","ForeignInfluence+1","Consecrate","CutThroughFate","Prostrate","Vault","InnerPeace"],"relics":["Pandora\u0027s Box","Oddly Smooth Stone","Matryoshka","Tiny Chest","Ancient Tea Set","Vajra","Smiling Mask","MealTicket","Philosopher\u0027s Stone","Juzu Bracelet","Orrery","Red Mask","Omamori"],"acts_visited":["Exordium","TheCity"],"potions_floor_usage":[25],"damage_taken":[{"damage":0.0,"enemies":"Cultist","floor":1.0,"turns":3.0},{"damage":0.0,"enemies":"2 Louse","floor":2.0,"turns":2.0},{"damage":1.0,"enemies":"Jaw Worm","floor":4.0,"turns":2.0},{"damage":14.0,"enemies":"Large Slime","floor":5.0,"turns":4.0},{"damage":6.0,"enemies":"Lagavulin","floor":6.0,"turns":6.0},{"damage":0.0,"enemies":"3 Sentries","floor":8.0,"turns":3.0},{"damage":3.0,"enemies":"Gremlin Nob","floor":10.0,"turns":3.0},{"damage":0.0,"enemies":"Lagavulin","floor":11.0,"turns":4.0},{"damage":2.0,"enemies":"Gremlin Gang","floor":12.0,"turns":3.0},{"damage":0.0,"enemies":"Slime Boss","floor":16.0,"turns":4.0},{"damage":24.0,"enemies":"3 Byrds","floor":18.0,"turns":5.0},{"damage":24.0,"enemies":"2 Thieves","floor":20.0,"turns":3.0},{"damage":0.0,"enemies":"Masked Bandits","floor":22.0,"turns":2.0},{"damage":25.0,"enemies":"Gremlin Leader","floor":23.0,"turns":5.0},{"damage":0.0,"enemies":"Snecko","floor":24.0,"turns":3.0},{"damage":14,"enemies":"Book of Stabbing","floor":25,"turns":2}],"seed_played":"5927741895275223315","potions_obtained":[{"floor":2.0,"key":"AttackPotion"},{"floor":6.0,"key":"ColorlessPotion"},{"floor":10.0,"key":"Ancient Potion"},{"floor":11.0,"key":"GamblersBrew"},{"floor":16.0,"key":"SkillPotion"},{"floor":22.0,"key":"PowerPotion"}],"is_trial":false,"path_per_floor":["M","M","$","M","M","E","R","E","T","?","E","M","R","?","R","B",null,"M","$","M","$","?","E","M","E"],"character_chosen":"WATCHER","items_purchased":["FollowUp","Prostrate","Juzu Bracelet","Orrery"],"campfire_rested":0,"item_purchase_floors":[3,3,19,19],"current_hp_per_floor":[61,61,61,60,46,40,40,40,40,37,37,35,35,24,24,24,57,33,48,24,39,39,14,14,0,0],"gold":83,"neow_bonus":"BOSS_RELIC","is_daily":false,"chose_seed":false,"campfire_upgraded":3,"win_rate":0.0,"timestamp":1608625484,"path_taken":["M","M","$","M","M","E","R","E","T","?","E","M","R","?","R","BOSS","M","$","M","$","?","E","M","E"],"items_purchased_type":["Card","Card","Relic","Relic"],"build_version":"2020-12-13","purchased_purges":1,"victory":false,"max_hp_per_floor":[68,68,68,68,68,68,68,68,68,68,68,68,68,68,68,68,68,68,68,68,68,68,68,68,68,68],"relic_stats":{"counters":[16,54],"Pandora\u0027s Box":["FlurryOfBlows","Indignation","ClearTheMind","FollowUp","Crescendo","ConjureBlade","Vault","Fasting2"],"Tiny Chest":0,"MealTicket":30,"Juzu Bracelet":0,"Smiling Mask":25,"obtain_stats":[{"Oddly Smooth Stone":6,"Vajra":10,"Juzu Bracelet":19,"Omamori":23,"Ancient Tea Set":9,"Smiling Mask":11,"Matryoshka":8,"Orrery":19,"Pandora\u0027s Box":0,"Tiny Chest":9,"MealTicket":14,"Philosopher\u0027s Stone":17,"Red Mask":22,"PureWater":0},{"Oddly Smooth Stone":5,"Vajra":7,"Juzu Bracelet":11,"Omamori":14,"Ancient Tea Set":6,"Smiling Mask":8,"Matryoshka":6,"Orrery":11,"Pandora\u0027s Box":0,"Tiny Chest":6,"MealTicket":9,"Philosopher\u0027s Stone":10,"Red Mask":13,"PureWater":0},{"Oddly Smooth Stone":17,"Vajra":23,"Juzu Bracelet":39,"Omamori":49,"Ancient Tea Set":20,"Smiling Mask":27,"Matryoshka":20,"Orrery":39,"Pandora\u0027s Box":0,"Tiny Chest":20,"MealTicket":30,"Philosopher\u0027s Stone":34,"Red Mask":44,"PureWater":0}]},"card_choices":[{"not_picked":["Evaluate","PathToVictory"],"picked":"Protect","floor":1.0},{"not_picked":["EmptyMind","ClearTheMind"],"picked":"TalkToTheHand","floor":2.0},{"not_picked":["CrushJoints","Pray"],"picked":"FlyingSleeves","floor":4.0},{"not_picked":["Meditate","PathToVictory"],"picked":"Prostrate","floor":5.0},{"not_picked":["Evaluate","DevaForm","Indignation"],"picked":"SKIP","floor":6.0},{"not_picked":["Sanctity","WaveOfTheHand"],"picked":"FearNoEvil","floor":8.0},{"not_picked":["CrushJoints","Pray"],"picked":"FlyingSleeves","floor":10.0},{"not_picked":["DevaForm","Perseverance","Study"],"picked":"SKIP","floor":11.0},{"not_picked":["Indignation","Perseverance"],"picked":"ThirdEye","floor":12.0},{"not_picked":["Omniscience","Alpha"],"picked":"Ragnarok","floor":16.0},{"not_picked":["InnerPeace","ForeignInfluence+1"],"picked":"Tantrum+1","floor":18.0},{"not_picked":["Omniscience","EmptyBody"],"picked":"Halt","floor":19.0},{"not_picked":["Evaluate","InnerPeace"],"picked":"Consecrate","floor":19.0},{"not_picked":["CutThroughFate","Halt"],"picked":"ForeignInfluence+1","floor":19.0},{"not_picked":["Conclude","CrushJoints"],"picked":"Consecrate","floor":19.0},{"not_picked":["Pray","ReachHeaven"],"picked":"CutThroughFate","floor":20.0},{"not_picked":["PathToVictory","ClearTheMind"],"picked":"Prostrate","floor":22.0},{"not_picked":["Protect","Evaluate"],"picked":"Vault","floor":23.0},{"not_picked":["EmptyBody","ClearTheMind"],"picked":"InnerPeace","floor":24.0}],"player_experience":900006,"relics_obtained":[{"floor":6.0,"key":"Oddly Smooth Stone"},{"floor":8.0,"key":"Matryoshka"},{"floor":9.0,"key":"Tiny Chest"},{"floor":9.0,"key":"Ancient Tea Set"},{"floor":10.0,"key":"Vajra"},{"floor":11.0,"key":"Smiling Mask"},{"floor":22.0,"key":"Red Mask"},{"floor":23.0,"key":"Omamori"}],"event_choices":[{"damage_healed":0.0,"max_hp_gain":0.0,"max_hp_loss":0.0,"gold_gain":0.0,"event_name":"Dead Adventurer","player_choice":"Searched \u00272\u0027 times","floor":10.0,"gold_loss":0.0,"damage_taken":0.0},{"damage_healed":0.0,"max_hp_gain":0.0,"max_hp_loss":0.0,"gold_gain":0.0,"event_name":"Scrap Ooze","player_choice":"Success","floor":14.0,"gold_loss":0.0,"damage_taken":11.0,"relics_obtained":["MealTicket"]},{"damage_healed":0.0,"max_hp_gain":0.0,"max_hp_loss":0.0,"gold_gain":0.0,"event_name":"Masked Bandits","player_choice":"Fought Bandits","floor":22.0,"gold_loss":0.0,"damage_taken":0.0}],"is_beta":false,"boss_relics":[{"not_picked":["Ectoplasm","SacredBark"],"picked":"Philosopher\u0027s Stone"}],"items_purged_floors":[21],"is_endless":false,"potions_floor_spawned":[2,6,10,11,16,22],"killed_by":"Book of Stabbing","ascension_level":20}}