{"host":"lw874zp3en0pz6a7","time":1608623998,"event":{"mods":["Act Like it!","BaseMod","Downfall","Key Reminder","KinomotoSakuraMod(木之本樱)","LagranYue(拉格朗・月)","Luminous","Marisa（F雨　魔理沙）","Minty Spire (QoL Compilation)","Quick Restart","READ ME - Guardian Mod","Reimu（博丽灵梦）","Remilia（蕾米莉亚）","Replay The Spire","SIMod","SOS（斯巴达之子）","Shop Mod","StSLib","Td1madao Mod","The Administrix","The Bladedancer","The Bug Knight","The Construct","The Cursed","The Gatherer","The Runesmith","The Servant 0.9.4","WarShipGirlsR/战舰少女R mod","Youmu（魂魄妖梦）","[地精首领爬塔]The Maniac","vexMod"],"gold_per_floor":[18,18,36,56,70,99,99,99,175,208,227,227,270,290,290,290,290],"floor_reached":16,"playtime":743,"items_purged":[],"score":128,"play_id":"fead29d9-a51c-4b94-a421-e8e2e03cfba8","local_time":"20201222155958","is_ascension_mode":true,"campfire_choices":[{"data":"Mirror Shield","floor":8,"key":"SMITH"},{"data":"Loop","floor":12,"key":"SMITH"}],"circlet_count":0,"master_deck":["Strike_B","Strike_B","Strike_B","Strike_B","Defend_B","Defend_B","Defend_B","Defend_B","Zap","Dualcast","Mirror Shield+1","Conserve Battery+1","Auto Shields","Redo","Coolheaded","Loop+1","Loop","Cold Snap"],"relics":["Cracked Core","LagranYue:RandomDrawCardRelic","Replay:Multitool","MealTicket","Golden Idol","keyreminder:keyreminder","Question Card","vexMod:BerryBomb"],"acts_visited":["Exordium"],"potions_floor_usage":[11,14],"damage_taken":[{"damage":6,"enemies":"Jaw Worm","floor":1,"turns":3},{"damage":0,"enemies":"Cultist","floor":3,"turns":3},{"damage":0,"enemies":"2 Louse","floor":4,"turns":2},{"damage":7,"enemies":"Exordium Wildlife","floor":5,"turns":5},{"damage":34,"enemies":"Lagavulin","floor":6,"turns":11},{"damage":1,"enemies":"HollowMod:MossKnight","floor":10,"turns":12},{"damage":3,"enemies":"Exordium Thugs","floor":11,"turns":4},{"damage":5,"enemies":"Replay:BlueRogue","floor":13,"turns":8},{"damage":1,"enemies":"Large Slime","floor":14,"turns":12},{"damage":0,"enemies":"Slime Boss","floor":16,"turns":1}],"seed_played":"-765711928689601801","potions_obtained":[{"floor":1,"key":"Milkshake"},{"floor":5,"key":"Milkshake"},{"floor":6,"key":"DistilledChaos"},{"floor":11,"key":"Block Potion"}],"is_trial":false,"path_per_floor":["M","?","M","M","M","E","?","R","T","E","M","R","E","M","R","B"],"character_chosen":"DEFECT","items_purchased":[],"campfire_rested":0,"item_purchase_floors":[],"current_hp_per_floor":[69,69,69,69,62,28,10,10,10,9,6,6,7,6,30,30,30],"gold":290,"neow_bonus":"THREE_RARE_CARDS","is_daily":false,"chose_seed":false,"campfire_upgraded":2,"win_rate":0.0,"timestamp":1608623998,"path_taken":["M","?","M","?","M","E","?","R","T","E","M","R","E","M","R","BOSS"],"items_purchased_type":[],"build_version":"2020-12-13","purchased_purges":0,"victory":false,"max_hp_per_floor":[75,75,75,75,75,75,75,75,75,75,75,75,81,81,81,81,81],"card_choices":[{"not_picked":["Creative AI","Rainbow"],"picked":"Mirror Shield","floor":0},{"not_picked":["FTL","Sweeping Beam"],"picked":"Conserve Battery","floor":1},{"not_picked":["Doom and Gloom","Stack","ReplaySolidLightProjector"],"picked":"SKIP","floor":3},{"not_picked":["Doom and Gloom","Steam Power"],"picked":"Auto Shields","floor":4},{"not_picked":["Beam Cell","Panic Button"],"picked":"Redo","floor":5},{"not_picked":["Double Energy","Conserve Battery","Crystallizer"],"picked":"SKIP","floor":6},{"not_picked":["Cold Snap","ReplayTheSpireMod:Reroute Power"],"picked":"Coolheaded","floor":10},{"not_picked":["Fission","Genetic Algorithm","Beam Cell"],"picked":"Loop","floor":11},{"not_picked":["Hologram","Redo","Steam"],"picked":"Loop","floor":13},{"not_picked":["Hello World","Beam Cell","Conserve Battery"],"picked":"Cold Snap","floor":14}],"player_experience":296011,"relics_obtained":[{"floor":6,"key":"MealTicket"},{"floor":10,"key":"Question Card"},{"floor":13,"key":"vexMod:BerryBomb"}],"event_choices":[{"damage_healed":0,"gold_gain":0,"player_choice":"Gave Potion","damage_taken":0,"relics_obtained":["Replay:Multitool"],"max_hp_gain":0,"max_hp_loss":0,"event_name":"WeMeetAgain","floor":2,"gold_loss":0},{"damage_healed":0,"gold_gain":0,"player_choice":"Take Damage","damage_taken":18,"relics_obtained":["Golden Idol"],"max_hp_gain":0,"max_hp_loss":0,"event_name":"Golden Idol","floor":7,"gold_loss":0}],"is_beta":false,"boss_relics":[],"items_purged_floors":[],"is_endless":false,"potions_floor_spawned":[1,5,6,11],"killed_by":"Slime Boss","ascension_level":1}}