{"host":"wg90wxjcgijlyqla","time":1608663300,"event":{"mods":["AchievementEnabler","BaseMod","Better Third Choice","BetterRewards","Colored Map","Colored Powertips","Mimic Mod","Minty Spire (QoL Compilation)","Robot Space Explorer","StSLib","The Blue Laboratory"],"gold_per_floor":[111,347,21,21,36,36,67,0,68,68,68,98,98,117,117,222,222,232,252,3,3,22,22,40,55,110,110,110,124,26,40,40,40,40],"floor_reached":33,"playtime":2997,"items_purged":[],"score":280,"play_id":"4f85d4d6-1fc3-4b53-a356-91388d085268","local_time":"20201222195500","is_ascension_mode":false,"campfire_choices":[{"data":"RobotSpaceExplorer:Pulsar","floor":6,"key":"SMITH"},{"floor":11,"key":"RECALL"},{"data":"Enlightenment","floor":13,"key":"SMITH"},{"floor":15,"key":"REST"},{"floor":23,"key":"REST"},{"floor":28,"key":"REST"},{"floor":32,"key":"REST"}],"circlet_count":0,"master_deck":["RobotSpaceExplorer:Strike","RobotSpaceExplorer:Strike","RobotSpaceExplorer:Strike","RobotSpaceExplorer:Strike","RobotSpaceExplorer:Defend","RobotSpaceExplorer:Defend","RobotSpaceExplorer:Defend","RobotSpaceExplorer:Scan","RobotSpaceExplorer:MiniLasers","RobotSpaceExplorer:FrostMissile","RobotSpaceExplorer:Jetpack","RobotSpaceExplorer:Pulsar+1","RobotSpaceExplorer:LaserBurst","Enlightenment+1","RobotSpaceExplorer:ShockKick","RobotSpaceExplorer:FranticSearch","RobotSpaceExplorer:Multitool","RobotSpaceExplorer:Electropulse+1","RobotSpaceExplorer:ShockKick+1","RobotSpaceExplorer:SurgingStrike","Metamorphosis","RobotSpaceExplorer:Comet","RobotSpaceExplorer:StarDust","RobotSpaceExplorer:Pulsar","RobotSpaceExplorer:FreezeRay","RobotSpaceExplorer:Jetpack","RobotSpaceExplorer:PowerGlove","RobotSpaceExplorer:Pulsar","Deep Breath","RobotSpaceExplorer:Ammunition"],"relics":["RobotSpaceExplorer:RoboCore","NeowsBlessing","Old Coin","Ice Cream","Bag of Marbles","Smiling Mask","Bottled Flame","RobotSpaceExplorer:SearchSpecs","Membership Card","PreservedInsect","CaptainsWheel"],"acts_visited":["Exordium","TheCity"],"potions_floor_usage":[16,18,22,31,31,31,33],"damage_taken":[{"damage":0,"enemies":"Small Slimes","floor":1,"turns":1},{"damage":0,"enemies":"Cultist","floor":5,"turns":1},{"damage":0,"enemies":"Lagavulin","floor":7,"turns":1},{"damage":28,"enemies":"Gremlin Nob","floor":12,"turns":5},{"damage":5,"enemies":"2 Louse","floor":14,"turns":2},{"damage":69,"enemies":"The Guardian","floor":16,"turns":19},{"damage":17,"enemies":"Spheric Guardian","floor":18,"turns":7},{"damage":35,"enemies":"3 Byrds","floor":19,"turns":7},{"damage":27,"enemies":"Centurion and Healer","floor":22,"turns":7},{"damage":1,"enemies":"3 Cultists","floor":24,"turns":3},{"damage":7,"enemies":"Chosen and Byrds","floor":25,"turns":5},{"damage":28,"enemies":"Shelled Parasite and Fungi","floor":29,"turns":7},{"damage":50,"enemies":"Snake Plant","floor":31,"turns":6},{"damage":72,"enemies":"Automaton","floor":33,"turns":6}],"seed_played":"-1589062788388969310","potions_obtained":[{"floor":12,"key":"Weak Potion"},{"floor":16,"key":"blueLaboratory:FruitPunch"},{"floor":19,"key":"blueLaboratory:SavagePotion"},{"floor":22,"key":"SpeedPotion"},{"floor":24,"key":"GamblersBrew"},{"floor":27,"key":"Regen Potion"},{"floor":27,"key":"Regen Potion"},{"floor":27,"key":"DistilledChaos"},{"floor":31,"key":"blueLaboratory:BottleOfRum"}],"is_trial":false,"path_per_floor":["M","?","$","T","M","R","E","?","T","?","R","E","R","M","R","B",null,"M","M","$","?","M","R","M","M","T","?","R","M","$","M","R","B"],"character_chosen":"RobotSpaceExplorer","items_purchased":["Ice Cream","RobotSpaceExplorer:Jetpack","Membership Card","RobotSpaceExplorer:SurgingStrike","Metamorphosis","RobotSpaceExplorer:PowerGlove","RobotSpaceExplorer:Pulsar","Deep Breath"],"campfire_rested":4,"item_purchase_floors":[3,3,20,20,20,30,30,30],"current_hp_per_floor":[75,75,75,75,75,75,75,81,81,81,81,53,53,48,72,3,81,66,31,31,31,4,28,27,20,20,20,44,16,16,6,30,0,0],"gold":40,"neow_bonus":"THREE_ENEMY_KILL","is_daily":false,"chose_seed":false,"campfire_upgraded":2,"win_rate":0.0,"timestamp":1608663300,"path_taken":["M","?","$","?","M","R","E","?","T","?","R","E","R","M","R","BOSS","M","?","$","?","M","R","?","?","T","?","R","M","$","M","R","BOSS"],"items_purchased_type":["Relic","Card","Relic","Card","Card","Card","Card","Card"],"build_version":"2020-12-13","purchased_purges":0,"victory":false,"max_hp_per_floor":[75,75,75,75,75,75,75,81,81,81,81,81,81,81,81,81,81,83,83,83,83,83,83,83,83,83,83,83,83,83,83,83,83,83],"card_choices":[{"not_picked":["RobotSpaceExplorer:Ammunition","RobotSpaceExplorer:SwiftStep"],"picked":"RobotSpaceExplorer:FrostMissile","floor":1},{"not_picked":["RobotSpaceExplorer:Electropulse","RobotSpaceExplorer:FrostMissile"],"picked":"RobotSpaceExplorer:Pulsar","floor":5},{"not_picked":["RobotSpaceExplorer:TurboDodge","RobotSpaceExplorer:ShockKick"],"picked":"RobotSpaceExplorer:LaserBurst","floor":7},{"not_picked":["RobotSpaceExplorer:GlueShot","RobotSpaceExplorer:Jetpack"],"picked":"RobotSpaceExplorer:ShockKick","floor":12},{"not_picked":["RobotSpaceExplorer:Ammunition","RobotSpaceExplorer:MiniDrones"],"picked":"RobotSpaceExplorer:FranticSearch","floor":14},{"not_picked":["RobotSpaceExplorer:Scanner","RobotSpaceExplorer:Blaster"],"picked":"RobotSpaceExplorer:Multitool","floor":16},{"not_picked":["RobotSpaceExplorer:LuckyStrike","RobotSpaceExplorer:DoubleFind"],"picked":"RobotSpaceExplorer:Electropulse+1","floor":18},{"not_picked":["RobotSpaceExplorer:GlueShot+1","RobotSpaceExplorer:Electroshield"],"picked":"RobotSpaceExplorer:ShockKick+1","floor":19},{"not_picked":["RobotSpaceExplorer:SurgingStrike","RobotSpaceExplorer:ImprovisedAttack"],"picked":"RobotSpaceExplorer:Pulsar","floor":22},{"not_picked":["RobotSpaceExplorer:TurboDodge","RobotSpaceExplorer:ScrapMissile+1"],"picked":"RobotSpaceExplorer:FreezeRay","floor":24},{"not_picked":["RobotSpaceExplorer:Fix","RobotSpaceExplorer:Smokescreen"],"picked":"RobotSpaceExplorer:Exploration","floor":25},{"not_picked":["RobotSpaceExplorer:GlueShot","RobotSpaceExplorer:SlimeMissile"],"picked":"RobotSpaceExplorer:Jetpack","floor":29},{"not_picked":["RobotSpaceExplorer:ImprovisedAttack","RobotSpaceExplorer:SlimeMissile"],"picked":"RobotSpaceExplorer:Ammunition","floor":31}],"player_experience":80285,"relics_obtained":[{"floor":4,"key":"Bag of Marbles"},{"floor":7,"key":"Smiling Mask"},{"floor":12,"key":"Bottled Flame"},{"floor":26,"key":"PreservedInsect"},{"floor":31,"key":"CaptainsWheel"}],"event_choices":[{"damage_healed":0,"gold_gain":0,"player_choice":"Paid Gold","damage_taken":0,"relics_obtained":["Old Coin"],"max_hp_gain":0,"max_hp_loss":0,"event_name":"WeMeetAgain","floor":2,"gold_loss":64},{"damage_healed":0,"gold_gain":0,"player_choice":"RENOUNCE","damage_taken":67,"max_hp_gain":0,"max_hp_loss":0,"event_name":"betterThird:BetterSerpent","floor":8,"gold_loss":67,"cards_obtained":["Enlightenment"]},{"cards_removed":["RobotSpaceExplorer:Defend"],"damage_healed":0,"gold_gain":0,"player_choice":"Purged","damage_taken":0,"max_hp_gain":0,"max_hp_loss":0,"event_name":"Purifier","floor":10,"gold_loss":0},{"damage_healed":0,"gold_gain":0,"player_choice":"2 cards matched","damage_taken":0,"max_hp_gain":0,"max_hp_loss":0,"event_name":"Match and Keep!","floor":21,"gold_loss":0,"cards_obtained":["RobotSpaceExplorer:Comet","RobotSpaceExplorer:StarDust"]},{"damage_healed":0,"gold_gain":0,"player_choice":"2 cards matched","damage_taken":0,"max_hp_gain":0,"max_hp_loss":0,"event_name":"Match and Keep!","floor":21,"gold_loss":0,"cards_obtained":["RobotSpaceExplorer:Comet","RobotSpaceExplorer:StarDust"]},{"damage_healed":0,"gold_gain":0,"player_choice":"Got Potions","damage_taken":0,"max_hp_gain":0,"max_hp_loss":0,"event_name":"Lab","floor":27,"gold_loss":0}],"is_beta":false,"boss_relics":[{"not_picked":["SlaversCollar","Busted Crown"],"picked":"RobotSpaceExplorer:SearchSpecs"}],"items_purged_floors":[],"is_endless":false,"potions_floor_spawned":[12,16,19,22,24,31],"killed_by":"Automaton","ascension_level":0}}