{"host":"0luxfixkkfk9wck3","time":1608604021,"event":{"mods":["BaseMod","Downfall","Highlight Path","Minty Spire (QoL Compilation)","StSLib"],"gold_per_floor":[199,35,50,50,10,20,20,40,40,70,70,1,13,25,45,147,147,147,32,47,47,32,129,129,54,67,67,84,94,94,110,110,110],"floor_reached":32,"playtime":8352,"items_purged":["sneckomod:Strike","sneckomod:Strike"],"score":266,"play_id":"67161053-bf61-4948-8efc-e664befccb6a","local_time":"20201221202701","is_ascension_mode":true,"campfire_choices":[{"data":"sneckomod:SnekBite","floor":1,"key":"SMITH"},{"data":"sneckomod:UnknownRarePower","floor":9,"key":"SMITH"},{"floor":18,"key":"RECALL"},{"data":"sneckomod:Nope","floor":21,"key":"SMITH"},{"data":"sneckomod:SoulExchange","floor":25,"key":"SMITH"},{"data":"sneckomod:UnknownRareAttack","floor":27,"key":"SMITH"}],"circlet_count":0,"master_deck":["sneckomod:Defend","sneckomod:Defend","sneckomod:Defend","sneckomod:TailWhip","sneckomod:SnekBite+1","sneckomod:Unknown","sneckomod:Unknown","sneckomod:UnknownRarePower+1","sneckomod:UnknownStrength","sneckomod:QuickMove","sneckomod:UnknownVulnerable","sneckomod:SerpentIdol","sneckomod:SnakeSap","sneckomod:Unknown3Cost","sneckomod:UnknownClassRED","sneckomod:Nope+1","sneckomod:UnknownUncommonPower","sneckomod:SlitherStrike","sneckomod:SoulDraw","sneckomod:UnknownRareAttack+1","sneckomod:DiceBlock+1","sneckomod:UnknownBlock","sneckomod:IronFang+1","sneckomod:SoulExchange+1","sneckomod:Unknown0Cost","sneckomod:TrashToTreasure","sneckomod:CheapStock"],"relics":["sneckomod:SneckoSoul","Strange Spoon","Kunai","StoneCalendar","SlaversCollar","Membership Card","Akabeko","Molten Egg 2","downfall:HeartBlessingRed"],"acts_visited":["Exordium","TheCity"],"potions_floor_usage":[16,31,31,31,31,31,32],"damage_taken":[{"damage":0,"enemies":"downfall:FleeingMerchant","floor":2,"turns":4},{"damage":4,"enemies":"Jaw Worm","floor":3,"turns":3},{"damage":5,"enemies":"downfall:FleeingMerchant","floor":5,"turns":4},{"damage":8,"enemies":"Small Slimes","floor":6,"turns":3},{"damage":3,"enemies":"Cultist","floor":8,"turns":5},{"damage":18,"enemies":"Gremlin Nob","floor":10,"turns":4},{"damage":10,"enemies":"downfall:FleeingMerchant","floor":12,"turns":4},{"damage":16,"enemies":"Blue Slaver","floor":13,"turns":4},{"damage":5,"enemies":"Red Slaver","floor":14,"turns":2},{"damage":7,"enemies":"Gremlin Gang","floor":15,"turns":3},{"damage":15,"enemies":"downfall:Watcher","floor":16,"turns":10},{"damage":7,"enemies":"downfall:FleeingMerchant","floor":19,"turns":4},{"damage":0,"enemies":"Spheric Guardian","floor":20,"turns":3},{"damage":10,"enemies":"downfall:FleeingMerchant","floor":22,"turns":4},{"damage":0,"enemies":"downfall:FleeingMerchant","floor":23,"turns":1},{"damage":9,"enemies":"3 Cultists","floor":26,"turns":5},{"damage":7,"enemies":"Centurion and Healer","floor":28,"turns":7},{"damage":56,"enemies":"Snake Plant","floor":29,"turns":6},{"damage":27,"enemies":"Sentry and Sphere","floor":31,"turns":8},{"damage":21,"enemies":"Snecko","floor":32,"turns":3}],"seed_played":"-4858515780624261418","potions_obtained":[{"floor":3,"key":"Energy Potion"},{"floor":8,"key":"EntropicBrew"},{"floor":13,"key":"FearPotion"},{"floor":16,"key":"sneckomod:OffclassReductionPotion"},{"floor":31,"key":"hexamod:EctoCoolerPotion"}],"is_trial":false,"path_per_floor":["R","$","M","?","$","M","T","M","R","E","?","$","M","M","M","B",null,"R","$","M","R","$","$","T","R","M","R","M","M","?","M","M"],"character_chosen":"THE_SNECKO","items_purchased":["Strange Spoon","sneckomod:UnknownVulnerable","sneckomod:Nope","sneckomod:UnknownBlock","Membership Card","Akabeko"],"campfire_rested":0,"item_purchase_floors":[2,5,12,19,23,23],"current_hp_per_floor":[90,91,88,88,84,76,76,73,73,56,56,47,38,33,26,12,97,97,91,91,91,91,91,91,91,82,82,76,28,28,1,0,0],"gold":110,"neow_bonus":"HUNDRED_GOLD","is_daily":false,"chose_seed":false,"campfire_upgraded":5,"win_rate":0.0,"timestamp":1608604021,"path_taken":["R","$","M","?","$","M","T","M","R","E","?","$","?","?","M","BOSS","R","$","M","R","$","$","T","R","M","R","M","M","?","M","M"],"items_purchased_type":["Relic","Card","Card","Card","Relic","Relic"],"build_version":"2020-12-13","purchased_purges":2,"victory":false,"max_hp_per_floor":[90,91,92,92,93,93,93,93,93,94,94,95,96,96,96,97,97,97,98,98,98,98,98,98,98,98,98,99,99,99,99,99,99],"card_choices":[{"not_picked":["sneckomod:UnknownClassBLUE","sneckomod:SlitherStrike"],"picked":"sneckomod:UnknownRarePower","floor":2},{"not_picked":["sneckomod:UnknownCommonAttack","sneckomod:QuickMove"],"picked":"sneckomod:UnknownStrength","floor":3},{"not_picked":["sneckomod:DiceCrush","sneckomod:DiceBlock"],"picked":"sneckomod:QuickMove","floor":5},{"not_picked":["sneckomod:WideSting","sneckomod:UnknownStrength"],"picked":"sneckomod:SerpentIdol","floor":6},{"not_picked":["sneckomod:UnknownStrike","sneckomod:IronFang"],"picked":"sneckomod:SnakeSap","floor":8},{"not_picked":["sneckomod:SoulRoll","sneckomod:SnekBeam"],"picked":"sneckomod:Unknown3Cost","floor":10},{"not_picked":["sneckomod:Mudshield","sneckomod:WideSting"],"picked":"sneckomod:UnknownClassRED","floor":12},{"not_picked":["sneckomod:UnknownClassGUARDIAN","sneckomod:Unknown1Cost"],"picked":"sneckomod:UnknownUncommonPower","floor":13},{"not_picked":["sneckomod:RainOfDice","sneckomod:SnekBeam"],"picked":"sneckomod:SlitherStrike","floor":14},{"not_picked":["sneckomod:Nope","sneckomod:WideSting"],"picked":"sneckomod:SoulDraw","floor":15},{"not_picked":["sneckomod:Mudshield","sneckomod:DangerNoodle"],"picked":"sneckomod:UnknownRareAttack","floor":16},{"not_picked":["sneckomod:MasterEye","sneckomod:UnknownVulnerable+1"],"picked":"sneckomod:DiceBlock+1","floor":19},{"not_picked":["sneckomod:QuickBite","sneckomod:UnknownCommonAttack+1","sneckomod:UnknownCommonSkill+1"],"picked":"SKIP","floor":20},{"not_picked":["sneckomod:UnknownCommonAttack+1","sneckomod:DiceBlock"],"picked":"sneckomod:IronFang+1","floor":22},{"not_picked":["sneckomod:UnknownClassRED","sneckomod:SoulRoll"],"picked":"sneckomod:SoulExchange","floor":23},{"not_picked":["sneckomod:Unknown1Cost","sneckomod:UnknownClassBLUE","sneckomod:UnknownVulnerable+1"],"picked":"SKIP","floor":26},{"not_picked":["sneckomod:UnknownBlock+1","sneckomod:QuickBite+1"],"picked":"sneckomod:Unknown0Cost","floor":28},{"not_picked":["sneckomod:Unknown0Cost","sneckomod:UnknownWeak"],"picked":"sneckomod:TrashToTreasure","floor":29},{"not_picked":["sneckomod:UnknownWeak+1","sneckomod:UnknownCommonSkill+1"],"picked":"sneckomod:CheapStock","floor":31}],"player_experience":10513573,"relics_obtained":[{"floor":7,"key":"Kunai"},{"floor":10,"key":"StoneCalendar"},{"floor":24,"key":"Molten Egg 2"}],"event_choices":[],"is_beta":false,"boss_relics":[{"not_picked":["Ectoplasm","SacredBark"],"picked":"SlaversCollar"}],"items_purged_floors":[19,23],"is_endless":false,"potions_floor_spawned":[3,8,13,15,16,26,28,31],"killed_by":"Snecko","ascension_level":2}}