{"host":"hione0pk5ff35p8e","time":1608632351,"event":{"mods":["AchievementEnabler","Aspiration","Bard","BaseMod","Beaked The Cultist","Better Altar","Better Match","Better Note","Better Sensory Stone","Better Skull","Better Third Choice","BetterRewards","CCEM","Clawfect","Colored Map","Conspire","Downfall","GifTheSpireLib","Googly Eyes","Halation","Hermit","Highlight Path","Hubris","Hunter ??","Infinite Spire","Jedi Mod","Jorbs\u0027s Wanderer Trilogy","Mad Scientist","Marisa????????","Mimic Mod","Minty Spire (QoL Compilation)","Permanent Neow","Rare Cards Sparkle","Replay The Spire","Shade Mod","Shop Mod","Spicy Shops","StSLib","Stuff the Spire","Td1madao Mod","The Administrix","The Blackbeard","The Bug Knight","The Construct","The Cursed","The Disciple","The Gatherer","The Hierophant","The IronCluck","The Jungle","The Mystic","The Necromancer","The Problem Sleuth","The Runesmith","The Servant 0.9.4","The Spell Scribe","The Wild Card","The Witch","Unceasing Turn Reminder","[IsaacMod]????","everything is the same but u backflip on backflip","slay the spire mod where everything is the same but ironclad has a cowboy hat"],"gold_per_floor":[99,115,130,130,144,144,178,205,222,222,240,254,283,293,303,398,398,398,413,413,430,442,442,466,466,574,589,605,605,605],"floor_reached":29,"playtime":2248,"items_purged":[],"score":286,"play_id":"ae557ffa-0a3e-4d84-bda9-ccfb1918a61c","local_time":"20201222111911","is_ascension_mode":false,"campfire_choices":[{"data":"HollowMod:FocusHealStart","floor":1.0,"key":"SMITH"},{"data":"HollowMod:DungDefenderAura","floor":6.0,"key":"SMITH"},{"data":"HollowMod:VengefulSpirit","floor":10.0,"key":"SMITH"},{"data":"HollowMod:VoidDash","floor":18.0,"key":"SMITH"}],"circlet_count":0,"master_deck":["HollowMod:NailStrikeStart","HollowMod:NailStrikeStart","HollowMod:NailStrikeStart","HollowMod:NailStrikeStart","HollowMod:QuickDashStart","HollowMod:QuickDashStart","HollowMod:QuickDashStart","HollowMod:QuickDashStart","HollowMod:FocusHealStart+1","HollowMod:PogoStrike","HollowMod:VengefulSpirit+1","HollowMod:DungDefenderAura+1","HollowMod:SoulMaster","HollowMod:DesolateDive","HollowMod:CornifersMapStart","HollowMod:AwokenDreamNail","HollowMod:BaldurShell","HollowMod:CloakDash","HollowMod:SoulStrike","HollowMod:VoidDash+1","HollowMod:GrimmsGift+1","HollowMod:DashSlash","ReplayTheSpireMod:Black Plague","HollowMod:WraithStrike","HollowMod:SharpenedNail+1","HollowMod:VengefulVoid"],"relics":["HollowMod:VesselMask","HushsDoor","CCEMRelics:Barrel","hubris:CrystalStatue","HowToJump","hubris:OldNail","D6","StuffTheSpire:TintedRock","Sozu","jedi:HeartOfTheCards"],"acts_visited":["Exordium","TheCity"],"potions_floor_usage":[],"damage_taken":[{"damage":0.0,"enemies":"Cultist","floor":2.0,"turns":3.0},{"damage":1.0,"enemies":"2 Louse","floor":3.0,"turns":2.0},{"damage":1.0,"enemies":"Jaw Worm","floor":5.0,"turns":3.0},{"damage":0.0,"enemies":"Red Slaver","floor":7.0,"turns":7.0},{"damage":33.0,"enemies":"Gremlin Nob","floor":8.0,"turns":5.0},{"damage":3.0,"enemies":"Red Slaver","floor":9.0,"turns":4.0},{"damage":0.0,"enemies":"Gremlin Gang","floor":11.0,"turns":1.0},{"damage":9.0,"enemies":"Blue Slaver","floor":12.0,"turns":4.0},{"damage":30.0,"enemies":"3 Sentries","floor":13.0,"turns":9.0},{"damage":13.0,"enemies":"2 Fungi Beasts","floor":14.0,"turns":5.0},{"damage":5.0,"enemies":"Red Slaver","floor":15.0,"turns":4.0},{"damage":23.0,"enemies":"downfall:Silent","floor":16.0,"turns":12.0},{"damage":25.0,"enemies":"Chosen","floor":19.0,"turns":7.0},{"damage":41.0,"enemies":"Shell Parasite","floor":21.0,"turns":9.0},{"damage":12,"enemies":"3 Cultists","floor":22,"turns":6},{"damage":0,"enemies":"Replay:Snechameleon","floor":26,"turns":6},{"damage":10,"enemies":"Shelled Parasite and Fungi","floor":27,"turns":6},{"damage":0,"enemies":"Cultist and Chosen","floor":28,"turns":6},{"damage":29,"enemies":"3 Cultists","floor":29,"turns":4}],"seed_played":"-9213239160983021075","potions_obtained":[{"floor":5.0,"key":"jedi:holywater"},{"floor":8.0,"key":"DistilledChaos"},{"floor":9.0,"key":"Strength Potion"},{"floor":12.0,"key":"construct:ShiftPotion"},{"floor":14.0,"key":"Languid Potion"},{"floor":16.0,"key":"SteroidPotion"}],"is_trial":false,"path_per_floor":["R","M","M","?","M","R","MIM","E","M","R","M","M","E","M","M","B",null,"R","M","?","M","M","?","T","AVR","E","M","M","M"],"character_chosen":"THE_BUGKNIGHT","items_purchased":[],"campfire_rested":0,"item_purchase_floors":[],"current_hp_per_floor":[75,75,74,50,59,59,69,46,53,53,53,54,34,31,32,19,69,69,44,44,13,11,11,11,11,17,17,23,0,0],"gold":605,"neow_bonus":"RANDOM_COMMON_RELIC","is_daily":false,"chose_seed":false,"campfire_upgraded":4,"win_rate":0.0,"timestamp":1608632351,"path_taken":["R","M","M","?","M","R","MIM","E","M","R","?","?","E","?","M","BOSS","R","M","?","?","M","?","T","AVR","E","M","M","?"],"items_purchased_type":[],"build_version":"2020-12-13","purchased_purges":0,"victory":false,"max_hp_per_floor":[75,75,75,75,75,75,75,75,75,75,72,72,72,72,72,69,69,69,69,69,69,69,69,69,69,69,69,69,69,69],"card_choices":[{"not_picked":[],"picked":"BloodyBrimstone","floor":0.0},{"not_picked":["HollowMod:HowlingWraiths","HollowMod:BlackTendrils"],"picked":"HollowMod:VengefulSpirit","floor":2.0},{"not_picked":["HollowMod:CoiledNail","HollowMod:WraithStrike"],"picked":"HollowMod:DungDefenderAura","floor":3.0},{"not_picked":["HollowMod:NewLittleFool","HollowMod:InfectedCysts"],"picked":"HollowMod:SoulMaster","floor":5.0},{"not_picked":["HollowMod:SharpenedNail","HollowMod:NewLittleFool"],"picked":"HollowMod:DesolateDive","floor":7.0},{"not_picked":["Bomb","HollowMod:FastStrike"],"picked":"HollowMod:CornifersMapStart","floor":8.0},{"not_picked":["HollowMod:ShapeofUnn","HollowMod:HowlingWraiths","HollowMod:FallenFury"],"picked":"SKIP","floor":9.0},{"not_picked":["Bomb","HollowMod:DreamGate"],"picked":"HollowMod:AwokenDreamNail","floor":11.0},{"not_picked":["HollowMod:AbyssShriek","HollowMod:CoiledNail","HollowMod:InfectedCysts"],"picked":"SKIP","floor":12.0},{"not_picked":["HollowMod:SoulEater","Bomb"],"picked":"HollowMod:BaldurShell","floor":13.0},{"not_picked":["HollowMod:MothsMistake","HollowMod:SiblingsSouls"],"picked":"HollowMod:CloakDash","floor":14.0},{"not_picked":["HollowMod:SiblingsSouls","HollowMod:DesolateDive"],"picked":"HollowMod:SoulStrike","floor":15.0},{"not_picked":["HollowMod:NewInfectedGuardian","HollowMod:theNailsmith"],"picked":"HollowMod:VoidDash","floor":16.0},{"not_picked":["HollowMod:SoulEater","HollowMod:InfectedAttack"],"picked":"HollowMod:GrimmsGift+1","floor":19.0},{"not_picked":["HollowMod:CycloneSlash","HollowMod:GreatSlash"],"picked":"HollowMod:DashSlash","floor":21.0},{"not_picked":["HollowMod:SharpenedNail","HollowMod:ShapeofUnn","HollowMod:SiblingsSouls"],"picked":"SKIP","floor":22},{"not_picked":["HollowMod:SoulShaman","HollowMod:LifebloodCocoon"],"picked":"HollowMod:WraithStrike","floor":26},{"not_picked":["HollowMod:DoubleDash","HollowMod:SoulShaman+1"],"picked":"HollowMod:SharpenedNail+1","floor":27},{"not_picked":["HollowMod:SharpenedNail","HollowMod:BaldurShell"],"picked":"HollowMod:VengefulVoid","floor":28}],"player_experience":16818,"relics_obtained":[{"floor":7.0,"key":"HowToJump"},{"floor":8.0,"key":"hubris:OldNail"},{"floor":13.0,"key":"StuffTheSpire:TintedRock"},{"floor":26,"key":"jedi:HeartOfTheCards"}],"event_choices":[{"damage_healed":0.0,"max_hp_gain":0.0,"max_hp_loss":0.0,"gold_gain":1.0,"event_name":"betterThird:BetterScrap","player_choice":"Relic ","floor":4.0,"gold_loss":0.0,"damage_taken":24.0,"cards_obtained":["Fasting2"]},{"cards_removed":["BloodyBrimstone"],"damage_healed":0.0,"max_hp_gain":0.0,"max_hp_loss":0.0,"gold_gain":0.0,"event_name":"Purifier","player_choice":"Purged","floor":20.0,"gold_loss":0.0,"damage_taken":0.0},{"damage_healed":0,"gold_gain":0,"player_choice":"Ignored","damage_taken":0,"max_hp_gain":0,"max_hp_loss":0,"event_name":"betterNote:BetterNote","floor":23,"gold_loss":0,"cards_obtained":["Exchange"]}],"is_beta":false,"boss_relics":[{"not_picked":["Busted Crown","aspiration:FutureDiary"],"picked":"Sozu"},{"not_picked":[]}],"items_purged_floors":[],"is_endless":false,"potions_floor_spawned":[5,8,9,12,14,16,26,27],"killed_by":"3 Cultists","ascension_level":0}}