{"host":"udzsrhbqdxqtlypj","time":1608677016,"event":{"mods":["BaseMod","Minty Spire (QoL Compilation)","Relic Stats"],"gold_per_floor":[117,136,1,76,95,130,130,147,199,199,234,234,260,285,285,285,285],"floor_reached":16,"playtime":1026,"items_purged":[],"score":177,"play_id":"23137b56-c915-4ce5-b384-062bccd26d51","local_time":"20201222164336","is_ascension_mode":true,"campfire_choices":[{"data":"Shockwave","floor":7.0,"key":"SMITH"},{"data":"Pommel Strike","floor":10.0,"key":"SMITH"},{"data":"Fire Breathing","floor":12.0,"key":"SMITH"},{"floor":15,"key":"DIG"}],"circlet_count":0,"master_deck":["AscendersBane","Strike_R","Strike_R+1","Strike_R","Strike_R","Defend_R","Defend_R","Defend_R","Bash+1","Spot Weakness","Fire Breathing+1","Shockwave+1","Anger","Metallicize","Pommel Strike+1","Feel No Pain","Sentinel+1"],"relics":["Burning Blood","Toxic Egg 2","Whetstone","Bag of Marbles","Shovel","Odd Mushroom","Anchor"],"acts_visited":["Exordium"],"potions_floor_usage":[],"damage_taken":[{"damage":0.0,"enemies":"2 Louse","floor":1.0,"turns":2.0},{"damage":9.0,"enemies":"Small Slimes","floor":2.0,"turns":4.0},{"damage":7.0,"enemies":"Jaw Worm","floor":5.0,"turns":4.0},{"damage":7.0,"enemies":"Lagavulin","floor":6.0,"turns":7.0},{"damage":18.0,"enemies":"Gremlin Gang","floor":8.0,"turns":6.0},{"damage":13.0,"enemies":"Gremlin Nob","floor":11.0,"turns":4.0},{"damage":9.0,"enemies":"Lagavulin","floor":13.0,"turns":7.0},{"damage":14.0,"enemies":"The Mushroom Lair","floor":14.0,"turns":4.0},{"damage":14,"enemies":"Hexaghost","floor":16,"turns":9}],"seed_played":"-7956268837890965951","potions_obtained":[{"floor":5.0,"key":"EssenceOfSteel"},{"floor":8.0,"key":"Explosive Potion"},{"floor":13.0,"key":"SneckoOil"}],"is_trial":false,"path_per_floor":["M","M","$","?","M","E","R","M","T","R","E","R","E","?","R","B"],"character_chosen":"IRONCLAD","items_purchased":["HeartOfIron","Metallicize"],"campfire_rested":0,"item_purchase_floors":[3,3],"current_hp_per_floor":[57,54,54,43,42,41,41,29,29,29,22,22,19,11,11,0,0],"gold":285,"neow_bonus":"TRANSFORM_TWO_CARDS","is_daily":false,"chose_seed":false,"campfire_upgraded":3,"win_rate":0.0,"timestamp":1608677016,"path_taken":["M","M","$","?","M","E","R","M","T","R","E","R","E","?","R","BOSS"],"items_purchased_type":["Potion","Card"],"build_version":"2020-12-13","purchased_purges":0,"victory":false,"max_hp_per_floor":[80,80,80,80,80,80,80,80,80,80,80,80,80,80,80,80,80],"relic_stats":{"Shovel":1,"counters":[9,47],"Whetstone":["Bash","Strike_R"],"obtain_stats":[{"Anchor":15,"Shovel":13,"Bag of Marbles":11,"Whetstone":9,"Toxic Egg 2":6,"Odd Mushroom":14,"Burning Blood":0},{"Anchor":8,"Shovel":7,"Bag of Marbles":6,"Whetstone":5,"Toxic Egg 2":4,"Odd Mushroom":8,"Burning Blood":0},{"Anchor":38,"Shovel":34,"Bag of Marbles":27,"Whetstone":23,"Toxic Egg 2":17,"Odd Mushroom":38,"Burning Blood":0}],"Burning Blood":48},"card_choices":[{"not_picked":["Warcry","Seeing Red"],"picked":"Shockwave","floor":1.0},{"not_picked":["Thunderclap","Shockwave"],"picked":"Anger","floor":2.0},{"not_picked":["Body Slam","Iron Wave"],"picked":"Pommel Strike","floor":5.0},{"not_picked":["Thunderclap","Double Tap+1"],"picked":"Feel No Pain","floor":6.0},{"not_picked":["Iron Wave","Twin Strike","Sword Boomerang"],"picked":"SKIP","floor":8.0},{"not_picked":["Pommel Strike","Wild Strike","Clash"],"picked":"SKIP","floor":11.0},{"not_picked":["Iron Wave","Headbutt","Sword Boomerang"],"picked":"SKIP","floor":13.0},{"not_picked":["Pommel Strike","Anger"],"picked":"Sentinel+1","floor":14.0}],"player_experience":2715380,"relics_obtained":[{"floor":6.0,"key":"Toxic Egg 2"},{"floor":9.0,"key":"Whetstone"},{"floor":11.0,"key":"Bag of Marbles"},{"floor":13.0,"key":"Shovel"},{"floor":14.0,"key":"Odd Mushroom"},{"floor":15,"key":"Anchor"}],"event_choices":[{"damage_healed":0.0,"max_hp_gain":0.0,"max_hp_loss":0.0,"gold_gain":75.0,"event_name":"World of Goop","player_choice":"Gather Gold","floor":4.0,"gold_loss":0.0,"damage_taken":11.0},{"damage_healed":0.0,"max_hp_gain":0.0,"max_hp_loss":0.0,"gold_gain":0.0,"event_name":"Mushrooms","player_choice":"Fought Mushrooms","floor":14.0,"gold_loss":0.0,"damage_taken":0.0}],"is_beta":false,"boss_relics":[],"items_purged_floors":[],"is_endless":false,"potions_floor_spawned":[5,8,13],"killed_by":"Hexaghost","ascension_level":10}}