{"host":"uv231blk40vjdojr","time":1608657397,"event":{"mods":["BaseMod","Minty Spire (QoL Compilation)","Relic Stats"],"gold_per_floor":[118,43,63,63,79,106,124,124,124,134,134,153,153,166,166,255,255,280,305,305,73,73,73],"floor_reached":22,"playtime":722,"items_purged":[],"score":338,"play_id":"69a373e9-eb6f-4451-ac2b-23e6b1ba5469","local_time":"20201222181637","is_ascension_mode":true,"campfire_choices":[{"data":"Anger","floor":8,"key":"SMITH"},{"data":"Rampage","floor":15,"key":"SMITH"}],"circlet_count":0,"master_deck":["AscendersBane","Strike_R","Strike_R","Strike_R","Strike_R","Defend_R","Defend_R","Defend_R","Bash","Anger+1","Thunderclap","Whirlwind+1","Carnage","Rampage+1","Barricade","Demon Form","Second Wind+1","Fire Breathing"],"relics":["Burning Blood","Peace Pipe","PreservedInsect","Meat on the Bone","Golden Idol","FossilizedHelix","Fusion Hammer","Strawberry"],"acts_visited":["Exordium","TheCity"],"potions_floor_usage":[10,14,16,16],"damage_taken":[{"damage":6,"enemies":"Cultist","floor":1,"turns":4},{"damage":10,"enemies":"2 Louse","floor":3,"turns":3},{"damage":5,"enemies":"Small Slimes","floor":5,"turns":3},{"damage":45,"enemies":"3 Sentries","floor":6,"turns":7},{"damage":1,"enemies":"Exordium Thugs","floor":7,"turns":3},{"damage":0,"enemies":"Lots of Slimes","floor":10,"turns":1},{"damage":14,"enemies":"Exordium Wildlife","floor":12,"turns":2},{"damage":19,"enemies":"Gremlin Gang","floor":14,"turns":3},{"damage":42,"enemies":"Hexaghost","floor":16,"turns":8},{"damage":33,"enemies":"2 Thieves","floor":18,"turns":3},{"damage":26,"enemies":"Shell Parasite","floor":19,"turns":4},{"damage":40,"enemies":"Snake Plant","floor":22,"turns":3}],"seed_played":"7738434119059684610","potions_obtained":[{"floor":1,"key":"GamblersBrew"},{"floor":5,"key":"SpeedPotion"},{"floor":7,"key":"Block Potion"},{"floor":12,"key":"Block Potion"},{"floor":14,"key":"Strength Potion"}],"is_trial":false,"path_per_floor":["M","?","M","?","M","E","M","R","T","M","?","M","T","M","R","B",null,"M","M","?","$","M"],"character_chosen":"IRONCLAD","items_purchased":["Fire Breathing","Strawberry"],"campfire_rested":0,"item_purchase_floors":[21,21],"current_hp_per_floor":[68,68,64,57,58,19,24,24,24,42,42,46,46,45,45,21,52,37,29,29,36,0,0],"gold":73,"neow_bonus":"ONE_RARE_RELIC","is_daily":false,"chose_seed":false,"campfire_upgraded":2,"win_rate":0.0,"timestamp":1608657397,"path_taken":["M","?","M","?","M","E","M","R","T","M","?","M","?","M","R","BOSS","M","?","?","?","?"],"items_purchased_type":["Card","Relic"],"build_version":"2020-12-13","purchased_purges":0,"victory":false,"max_hp_per_floor":[68,68,68,68,68,68,68,68,68,68,62,62,62,62,62,62,62,62,62,62,69,69,69],"relic_stats":{"Peace Pipe":0,"counters":[12,44],"Golden Idol":35,"PreservedInsect":0,"obtain_stats":[{"Peace Pipe":0,"Golden Idol":11,"Strawberry":21,"PreservedInsect":6,"Fusion Hammer":17,"Burning Blood":0,"FossilizedHelix":13,"Meat on the Bone":9},{"Peace Pipe":0,"Golden Idol":6,"Strawberry":11,"PreservedInsect":4,"Fusion Hammer":9,"Burning Blood":0,"FossilizedHelix":7,"Meat on the Bone":5},{"Peace Pipe":0,"Golden Idol":21,"Strawberry":41,"PreservedInsect":17,"Fusion Hammer":34,"Burning Blood":0,"FossilizedHelix":23,"Meat on the Bone":20}],"Burning Blood":66,"Meat on the Bone":72},"card_choices":[{"not_picked":["Searing Blow","Pommel Strike"],"picked":"Anger","floor":1},{"not_picked":["Dark Embrace","Flex"],"picked":"Thunderclap","floor":3},{"not_picked":["Twin Strike","Clothesline"],"picked":"Whirlwind","floor":5},{"not_picked":["Intimidate","Flame Barrier"],"picked":"Carnage","floor":6},{"not_picked":["Headbutt","Intimidate"],"picked":"Rampage","floor":7},{"not_picked":["Searing Blow","Headbutt","Havoc"],"picked":"SKIP","floor":10},{"not_picked":["Body Slam","Entrench","Havoc"],"picked":"SKIP","floor":12},{"not_picked":["Headbutt","Flex"],"picked":"Barricade","floor":14},{"not_picked":["Berserk","Immolate"],"picked":"Demon Form","floor":16},{"not_picked":["Warcry","Searing Blow","Intimidate"],"picked":"SKIP","floor":18},{"not_picked":["Whirlwind","Warcry"],"picked":"Second Wind+1","floor":19}],"player_experience":525447,"relics_obtained":[{"floor":6,"key":"PreservedInsect"},{"floor":9,"key":"Meat on the Bone"},{"floor":13,"key":"FossilizedHelix"}],"event_choices":[{"cards_removed":["Strike_R"],"damage_healed":0,"gold_gain":0,"player_choice":"Card Removal","damage_taken":0,"max_hp_gain":0,"max_hp_loss":0,"event_name":"The Cleric","floor":2,"gold_loss":75},{"cards_removed":["Defend_R"],"damage_healed":0,"gold_gain":0,"player_choice":"Card Removal","damage_taken":7,"max_hp_gain":0,"max_hp_loss":0,"event_name":"Golden Wing","floor":4,"gold_loss":0},{"damage_healed":0,"gold_gain":0,"player_choice":"Lose Max HP","damage_taken":0,"relics_obtained":["Golden Idol"],"max_hp_gain":0,"max_hp_loss":6,"event_name":"Golden Idol","floor":11,"gold_loss":0},{"damage_healed":0,"gold_gain":0,"player_choice":"Upgraded","damage_taken":0,"max_hp_gain":0,"max_hp_loss":0,"event_name":"Upgrade Shrine","floor":20,"gold_loss":0,"cards_upgraded":["Whirlwind"]}],"is_beta":false,"boss_relics":[{"not_picked":["Black Star","Sozu"],"picked":"Fusion Hammer"}],"items_purged_floors":[],"is_endless":false,"potions_floor_spawned":[1,5,7,12,14],"killed_by":"Snake Plant","ascension_level":16}}