{"host":"lw874zp3en0pz6a7","time":1608624723,"event":{"mods":["Act Like it!","BaseMod","Downfall","Key Reminder","KinomotoSakuraMod(木之本樱)","LagranYue(拉格朗・月)","Luminous","Marisa（F雨　魔理沙）","Minty Spire (QoL Compilation)","Quick Restart","READ ME - Guardian Mod","Reimu（博丽灵梦）","Remilia（蕾米莉亚）","Replay The Spire","SIMod","SOS（斯巴达之子）","Shop Mod","StSLib","Td1madao Mod","The Administrix","The Bladedancer","The Bug Knight","The Construct","The Cursed","The Gatherer","The Runesmith","The Servant 0.9.4","WarShipGirlsR/战舰少女R mod","Youmu（魂魄妖梦）","[地精首领爬塔]The Maniac","vexMod"],"gold_per_floor":[109,119,132,151,166,193,213,247,273,290,290,317,328,348,348,348,348],"floor_reached":16,"playtime":724,"items_purged":[],"score":161,"play_id":"6d12b744-e8c2-41c9-9736-97398614be98","local_time":"20201222161203","is_ascension_mode":true,"campfire_choices":[{"data":"Reprogram","floor":15,"key":"SMITH"}],"circlet_count":0,"master_deck":["Strike_B","Strike_B","Strike_B","Strike_B","Defend_B","Defend_B","Defend_B","Defend_B","Zap","Dualcast","Gash","Reprogram+1","Conserve Battery","Beam Cell","Steam","Hologram","Gash"],"relics":["Cracked Core","LagranYue:RandomDrawCardRelic","Replay:Wax Seal","ReplayTheSpireMod:Shallot","Bronze Scales","keyreminder:keyreminder","MealTicket","ReplayFunnel","Nunchaku"],"acts_visited":["Exordium"],"potions_floor_usage":[5,8,10,16,16],"damage_taken":[{"damage":1,"enemies":"Cultist","floor":1,"turns":3},{"damage":2,"enemies":"2 Louse","floor":2,"turns":2},{"damage":0,"enemies":"Small Slimes","floor":3,"turns":3},{"damage":5,"enemies":"Looter","floor":4,"turns":3},{"damage":4,"enemies":"Exordium Thugs","floor":5,"turns":3},{"damage":24,"enemies":"3 Sentries","floor":6,"turns":9},{"damage":4,"enemies":"Red Slaver","floor":7,"turns":4},{"damage":19,"enemies":"Lagavulin","floor":8,"turns":11},{"damage":0,"enemies":"3 Louse","floor":10,"turns":2},{"damage":0,"enemies":"3 Sentries","floor":12,"turns":7},{"damage":0,"enemies":"Exordium Thugs","floor":13,"turns":4},{"damage":0,"enemies":"2 Fungi Beasts","floor":14,"turns":4},{"damage":16,"enemies":"The Guardian","floor":16,"turns":8}],"seed_played":"-7328195647606636413","potions_obtained":[{"floor":4,"key":"ColorlessPotion"},{"floor":5,"key":"SpeedPotion"},{"floor":6,"key":"Cursed Concoction"},{"floor":7,"key":"FearPotion"},{"floor":12,"key":"Fire Potion"},{"floor":14,"key":"SkillPotion"}],"is_trial":false,"path_per_floor":["M","M","M","M","M","E","M","E","T","M","?","E","M","M","R","B"],"character_chosen":"DEFECT","items_purchased":[],"campfire_rested":0,"item_purchase_floors":[],"current_hp_per_floor":[74,72,72,67,63,39,35,16,16,16,16,16,16,16,16,0,0],"gold":348,"neow_bonus":"RANDOM_COMMON_RELIC","is_daily":false,"chose_seed":false,"campfire_upgraded":1,"win_rate":0.0,"timestamp":1608624723,"path_taken":["M","?","M","M","M","E","M","E","T","?","?","E","?","M","R","BOSS"],"items_purchased_type":[],"build_version":"2020-12-13","purchased_purges":0,"victory":false,"max_hp_per_floor":[75,75,75,75,75,75,75,75,75,75,75,75,75,75,75,75,75],"card_choices":[{"not_picked":["Compile Driver","Rip and Tear"],"picked":"Gash","floor":1},{"not_picked":["Sweeping Beam","Cold Snap"],"picked":"Reprogram","floor":2},{"not_picked":["Stack","Blizzard"],"picked":"Conserve Battery","floor":3},{"not_picked":["BasicCrystalCard","Force Field"],"picked":"Beam Cell","floor":4},{"not_picked":["Barrage","Redo"],"picked":"Steam","floor":5},{"not_picked":["Compile Driver","BasicCrystalCard","Double Energy"],"picked":"SKIP","floor":6},{"not_picked":["Creative AI","Double Energy","FIFO Queue"],"picked":"SKIP","floor":7},{"not_picked":["Panic Button","Leap"],"picked":"Hologram","floor":8},{"not_picked":["Panic Button","Barrage"],"picked":"Gash","floor":10},{"not_picked":["FIFO Queue","Coolheaded","Stack"],"picked":"SKIP","floor":12},{"not_picked":["Beam Cell","Steam","Coolheaded"],"picked":"SKIP","floor":13},{"not_picked":["Panic Button","Ball Lightning","BasicCrystalCard"],"picked":"SKIP","floor":14}],"player_experience":296011,"relics_obtained":[{"floor":6,"key":"ReplayTheSpireMod:Shallot"},{"floor":8,"key":"Bronze Scales"},{"floor":9,"key":"MealTicket"},{"floor":12,"key":"Nunchaku"}],"event_choices":[{"damage_healed":0,"gold_gain":0,"player_choice":"Gave Potion","damage_taken":0,"relics_obtained":["ReplayFunnel"],"max_hp_gain":0,"max_hp_loss":0,"event_name":"WeMeetAgain","floor":11,"gold_loss":0}],"is_beta":false,"boss_relics":[],"items_purged_floors":[],"is_endless":false,"potions_floor_spawned":[4,5,6,7,12,14],"killed_by":"The Guardian","ascension_level":1}}