{"host":"j204k34h42bd6fas","time":1608676548,"event":{"mods":["Aspiration","BaseMod","Colored Map","Colored Powertips","Conspire","Hubris","Infinite Spire","Mimic Mod","Minty Spire (QoL Compilation)","Potionbrewer","Rare Cards Sparkle","Relic Stats","Replay The Spire","Say the Spire","StSLib","The Cursed","The Judge"],"gold_per_floor":[20,40,40,40,58,58,86,116,154,172,207,46,60,76,76,175,175,195,195,195,206,206,206],"floor_reached":22,"playtime":977,"items_purged":[],"score":285,"play_id":"8de035c2-ba92-4558-b8ed-7e11ae3e57bb","local_time":"20201222173548","is_ascension_mode":true,"campfire_choices":[{"data":"ReplayTheSpireMod:Shiv Toss","floor":6,"key":"SMITH"},{"floor":15,"key":"REST"}],"circlet_count":0,"master_deck":["Accuracy","conspire:GhostlyStrike","conspire:GhostlyStrike","conspire:GhostlyStrike","conspire:GhostlyStrike","conspire:GhostlyStrike","conspire:GhostlyDefend","conspire:GhostlyDefend","conspire:GhostlyDefend","conspire:GhostlyDefend","conspire:GhostlyDefend+1","Survivor","Neutralize","ReplayTheSpireMod:Shiv Toss+1","Distraction","Accuracy","conspire:DoublingDagger","Acrobatics","Cloak And Dagger","ReplayTheSpireMod:Scrap Shanks","conspire:PoisonWeapons","Blade Dance","Cloak And Dagger+1","Choke","All Out Attack","Underhanded Strike","Bullet Time","All Out Attack","Prepared"],"relics":["Ring of the Snake","hubris:Teleporter","hubris:SlimyHat","InkBottle","aspiration:HiddenCompartment","Orichalcum","Ring of Chaos","War Paint"],"acts_visited":["Exordium","TheCity"],"potions_floor_usage":[7,11,16,18,22,22,22],"damage_taken":[{"damage":0,"enemies":"2 Louse","floor":1,"turns":4},{"damage":4,"enemies":"Small Slimes","floor":2,"turns":3},{"damage":6,"enemies":"Cultist","floor":5,"turns":5},{"damage":37,"enemies":"3 Sentries","floor":7,"turns":8},{"damage":11,"enemies":"conspire:MimicChest","floor":8,"turns":6},{"damage":6,"enemies":"Red Slaver","floor":9,"turns":7},{"damage":0,"enemies":"Red Slaver","floor":10,"turns":6},{"damage":6,"enemies":"Lagavulin","floor":11,"turns":5},{"damage":1,"enemies":"Exordium Thugs","floor":13,"turns":4},{"damage":0,"enemies":"Exordium Wildlife","floor":14,"turns":2},{"damage":14,"enemies":"Hexaghost","floor":16,"turns":6},{"damage":15,"enemies":"Chosen","floor":18,"turns":5},{"damage":38,"enemies":"Spheric Guardian","floor":21,"turns":6},{"damage":14,"enemies":"Cultist and Chosen","floor":22,"turns":4}],"seed_played":"-157098543790932181","potions_obtained":[{"floor":1,"key":"potionbrewer:DiscountPotion"},{"floor":10,"key":"Regen Potion"},{"floor":11,"key":"Strength Potion"},{"floor":13,"key":"Languid Potion"},{"floor":16,"key":"Weak Potion"},{"floor":18,"key":"Fruit Juice"},{"floor":21,"key":"potionbrewer:AcidPotion"}],"is_trial":false,"path_per_floor":["M","M","?","?","M","R","E","?","MIM","M","E","$","M","M","R","B",null,"M","?","T","M","M"],"character_chosen":"THE_SILENT","items_purchased":["Blade Dance","Cloak And Dagger","Choke"],"campfire_rested":1,"item_purchase_floors":[12,12,12],"current_hp_per_floor":[70,66,66,66,60,60,23,12,6,6,5,5,4,4,25,11,70,60,60,60,22,8,8],"gold":206,"neow_bonus":"ONE_RARE_RELIC","is_daily":false,"chose_seed":false,"campfire_upgraded":1,"win_rate":0.0,"timestamp":1608676548,"path_taken":["M","M","?","?","M","R","E","?","MIM","M","E","$","?","M","R","BOSS","M","?","?","?","M"],"items_purchased_type":["Card","Card","Card"],"build_version":"2020-12-13","purchased_purges":0,"victory":false,"max_hp_per_floor":[70,70,70,70,70,70,70,70,70,70,70,70,70,70,70,70,70,75,75,75,75,75,75],"relic_stats":{"counters":[14,71],"Orichalcum":[36],"War Paint":["conspire:GhostlyDefend","Cloak And Dagger"],"obtain_stats":[{"hubris:Teleporter":0,"Ring of Chaos":17,"hubris:SlimyHat":7,"Orichalcum":11,"War Paint":20,"aspiration:HiddenCompartment":9,"InkBottle":8,"Ring of the Snake":0},{"hubris:Teleporter":0,"Ring of Chaos":11,"hubris:SlimyHat":4,"Orichalcum":8,"War Paint":12,"aspiration:HiddenCompartment":6,"InkBottle":5,"Ring of the Snake":0},{"hubris:Teleporter":0,"Ring of Chaos":56,"hubris:SlimyHat":20,"Orichalcum":44,"War Paint":61,"aspiration:HiddenCompartment":33,"InkBottle":26,"Ring of the Snake":0}],"InkBottle":[18],"Ring of the Snake":[28]},"card_choices":[{"not_picked":["Blur","Backflip","Bane"],"picked":"SKIP","floor":1},{"not_picked":["Poisoned Stab","ReplayTheSpireMod:The Works"],"picked":"ReplayTheSpireMod:Shiv Toss","floor":2},{"not_picked":["Underhanded Strike","Deflect"],"picked":"Accuracy","floor":5},{"not_picked":["ReplayTheSpireMod:Speed Training","Dagger Throw"],"picked":"conspire:DoublingDagger","floor":7},{"not_picked":["Deadly Poison","ReplayTheSpireMod:Tripwire"],"picked":"Acrobatics","floor":8},{"not_picked":["Well Laid Plans","Outmaneuver"],"picked":"Cloak And Dagger","floor":9},{"not_picked":["Deadly Poison","Skewer"],"picked":"ReplayTheSpireMod:Scrap Shanks","floor":10},{"not_picked":["ReplayTheSpireMod:Shiv Toss","Outmaneuver"],"picked":"conspire:PoisonWeapons","floor":11},{"not_picked":["Draining Mist","Dodge and Roll"],"picked":"All Out Attack","floor":13},{"not_picked":["Flying Knee","Dodge and Roll"],"picked":"Underhanded Strike","floor":14},{"not_picked":["Venomology","Corpse Explosion"],"picked":"Bullet Time","floor":16},{"not_picked":["Deflect","Calculated Gamble"],"picked":"All Out Attack","floor":18},{"not_picked":["Hidden Blade","Dodge and Roll+1"],"picked":"Prepared","floor":21}],"player_experience":280290,"relics_obtained":[{"floor":7,"key":"hubris:SlimyHat"},{"floor":8,"key":"InkBottle"},{"floor":9,"key":"aspiration:HiddenCompartment"},{"floor":11,"key":"Orichalcum"},{"floor":20,"key":"War Paint"}],"event_choices":[{"damage_healed":0,"gold_gain":0,"player_choice":"Agree","damage_taken":0,"max_hp_gain":0,"max_hp_loss":0,"event_name":"conspire:LoneGhost","floor":3,"gold_loss":0}],"is_beta":false,"boss_relics":[{"not_picked":["Busted Crown","hubris:TerracottaHorce"],"picked":"Ring of Chaos"}],"items_purged_floors":[],"is_endless":false,"potions_floor_spawned":[1,10,11,13,16,18,21],"killed_by":"Cultist and Chosen","ascension_level":4}}