{"host":"0i8dz4ityulxi1rd","time":1608641425,"event":{"mods":["BaseMod","Colored Map","Colored Powertips","Custom Start","Highlight Path","Hubris","Keyboard Shortcuts","Minty Spire (QoL Compilation)","StSLib","SuperFastMode","The Runesmith"],"gold_per_floor":[109,109,135,154,183,183,225,249,274,274,318,318,64,104,104,192,192,221,247,147,147,147],"floor_reached":21,"playtime":519,"items_purged":["Strike_B","Strike_B"],"score":394,"play_id":"6df4bc80-5bab-45d0-82b6-7bad37655ffb","local_time":"20201222215025","is_ascension_mode":true,"campfire_choices":[{"floor":10,"key":"REST"},{"floor":12,"key":"REST"},{"floor":15,"key":"REST"}],"circlet_count":0,"master_deck":["AscendersBane","Defend_B","Defend_B","Defend_B","Zap","Dualcast","Static Discharge","Conserve Battery","Rip and Tear","Meteor Strike","Ball Lightning","Coolheaded","Aggregate","hubris:PowerSurge","Go for the Eyes","Defragment+1","Machine Learning+1","hubris:PowerSurge+1","Self Repair+1"],"relics":["Cracked Core","CeramicFish","Regal Pillow","Boot","Frozen Egg 2","Philosopher\u0027s Stone"],"acts_visited":["Exordium","TheCity"],"potions_floor_usage":[7,7,7,16],"damage_taken":[{"damage":2,"enemies":"Jaw Worm","floor":1,"turns":4},{"damage":6,"enemies":"2 Louse","floor":4,"turns":3},{"damage":1,"enemies":"Cultist","floor":5,"turns":3},{"damage":18,"enemies":"Lagavulin","floor":7,"turns":6},{"damage":1,"enemies":"2 Fungi Beasts","floor":8,"turns":3},{"damage":39,"enemies":"Gremlin Nob","floor":11,"turns":4},{"damage":30,"enemies":"3 Sentries","floor":14,"turns":6},{"damage":23,"enemies":"Slime Boss","floor":16,"turns":6},{"damage":39,"enemies":"2 Thieves","floor":18,"turns":3},{"damage":15,"enemies":"Chosen","floor":19,"turns":4},{"damage":12,"enemies":"Shelled Parasite and Fungi","floor":21,"turns":1}],"seed_played":"772083702888398853","potions_obtained":[{"floor":1,"key":"Swift Potion"},{"floor":4,"key":"SteroidPotion"},{"floor":6,"key":"EntropicBrew"},{"floor":11,"key":"SpeedPotion"},{"floor":18,"key":"GamblersBrew"}],"is_trial":false,"path_per_floor":["M","?","T","M","M","?","E","M","T","R","E","R","$","E","R","B",null,"M","M","$","M"],"character_chosen":"DEFECT","items_purchased":["Aggregate","hubris:PowerSurge","Go for the Eyes"],"campfire_rested":3,"item_purchase_floors":[13,13,13],"current_hp_per_floor":[44,37,37,31,30,30,12,11,11,47,8,44,44,14,50,27,60,21,6,6,0,0],"gold":147,"neow_bonus":"REMOVE_TWO","is_daily":false,"chose_seed":false,"campfire_upgraded":0,"win_rate":0.0,"timestamp":1608641425,"path_taken":["M","?","?","M","?","?","E","?","T","R","E","R","$","E","R","BOSS","M","M","$","M"],"items_purchased_type":["Card","Card","Card"],"build_version":"2020-12-13","purchased_purges":2,"victory":false,"max_hp_per_floor":[71,71,71,71,71,71,71,71,71,71,71,71,71,71,71,71,71,71,71,71,71,71],"card_choices":[{"not_picked":["Compile Driver","Coolheaded"],"picked":"Static Discharge","floor":1},{"not_picked":["Sweeping Beam","Beam Cell"],"picked":"Conserve Battery","floor":4},{"not_picked":["Redo","Blizzard"],"picked":"Rip and Tear","floor":5},{"not_picked":["Barrage","Genetic Algorithm"],"picked":"Meteor Strike","floor":7},{"not_picked":["Beam Cell","Sweeping Beam"],"picked":"Ball Lightning","floor":8},{"not_picked":["Redo","Gash"],"picked":"Coolheaded","floor":11},{"not_picked":["Conserve Battery","Hologram"],"picked":"Defragment+1","floor":14},{"not_picked":["hubris:SpecializedCircuitry+1","Thunder Strike"],"picked":"Machine Learning+1","floor":16},{"not_picked":["Conserve Battery","Blizzard"],"picked":"hubris:PowerSurge+1","floor":18},{"not_picked":["Compile Driver+1","Redo"],"picked":"Self Repair+1","floor":19}],"player_experience":1266491,"relics_obtained":[{"floor":3,"key":"CeramicFish"},{"floor":7,"key":"Regal Pillow"},{"floor":11,"key":"Boot"},{"floor":14,"key":"Frozen Egg 2"}],"event_choices":[{"cards_removed":["Strike_B"],"damage_healed":0,"gold_gain":0,"player_choice":"Card Removal","damage_taken":7,"max_hp_gain":0,"max_hp_loss":0,"event_name":"Golden Wing","floor":2,"gold_loss":0},{"damage_healed":0,"gold_gain":0,"player_choice":"Got Potions","damage_taken":0,"max_hp_gain":0,"max_hp_loss":0,"event_name":"Lab","floor":6,"gold_loss":0}],"is_beta":false,"boss_relics":[{"not_picked":["Runic Dome","SacredBark"],"picked":"Philosopher\u0027s Stone"}],"items_purged_floors":[13,20],"is_endless":false,"potions_floor_spawned":[1,4,5,11,18],"killed_by":"Shelled Parasite and Fungi","ascension_level":20}}