{"host":"27cnk69rbdk9vsnt","time":1608630093,"event":{"mods":["BaseMod","Beaked The Cultist","Duelist Mod","Ekko","Energized Spire","Glutton Mod","JesterMod","Jorbs\u0027s Wanderer Trilogy","Mimic Mod","Minty Spire (QoL Compilation)","Shop Mod","StSLib","The Elementalist","Thieving Mod"],"gold_per_floor":[112,127,127,52,52,52,52,67,102,112,141,160,160,160],"floor_reached":13,"playtime":979,"items_purged":["elementalist:Defend_Elemblue"],"score":110,"play_id":"67d501e7-37c6-41b7-b40d-710734df34e1","local_time":"20201222104133","is_ascension_mode":false,"campfire_choices":[{"data":"elementalist:Crystal_Chalk","floor":6,"key":"SMITH"}],"circlet_count":0,"master_deck":["elementalist:Defend_Elemblue","elementalist:Defend_Elemblue","elementalist:Defend_Elemblue","elementalist:Defend_Elemblue","elementalist:Firestrike","elementalist:Earthstrike","elementalist:Waterstrike","elementalist:Airstrike","elementalist:Crystal_Chalk+1","elementalist:Emberveil","elementalist:Sidereal_Form","elementalist:Gaian_Form","elementalist:Cauterize","elementalist:Widdershins_Conversion","elementalist:Cauterize","elementalist:Ignition","elementalist:Breeze"],"relics":["elementalistmod:MagusStaff","elementalistmod:GraduationLetter","Art of War","Pear","PreservedInsect","Centennial Puzzle","Bag of Marbles"],"acts_visited":["Exordium"],"potions_floor_usage":[],"damage_taken":[{"damage":2,"enemies":"Cultist","floor":1,"turns":4},{"damage":6,"enemies":"Jaw Worm","floor":2,"turns":4},{"damage":1,"enemies":"2 Louse","floor":8,"turns":3},{"damage":22,"enemies":"Looter","floor":9,"turns":9},{"damage":7,"enemies":"Looter","floor":10,"turns":3},{"damage":16,"enemies":"Gremlin Nob","floor":11,"turns":5},{"damage":11,"enemies":"Lots of Slimes","floor":12,"turns":3},{"damage":21,"enemies":"3 Sentries","floor":13,"turns":4}],"seed_played":"-4412674782632469761","potions_obtained":[{"floor":2,"key":"DuplicationPotion"},{"floor":10,"key":"EntropicBrew"}],"is_trial":false,"path_per_floor":["M","M","T","$","?","R","?","M","MIM","M","E","M","E"],"character_chosen":"THE_ELEMENTALIST","items_purchased":[],"campfire_rested":0,"item_purchase_floors":[],"current_hp_per_floor":[68,62,72,72,77,77,77,76,54,47,31,20,0,0],"gold":160,"neow_bonus":"RANDOM_COMMON_RELIC","is_daily":false,"chose_seed":false,"campfire_upgraded":1,"win_rate":0.0,"timestamp":1608630093,"path_taken":["M","?","?","$","?","R","?","M","MIM","M","E","M","E"],"items_purchased_type":[],"build_version":"2020-12-13","purchased_purges":1,"victory":false,"max_hp_per_floor":[70,70,80,80,85,85,85,85,85,85,85,85,85,85],"card_choices":[{"not_picked":["elementalist:Caution","elementalist:Breeze"],"picked":"elementalist:Emberveil","floor":1},{"not_picked":["elementalist:Mist","elementalist:Confluence"],"picked":"elementalist:Sidereal_Form","floor":2},{"not_picked":["elementalist:Prepared_Sand","elementalist:Emberveil"],"picked":"elementalist:Cauterize","floor":8},{"not_picked":["elementalist:Caution","elementalist:Cyclone"],"picked":"elementalist:Widdershins_Conversion","floor":9},{"not_picked":["elementalist:Sidereal_Form","elementalist:Spark"],"picked":"elementalist:Cauterize","floor":10},{"not_picked":["elementalist:Geomancy","elementalist:Confluence"],"picked":"elementalist:Ignition","floor":11},{"not_picked":["elementalist:Low_Tides","elementalist:Spout"],"picked":"elementalist:Breeze","floor":12}],"player_experience":506232,"relics_obtained":[{"floor":3,"key":"Pear"},{"floor":9,"key":"Centennial Puzzle"},{"floor":11,"key":"Bag of Marbles"}],"event_choices":[{"damage_healed":0,"gold_gain":0,"player_choice":"Donut","damage_taken":0,"max_hp_gain":5,"max_hp_loss":0,"event_name":"Big Fish","floor":5,"gold_loss":0},{"cards_removed":["elementalist:Strike+Elemblue"],"damage_healed":0,"gold_gain":0,"player_choice":"Purged","damage_taken":0,"max_hp_gain":0,"max_hp_loss":0,"event_name":"Purifier","floor":7,"gold_loss":0}],"is_beta":false,"boss_relics":[],"items_purged_floors":[4],"is_endless":false,"potions_floor_spawned":[2,10],"killed_by":"3 Sentries","ascension_level":0}}