{"host":"rjgoswvfv7uwlsn0","time":1608681357,"event":{"mods":["BaseMod","Highlight Path","HololiveMod","Koishi","Marisa（霧雨　魔理沙）","Minty Spire (QoL Compilation)","Remilia（蕾米莉?）","StSLib","The Administrix","The Servant 0.9.4"],"gold_per_floor":[113,63,83,83,158,158,184,184,209,244,256,270,285,285,285,384,384,403,403,417,192,242,267,280,312,336,351,386,183,218,238,238,338,338,353,363,377,377,388,415,415,415,415],"floor_reached":42,"playtime":4548,"items_purged":["Strike_MRS","Strike_MRS"],"score":673,"play_id":"499061da-8058-4419-98eb-0cbabb0c1a53","local_time":"20201222185557","is_ascension_mode":true,"campfire_choices":[{"data":"NonDirectionalLaser","floor":6.0,"key":"SMITH"},{"data":"MasterSpark","floor":8.0,"key":"SMITH"},{"data":"DeepEcoloBomb","floor":15.0,"key":"SMITH"},{"floor":32,"key":"REST"}],"circlet_count":0,"master_deck":["Strike_MRS","Defend_MRS","Defend_MRS","Defend_MRS","Defend_MRS","MasterSpark+1","UpSweep","NonDirectionalLaser+1","GalacticHalo","IllusionStar","Singularity","OneTimeOff+1","DeepEcoloBomb+1","TreasureHunter","GrandCross+1","EventHorizon","StarlightTyphoon","ManaConvection","Parasite","Parasite","OpenUniverse","EscapeVelocity","OrrerysSun+1","GalacticHalo+1","Parasite","Pain"],"relics":["MiniHakkero","NeowsBlessing","Bottled Flame","Bag of Preparation","Toy Ornithopter","Lantern","Snecko Eye","Centennial Puzzle","Smiling Mask","Singing Bowl","Darkstone Periapt","Gambling Chip","PreservedInsect","Dream Catcher","Pocketwatch","Blood Vial","Tiny Chest","ShroomBag","Fusion Hammer","HornCleat","WarpedTongs"],"acts_visited":["Exordium","TheCity","TheBeyond"],"potions_floor_usage":[37],"damage_taken":[{"damage":0.0,"enemies":"Jaw Worm","floor":1.0,"turns":1.0},{"damage":0.0,"enemies":"Small Slimes","floor":3.0,"turns":1.0},{"damage":0.0,"enemies":"3 Sentries","floor":7.0,"turns":1.0},{"damage":16.0,"enemies":"Lagavulin","floor":10.0,"turns":5.0},{"damage":0.0,"enemies":"2 Louse","floor":11.0,"turns":1.0},{"damage":2.0,"enemies":"Blue Slaver","floor":12.0,"turns":2.0},{"damage":0.0,"enemies":"Gremlin Gang","floor":13.0,"turns":4.0},{"damage":26.0,"enemies":"Hexaghost","floor":16.0,"turns":9.0},{"damage":6.0,"enemies":"2 Thieves","floor":18.0,"turns":4.0},{"damage":5.0,"enemies":"3 Byrds","floor":20.0,"turns":4.0},{"damage":8.0,"enemies":"Gremlin Leader","floor":23.0,"turns":4.0},{"damage":7.0,"enemies":"3 Cultists","floor":24.0,"turns":4.0},{"damage":19.0,"enemies":"Slavers","floor":25.0,"turns":6.0},{"damage":0,"enemies":"Centurion and Healer","floor":27,"turns":3},{"damage":5,"enemies":"Book of Stabbing","floor":28,"turns":3},{"damage":17,"enemies":"Gremlin Leader","floor":30,"turns":6},{"damage":3,"enemies":"Shelled Parasite and Fungi","floor":31,"turns":3},{"damage":58,"enemies":"Champ","floor":33,"turns":9},{"damage":6,"enemies":"3 Darklings","floor":35,"turns":2},{"damage":0,"enemies":"Orb Walker","floor":36,"turns":2},{"damage":14,"enemies":"4 Shapes","floor":37,"turns":5},{"damage":9,"enemies":"Writhing Mass","floor":39,"turns":5},{"damage":0,"enemies":"Nemesis","floor":40,"turns":3},{"damage":54,"enemies":"Giant Head","floor":42,"turns":8}],"seed_played":"-4317421674508216517","potions_obtained":[{"floor":3.0,"key":"LiquidMemories"},{"floor":7.0,"key":"SpeedPotion"},{"floor":10.0,"key":"LiquidMemories"},{"floor":11.0,"key":"StarNLove"},{"floor":19.0,"key":"LiquidMemories"},{"floor":19.0,"key":"AttackPotion"},{"floor":25.0,"key":"FairyPotion"},{"floor":39,"key":"Block Potion"}],"is_trial":false,"path_per_floor":["M","?","M","T","?","R","E","R","T","E","M","M","M","?","R","B",null,"M","?","M","$","?","E","M","E","T","M","E","$","E","M","R","B",null,"M","M","M","?","M","E","?","E"],"character_chosen":"MARISA","items_purchased":["Centennial Puzzle","Blood Vial"],"campfire_rested":1,"item_purchase_floors":[21,29],"current_hp_per_floor":[75,75,75,75,64,64,64,64,64,48,48,46,46,46,46,20,75,72,72,67,67,67,59,52,40,40,40,37,37,36,39,68,16,95,91,93,85,85,88,98,104,58,58],"gold":415,"neow_bonus":"THREE_ENEMY_KILL","is_daily":false,"chose_seed":false,"campfire_upgraded":3,"win_rate":0.0,"timestamp":1608681357,"path_taken":["M","?","M","?","?","R","E","R","T","E","M","M","M","?","R","BOSS","M","?","?","$","?","E","M","E","T","M","E","$","E","M","R","BOSS","M","?","M","?","M","E","?","E"],"items_purchased_type":["Relic","Relic"],"build_version":"2020-12-13","purchased_purges":2,"victory":false,"max_hp_per_floor":[75,75,75,75,75,75,75,75,75,75,75,75,75,75,75,75,75,75,75,75,75,75,75,75,77,77,77,79,79,93,93,95,95,95,95,95,97,92,100,102,108,108,108],"card_choices":[{"not_picked":["GravityBeat","OortCloud"],"picked":"NonDirectionalLaser","floor":1.0},{"not_picked":["AsteroidBelt","IllusionStar"],"picked":"GalacticHalo","floor":3.0},{"not_picked":["WitchOfGreed","MagicChant","DragonMeteor"],"picked":"SKIP","floor":7.0},{"not_picked":["SatelliteIllusion","EventHorizon"],"picked":"IllusionStar","floor":10.0},{"not_picked":["WitchOfGreed","WitchLeyline"],"picked":"Singularity","floor":11.0},{"not_picked":["WitchOfGreed","SuperPerseids"],"picked":"OneTimeOff","floor":12.0},{"not_picked":["MagicAbsorber","DoubleSpark"],"picked":"DeepEcoloBomb","floor":13.0},{"not_picked":["SatelliteIllusion","MaximisePower"],"picked":"TreasureHunter","floor":16.0},{"not_picked":["SuperPerseids","SporeBomb+1","MysteriousBeam"],"picked":"SKIP","floor":18.0},{"not_picked":["WitchOfGreed","MachineGunSpark+1"],"picked":"GrandCross+1","floor":20.0},{"not_picked":["MachineGunSpark","LuminesStrike"],"picked":"EventHorizon","floor":23.0},{"not_picked":["6A","BlazingStar"],"picked":"StarlightTyphoon","floor":24.0},{"not_picked":["OortCloud","Orbital+1","MachineGunSpark"],"picked":"Singing Bowl","floor":25.0},{"not_picked":["WitchOfGreed+1","PulseMagic"],"picked":"ManaConvection","floor":27},{"not_picked":["AsteroidBelt","WitchLeyline","NonDirectionalLaser"],"picked":"Singing Bowl","floor":28},{"not_picked":["StarlightTyphoon","StarBarrage","GravityBeat"],"picked":"Singing Bowl","floor":30},{"not_picked":["DoubleSpark","DC"],"picked":"OpenUniverse","floor":31},{"not_picked":["UnstableBomb","RefractionSpark","MachineGunSpark"],"picked":"Singing Bowl","floor":32},{"not_picked":["MaximisePower","BigCrunch"],"picked":"EscapeVelocity","floor":33},{"not_picked":["RefractionSpark","DoubleSpark+1"],"picked":"OrrerysSun+1","floor":35},{"not_picked":["EventHorizon+1","DC+1"],"picked":"GalacticHalo+1","floor":36},{"not_picked":["EarthLightRay","LuminesStrike+1","FairyDestructionRay+1"],"picked":"Singing Bowl","floor":37},{"not_picked":["MagicChant+1","GalacticHalo","DC"],"picked":"Singing Bowl","floor":39},{"not_picked":["SuperPerseids+1","MilkyWay","MysteriousBeam+1"],"picked":"Singing Bowl","floor":40}],"player_experience":214976,"relics_obtained":[{"floor":4.0,"key":"Bottled Flame"},{"floor":7.0,"key":"Bag of Preparation"},{"floor":9.0,"key":"Toy Ornithopter"},{"floor":10.0,"key":"Lantern"},{"floor":23.0,"key":"Smiling Mask"},{"floor":23.0,"key":"Singing Bowl"},{"floor":25.0,"key":"Darkstone Periapt"},{"floor":25.0,"key":"Gambling Chip"},{"floor":26.0,"key":"PreservedInsect"},{"floor":28,"key":"Dream Catcher"},{"floor":28,"key":"Pocketwatch"},{"floor":30,"key":"Tiny Chest"},{"floor":30,"key":"ShroomBag"},{"floor":40,"key":"HornCleat"}],"event_choices":[{"cards_removed":["Strike_MRS"],"damage_healed":0.0,"max_hp_gain":0.0,"max_hp_loss":0.0,"gold_gain":0.0,"event_name":"The Cleric","player_choice":"Card Removal","floor":2.0,"gold_loss":50.0,"damage_taken":0.0},{"damage_healed":0.0,"max_hp_gain":0.0,"max_hp_loss":0.0,"gold_gain":75.0,"event_name":"World of Goop","player_choice":"Gather Gold","floor":5.0,"gold_loss":0.0,"damage_taken":11.0},{"damage_healed":0.0,"max_hp_gain":0.0,"max_hp_loss":0.0,"gold_gain":0.0,"event_name":"Living Wall","player_choice":"Grow","floor":14.0,"gold_loss":0.0,"damage_taken":0.0,"cards_upgraded":["OneTimeOff"]},{"damage_healed":0.0,"max_hp_gain":0.0,"max_hp_loss":0.0,"gold_gain":0.0,"event_name":"Lab","player_choice":"Got Potions","floor":19.0,"gold_loss":0.0,"damage_taken":0.0},{"damage_healed":0.0,"max_hp_gain":0.0,"max_hp_loss":0.0,"gold_gain":100.0,"event_name":"The Joust","player_choice":"Bet on Murderer","floor":22.0,"gold_loss":50.0,"damage_taken":0.0},{"damage_healed":0,"gold_gain":0,"player_choice":"Max HP","damage_taken":0,"max_hp_gain":0,"max_hp_loss":5,"event_name":"Winding Halls","floor":38,"gold_loss":0},{"damage_healed":0,"gold_gain":0,"player_choice":"Rummage","damage_taken":0,"relics_obtained":["WarpedTongs"],"max_hp_gain":0,"max_hp_loss":0,"event_name":"Accursed Blacksmith","floor":41,"gold_loss":0,"cards_obtained":["Pain"]}],"is_beta":false,"boss_relics":[{"not_picked":["Pandora\u0027s Box","Coffee Dripper"],"picked":"Snecko Eye"},{"not_picked":["Hololive_Finger","Empty Cage"],"picked":"Fusion Hammer"}],"items_purged_floors":[21,29],"is_endless":false,"potions_floor_spawned":[3,7,10,11,20,24,25,30,33,36,39,40],"killed_by":"Giant Head","ascension_level":1}}