{"host":"pew4fjlaqz7m1maf","time":1608650180,"event":{"mods":["AchievementEnabler","Act Like it!","Bartender","BaseMod","Bestiary","Better Match","Better Note","Block Reminder","Booster Modes","Colored Map","Colored Powertips","Curses Come First","DeckTracker","Duelist Mod","GifTheSpireLib","GungeonMod","Hallownest","Hero for Fun","Hyrulean Relics","Jedi Mod","LagranYue(ùfäiòNÅEåé)","Magitek Elite","MarisaÅiñ∂âJÅ@ñÇóùçπÅj","Melee Mod","Minty Spire (QoL Compilation)","Prisma Mod","Quick Restart","Random Character Button","Rare Cards Sparkle","Relic Stats","Replay The Spire","SOSÅiézîb?îVéqÅj","StSLib","Td1madao Mod","The Animator","The Blue Laboratory","The Bug Knight","The Mystic","The Servant 0.9.4","The Wild Card","TheHero","TheWitcher","Uncapped","Waifu the Spire","Åyå˜î\ModÅz?ñæìIç≈?Boss"],"gold_per_floor":[140,194,254,275,328,328,328,328],"floor_reached":7,"playtime":899,"items_purged":[],"score":45,"play_id":"a897ac26-2fd0-4b58-9189-87df717ce261","local_time":"20201222081620","is_ascension_mode":false,"campfire_choices":[{"floor":6,"key":"REST"}],"circlet_count":0,"master_deck":["Attack_a","Attack_a","Attack_b","Shoot","Shoot","Provocation","Defend_Dante","Defend_Dante","Defend_Dante","Defend_Dante","Redorb","animator:Defend_FullmetalAlchemist","PrismaMod:ChloeCommonDefend","Straight","LucifercomboA","Whiteorb","Greenorb","Rebellion"],"relics":["SSS","Combocheck","LagranYue:RandomDrawCardRelic","DemoMod:Relodestone"],"acts_visited":["Exordium"],"potions_floor_usage":[7],"damage_taken":[{"damage":0,"enemies":"Small Slimes","floor":1,"turns":3},{"damage":2,"enemies":"Jaw Worm","floor":2,"turns":7},{"damage":0,"enemies":"Cultist","floor":3,"turns":5},{"damage":17,"enemies":"Exordium Wildlife","floor":4,"turns":7},{"damage":3,"enemies":"Red Slaver","floor":5,"turns":4},{"damage":80,"enemies":"Gremlin Nob","floor":7,"turns":6}],"seed_played":"3897220318153792166","potions_obtained":[{"floor":5,"key":"Block Potion"}],"is_trial":false,"path_per_floor":["M","M","M","M","M","R","E"],"character_chosen":"DANTE","items_purchased":[],"campfire_rested":1,"item_purchase_floors":[],"current_hp_per_floor":[80,78,78,61,63,80,0,0],"gold":328,"neow_bonus":"ONE_RARE_RELIC","is_daily":false,"chose_seed":false,"campfire_upgraded":0,"win_rate":0.0,"timestamp":1608650180,"path_taken":["M","M","M","M","M","R","E"],"items_purchased_type":[],"build_version":"2020-12-13","purchased_purges":0,"victory":false,"max_hp_per_floor":[80,80,80,80,80,80,80,80],"relic_stats":{"counters":[6,32],"obtain_stats":[{"SSS":0,"LagranYue:RandomDrawCardRelic":0,"DemoMod:Relodestone":0,"DemoMod:GlassGuonStoneRelic":5,"Combocheck":0},{"SSS":0,"LagranYue:RandomDrawCardRelic":0,"DemoMod:Relodestone":0,"DemoMod:GlassGuonStoneRelic":5,"Combocheck":0},{"SSS":0,"LagranYue:RandomDrawCardRelic":0,"DemoMod:Relodestone":0,"DemoMod:GlassGuonStoneRelic":26,"Combocheck":0}]},"card_choices":[{"not_picked":["Whiteorb","EbonyIvory"],"picked":"Straight","floor":1},{"not_picked":["Millionkick","Fullhouse"],"picked":"LucifercomboA","floor":2},{"not_picked":["Millionkick","SSScard"],"picked":"Whiteorb","floor":3},{"not_picked":["Hightime","DT"],"picked":"Greenorb","floor":4},{"not_picked":["Chargeshoot","Greenorb"],"picked":"Rebellion","floor":5}],"player_experience":105216,"relics_obtained":[],"event_choices":[],"is_beta":false,"boss_relics":[],"items_purged_floors":[],"is_endless":false,"potions_floor_spawned":[5],"killed_by":"Gremlin Nob","ascension_level":0}}