{"host":"363c1o4m0ew2jbar","time":1608608378,"event":{"mods":["AchievementEnabler","BaseMod","Better Note","Downfall","Hubris","Minty Spire (QoL Compilation)","StSLib"],"gold_per_floor":[99,110,110,20,20,20,102,102,117,117,133,158,158,185,202,202,202,202],"floor_reached":16,"playtime":448,"items_purged":["Regret"],"score":157,"play_id":"ca8921e9-8abe-4225-a447-62e50f2518d8","local_time":"20201221173938","is_ascension_mode":true,"campfire_choices":[{"data":"Guardian:CurlUp","floor":1,"key":"SMITH"},{"data":"hubris:EnhanceAbility","floor":10,"key":"SMITH"},{"floor":13,"key":"REST"}],"circlet_count":0,"master_deck":["hubris:EnhanceAbility+1","Guardian:Strike_Guardian","Guardian:Strike_Guardian","Guardian:Strike_Guardian","Guardian:Strike_Guardian","Guardian:Defend_Guardian+1","Guardian:Defend_Guardian","Guardian:Defend_Guardian","Guardian:Defend_Guardian+1","Guardian:CurlUp+1","Guardian:TwinSlam","Regret","Guardian:Recover","Guardian:RevengeProtocol","Guardian:PiercingHide","Guardian:EvasiveProtocol","Guardian:Gem_Crimson"],"relics":["Guardian:ModeShifter","Turnip","War Paint","hubris:Towel","hubris:Icosahedron","InkBottle","WingedGreaves","Eternal Feather"],"acts_visited":["Exordium"],"potions_floor_usage":[4,12,14,16,16],"damage_taken":[{"damage":1,"enemies":"Small Slimes","floor":2,"turns":3},{"damage":10,"enemies":"downfall:FleeingMerchant","floor":4,"turns":4},{"damage":12,"enemies":"Cultist","floor":9,"turns":4},{"damage":4,"enemies":"Jaw Worm","floor":11,"turns":4},{"damage":19,"enemies":"Gremlin Nob","floor":12,"turns":4},{"damage":29,"enemies":"Lagavulin","floor":14,"turns":6},{"damage":7,"enemies":"Red Slaver","floor":15,"turns":4},{"damage":19,"enemies":"downfall:Silent","floor":16,"turns":4}],"seed_played":"-7732049448372776865","potions_obtained":[{"floor":2,"key":"SneckoOil"},{"floor":9,"key":"Fire Potion"},{"floor":12,"key":"FearPotion"},{"floor":15,"key":"EssenceOfSteel"}],"is_trial":false,"path_per_floor":["R","M","?","$","?","?","T","?","M","R","M","E","R","E","M","B"],"character_chosen":"GUARDIAN","items_purchased":[],"campfire_rested":1,"item_purchase_floors":[],"current_hp_per_floor":[72,71,71,61,61,61,61,61,49,49,45,26,50,21,14,0,0,0],"gold":202,"neow_bonus":"ONE_RARE_RELIC","is_daily":false,"chose_seed":false,"campfire_upgraded":2,"win_rate":0.0,"timestamp":1608608378,"path_taken":["R","M","?","$","?","?","T","?","M","R","M","E","R","E","M","BOSS"],"items_purchased_type":[],"build_version":"2020-12-13","purchased_purges":1,"victory":false,"max_hp_per_floor":[80,80,80,80,80,80,80,80,80,80,80,80,80,80,80,80,80,80],"card_choices":[{"not_picked":["Guardian:PrimingBeam","Guardian:RollAttack"],"picked":"Guardian:Gem_Fragmented","floor":2},{"not_picked":["Guardian:WalkerClaw","Guardian:Gem_Green","Guardian:GemFinder"],"picked":"SKIP","floor":4},{"not_picked":["Guardian:VentSteam","Guardian:TemporalStrike"],"picked":"Guardian:Recover","floor":9},{"not_picked":["Guardian:TimeBomb","Guardian:MultiBeam"],"picked":"Guardian:RevengeProtocol","floor":11},{"not_picked":["Guardian:Gem_Red","Guardian:TemporalStrike"],"picked":"Guardian:PiercingHide","floor":12},{"not_picked":["Guardian:Gem_Lightblue","Guardian:ExploitGems"],"picked":"Guardian:EvasiveProtocol","floor":14},{"not_picked":["Guardian:ShieldCharger","Guardian:GuardianWhirl"],"picked":"Guardian:Gem_Crimson","floor":15}],"player_experience":1135728,"relics_obtained":[{"floor":7,"key":"InkBottle"},{"floor":12,"key":"WingedGreaves"},{"floor":14,"key":"Eternal Feather"}],"event_choices":[{"damage_healed":0,"gold_gain":0,"player_choice":"Box","damage_taken":0,"relics_obtained":["War Paint"],"max_hp_gain":0,"max_hp_loss":0,"event_name":"Big Fish","floor":3,"gold_loss":0,"cards_obtained":["Regret"]}],"is_beta":false,"boss_relics":[],"items_purged_floors":[4],"is_endless":false,"potions_floor_spawned":[2,9,12,15],"killed_by":"downfall:Silent","ascension_level":9}}