{"host":"Aysed","time":1608633669,"event":{"mods":["AchievementEnabler","BaseMod","Colored Powertips","Faster Ascension Climbing","Minty Spire (QoL Compilation)","Quick Restart","StSLib","SuperFastMode"],"gold_per_floor":[118,293,593,613,538,538,538,557,557,557,588,588,611,632,632,751,751,769,1219,1233,370,391,391,405,405,405],"floor_reached":25,"playtime":644,"items_purged":["Doubt","Strike_G"],"score":228,"play_id":"fd093915-4fd2-400d-a236-d80de655b808","local_time":"20201222114109","is_ascension_mode":false,"campfire_choices":[{"data":"Neutralize","floor":10.0,"key":"SMITH"},{"data":"Noxious Fumes","floor":15.0,"key":"SMITH"},{"data":"Catalyst","floor":23.0,"key":"SMITH"}],"circlet_count":0,"master_deck":["Strike_G","Strike_G+1","Strike_G","Strike_G","Defend_G","Defend_G+1","Defend_G","Defend_G","Defend_G","Neutralize+1","Backflip","Noxious Fumes+1","Burst","Catalyst+1","Noxious Fumes"],"relics":["Ring of the Snake","NeowsBlessing","Old Coin","Golden Idol","Sundial","Paper Crane","Black Star","TwistedFunnel","HornCleat","Eternal Feather"],"acts_visited":["Exordium","TheCity"],"potions_floor_usage":[],"damage_taken":[{"damage":0.0,"enemies":"2 Louse","floor":1.0,"turns":1.0},{"damage":0.0,"enemies":"Jaw Worm","floor":4.0,"turns":1.0},{"damage":0.0,"enemies":"Small Slimes","floor":8.0,"turns":1.0},{"damage":29.0,"enemies":"Gremlin Nob","floor":11.0,"turns":6.0},{"damage":0.0,"enemies":"Red Slaver","floor":13.0,"turns":5.0},{"damage":8.0,"enemies":"3 Louse","floor":14.0,"turns":5.0},{"damage":1.0,"enemies":"The Guardian","floor":16.0,"turns":10.0},{"damage":1.0,"enemies":"Shell Parasite","floor":18.0,"turns":9.0},{"damage":12.0,"enemies":"3 Byrds","floor":20.0,"turns":5.0},{"damage":7.0,"enemies":"Shelled Parasite and Fungi","floor":22.0,"turns":6.0},{"damage":0,"enemies":"Sentry and Sphere","floor":24,"turns":5},{"damage":13,"enemies":"3 Cultists","floor":25,"turns":3}],"seed_played":"-1793673816687643214","potions_obtained":[{"floor":8.0,"key":"AttackPotion"},{"floor":13.0,"key":"Block Potion"},{"floor":22.0,"key":"Ancient Potion"},{"floor":24,"key":"CunningPotion"}],"is_trial":false,"path_per_floor":["M","?","T","M","$","?","?","M","T","R","E","?","M","M","R","B",null,"M","?","M","$","M","R","M","M"],"character_chosen":"THE_SILENT","items_purchased":["TwistedFunnel","HornCleat","Eternal Feather","Noxious Fumes","Block Potion"],"campfire_rested":0,"item_purchase_floors":[21,21,21,21,21],"current_hp_per_floor":[70,70,70,70,70,53,39,39,39,39,10,10,10,2,2,1,70,69,23,11,11,4,13,13,0,0],"gold":405,"neow_bonus":"THREE_ENEMY_KILL","is_daily":false,"chose_seed":false,"campfire_upgraded":3,"win_rate":0.0,"timestamp":1608633669,"path_taken":["M","?","?","M","$","?","?","M","T","R","E","?","?","M","R","BOSS","M","?","M","$","M","R","M","M"],"items_purchased_type":["Relic","Relic","Relic","Card","Potion"],"build_version":"2020-12-18","purchased_purges":2,"victory":false,"max_hp_per_floor":[70,70,70,70,70,70,70,70,70,70,70,70,70,70,70,70,70,70,70,70,70,70,70,70,70,70],"card_choices":[{"not_picked":["Quick Slash","PiercingWail","Flying Knee"],"picked":"SKIP","floor":1.0},{"not_picked":["Eviscerate","Dodge and Roll","Deflect"],"picked":"SKIP","floor":4.0},{"not_picked":["Finisher","Blade Dance"],"picked":"Backflip","floor":8.0},{"not_picked":["Choke","Finisher","Outmaneuver"],"picked":"SKIP","floor":11.0},{"not_picked":["Poisoned Stab","Slice"],"picked":"Noxious Fumes","floor":13.0},{"not_picked":["Prepared","Terror","PiercingWail"],"picked":"SKIP","floor":14.0},{"not_picked":["Glass Knife","Wraith Form v2"],"picked":"Burst","floor":16.0},{"not_picked":["Underhanded Strike","Dagger Spray"],"picked":"Catalyst","floor":18.0},{"not_picked":["Skewer","Dagger Throw","Sucker Punch"],"picked":"SKIP","floor":20.0},{"not_picked":["Blur+1","Calculated Gamble+1","Expertise"],"picked":"SKIP","floor":22.0},{"not_picked":["Reflex","Flying Knee","Dagger Spray"],"picked":"SKIP","floor":24}],"player_experience":43794,"relics_obtained":[{"floor":3.0,"key":"Old Coin"},{"floor":9.0,"key":"Sundial"},{"floor":11.0,"key":"Paper Crane"}],"event_choices":[{"damage_healed":0.0,"max_hp_gain":0.0,"max_hp_loss":0.0,"gold_gain":175.0,"event_name":"Liars Game","player_choice":"AGREE","floor":2.0,"gold_loss":0.0,"damage_taken":0.0,"cards_obtained":["Doubt"]},{"damage_healed":0.0,"max_hp_gain":0.0,"max_hp_loss":0.0,"gold_gain":0.0,"event_name":"Golden Idol","player_choice":"Take Damage","floor":6.0,"gold_loss":0.0,"damage_taken":17.0,"relics_obtained":["Golden Idol"]},{"damage_healed":0.0,"max_hp_gain":0.0,"max_hp_loss":0.0,"gold_gain":0.0,"event_name":"Shining Light","player_choice":"Entered Light","floor":7.0,"gold_loss":0.0,"damage_taken":14.0,"cards_upgraded":["Defend_G","Strike_G"]},{"cards_removed":["Survivor"],"damage_healed":0.0,"max_hp_gain":0.0,"max_hp_loss":0.0,"gold_gain":0.0,"event_name":"Bonfire Elementals","player_choice":"Offered Basic","floor":12.0,"gold_loss":0.0,"damage_taken":0.0},{"damage_healed":0.0,"max_hp_gain":0.0,"max_hp_loss":0.0,"gold_gain":450.0,"event_name":"Knowing Skull","player_choice":"GOLD GOLD GOLD GOLD GOLD ","floor":19.0,"potions_obtained":[],"gold_loss":0.0,"damage_taken":46.0,"cards_obtained":[]}],"is_beta":true,"boss_relics":[{"not_picked":["Calling Bell","Coffee Dripper"],"picked":"Black Star"}],"items_purged_floors":[5,21],"is_endless":false,"potions_floor_spawned":[8,13,22,24],"killed_by":"3 Cultists","ascension_level":0}}