{"host":"etaq29tqikxfqxk8","time":1608598465,"event":{"mods":["AchievementEnabler","BaseMod","Better Third Choice","BetterRewards","Colored Map","Colored Powertips","Minty Spire (QoL Compilation)","Rare Cards Sparkle","Shop Mod","StSLib","yUi"],"gold_per_floor":[111,111,111,111,125,154,154,169,169,143,143,175,175,187,187,187,187],"floor_reached":16,"playtime":787,"items_purged":[],"score":133,"play_id":"2c548f99-0296-4ff7-817a-3dbcaf19db10","local_time":"20201222015425","is_ascension_mode":false,"campfire_choices":[{"data":"Crippling Poison","floor":7,"key":"SMITH"},{"floor":15,"key":"REST"}],"circlet_count":0,"master_deck":["Strike_G","Strike_G","Strike_G","Strike_G","Strike_G","Defend_G","Defend_G","Defend_G","Defend_G","Defend_G","Survivor","Neutralize","Dagger Spray","Poisoned Stab","Crippling Poison+1","PiercingWail","Poisoned Stab+1","Dagger Throw+1","Deadly Poison+1"],"relics":["Ring of the Snake","NeowsBlessing","Mummified Hand","Molten Egg 2","Letter Opener","Toxic Egg 2"],"acts_visited":["Exordium"],"potions_floor_usage":[16,16],"damage_taken":[{"damage":0,"enemies":"2 Louse","floor":1,"turns":1},{"damage":0,"enemies":"Small Slimes","floor":5,"turns":1},{"damage":0,"enemies":"Gremlin Nob","floor":6,"turns":1},{"damage":4,"enemies":"Cultist","floor":8,"turns":3},{"damage":20,"enemies":"3 Sentries","floor":12,"turns":6},{"damage":8,"enemies":"Large Slime","floor":14,"turns":5},{"damage":60,"enemies":"Slime Boss","floor":16,"turns":11}],"seed_played":"8476398643430559791","potions_obtained":[{"floor":5,"key":"Energy Potion"},{"floor":6,"key":"LiquidMemories"},{"floor":12,"key":"SpeedPotion"}],"is_trial":false,"path_per_floor":["M","?","?","?","M","E","R","M","T","$","?","E","?","M","R","B"],"character_chosen":"THE_SILENT","items_purchased":["Poisoned Stab+1"],"campfire_rested":1,"item_purchase_floors":[10],"current_hp_per_floor":[70,70,70,63,63,63,63,59,59,59,64,44,44,36,58,0,0],"gold":187,"neow_bonus":"THREE_ENEMY_KILL","is_daily":false,"chose_seed":false,"campfire_upgraded":1,"win_rate":0.0,"timestamp":1608598465,"path_taken":["M","?","?","?","M","E","R","M","T","$","?","E","?","M","R","BOSS"],"items_purchased_type":["Card"],"build_version":"2020-12-13","purchased_purges":0,"victory":false,"max_hp_per_floor":[70,70,70,70,70,70,70,70,70,70,75,75,75,75,75,75,75],"card_choices":[{"not_picked":["Calculated Gamble","Skewer"],"picked":"Dagger Spray","floor":1},{"not_picked":["Dagger Throw","Slice"],"picked":"Poisoned Stab","floor":5},{"not_picked":["Prepared","Underhanded Strike+1"],"picked":"Crippling Poison","floor":6},{"not_picked":["Slice+1","Malaise"],"picked":"PiercingWail","floor":8},{"not_picked":["Acrobatics+1","Blur+1"],"picked":"Dagger Throw+1","floor":12},{"not_picked":["Slice+1","Footwork"],"picked":"Deadly Poison+1","floor":14}],"player_experience":19800,"relics_obtained":[{"floor":6,"key":"Molten Egg 2"},{"floor":9,"key":"Letter Opener"},{"floor":12,"key":"Toxic Egg 2"}],"event_choices":[{"damage_healed":0,"gold_gain":0,"player_choice":"Ignored","damage_taken":0,"max_hp_gain":0,"max_hp_loss":0,"event_name":"Golden Wing","floor":2,"gold_loss":0},{"damage_healed":0,"gold_gain":0,"player_choice":"Leave","damage_taken":0,"max_hp_gain":0,"max_hp_loss":0,"event_name":"The Cleric","floor":3,"gold_loss":0},{"damage_healed":0,"gold_gain":0,"player_choice":"Relic ","damage_taken":7,"max_hp_gain":0,"max_hp_loss":0,"event_name":"betterThird:BetterScrap","floor":4,"gold_loss":0,"cards_obtained":["Chill"]},{"damage_healed":0,"gold_gain":0,"player_choice":"Donut","damage_taken":0,"max_hp_gain":5,"max_hp_loss":0,"event_name":"Big Fish","floor":11,"gold_loss":0},{"damage_healed":0,"gold_gain":0,"player_choice":"Ignored","damage_taken":0,"max_hp_gain":0,"max_hp_loss":0,"event_name":"Transmorgrifier","floor":13,"gold_loss":0}],"is_beta":false,"boss_relics":[],"items_purged_floors":[],"is_endless":false,"potions_floor_spawned":[5,6,12,14],"killed_by":"Slime Boss","ascension_level":0}}