{"host":"y8hg8nbtd8qkv7tj","time":1608604792,"event":{"mods":["AchievementEnabler","Aspiration","BaseMod","BetterRewards","CapriCore","Colored Map","Downfall","Friendly Minions","GifTheSpireLib","GungeonMod","Hubris","Lobotomy","Minty Spire (QoL Compilation)","Replay The Spire","StSLib","The Animator","The Bladedancer","The Death Knight"],"gold_per_floor":[111,126,145,145,160,160,160,173,173,187,205,49,76,91,91,190,190,190,43,43,62,62,62,62,62,62,62,75,94,110,126,126,204,204,181,174,174,43,62,62,62,94,94,120,132,151,163,181,181,38],"floor_reached":51,"playtime":8688,"items_purged":[],"score":965,"play_id":"b99f8904-246f-40a5-b41e-d6b47bd11363","local_time":"20201221213952","daily_mods":["Vintage","Heirloom","Time Dilation","Flight","DeadlyEvents","Elite Swarm"],"is_ascension_mode":false,"campfire_choices":[{"floor":23,"key":"REST"},{"data":"DevaForm","floor":49,"key":"SMITH"}],"circlet_count":0,"master_deck":["ApocalypseBird","PunishingBird","LongBird","BigBird","Demon Form","Wraith Form v2","Echo Form","DevaForm+1","hexamod:ParanormalForm","sneckomod:SerpentMind","Guardian:ConstructionForm","Slimebound:DuplicatedForm","DemoMod:GunslingerForm","SpecialBullet","SpecialBullet","SpecialBullet","SpecialBullet","SpecialBullet","SpecialBullet","SpecialBullet","SpecialBullet","TrainingCode","SecurityCode","ControlCode","Wellcheers","InformationCode","OldLady","GoldRush","BlueStar","LittleHelper","DisciplinaryCode","ParadiseLost+1","Gash+1","Mercenary","TT2Protocol","SummonCall","Freischutz","SingingMachine","Adoration","DespairKnight","FieryBird","BigBadWolf","SnowQueen","Echo Form+1","QueenBee","GoldRush","GreedKing","BodiesMountain","MeltingLove","LaLuna","Scorched"],"relics":["CogitoBucket","Turnip","Replay:Rubber Ducky","StoneCalendar","aspiration:FrozenJewel","hubris:ToyBattleship","Bottled Tornado","hubris:TenFootPole","Frozen Egg 2","Guardian:PocketSentry","ChangeAnything","Potion Belt","aspiration:AnachronicSnailShell","aspiration:StickyExplosives","aspiration:DefectSkillbook","Twilight","ReplayFunnel","Boot","AspirationHeart","aspiration:ArtOfWarUpgrade","Vajra","Snack Pack","Replay:Bottled Eggs","DemoMod:DecoyRelic","sneckomod:SneckoTalon","AtMidnight","Replay:Mystery Machine","BehaviorAdjustment","FossilizedHelix","Replay:Wax Seal","hubris:PeanutButter","Gremlin Food","DemoMod:GundromedaStrain","Omamori","hubris:DeckOfHolding","DemoMod:PinkGuonStone","The Courier","Replay:Towering Pillar of Hats"],"acts_visited":["Exordium","TheCity","TheBeyond"],"potions_floor_usage":[18,39,50,50,50],"damage_taken":[{"damage":3,"enemies":"Small Slimes","floor":1,"turns":3},{"damage":6,"enemies":"2 Louse","floor":2,"turns":3},{"damage":2,"enemies":"Jaw Worm","floor":3,"turns":3},{"damage":27,"enemies":"Blue Slaver","floor":5,"turns":5},{"damage":0,"enemies":"Large Slime","floor":8,"turns":3},{"damage":7,"enemies":"Exordium Wildlife","floor":10,"turns":7},{"damage":16,"enemies":"Exordium Thugs","floor":11,"turns":5},{"damage":15,"enemies":"Lagavulin","floor":13,"turns":5},{"damage":1,"enemies":"Red Slaver","floor":14,"turns":2},{"damage":0,"enemies":"Slime Boss","floor":16,"turns":5},{"damage":28,"enemies":"Shell Parasite","floor":18,"turns":5},{"damage":41,"enemies":"Shell Parasite","floor":21,"turns":4},{"damage":0,"enemies":"Spheric Guardian","floor":28,"turns":2},{"damage":0,"enemies":"Snecko","floor":29,"turns":2},{"damage":4,"enemies":"Cultist and Chosen","floor":30,"turns":3},{"damage":6,"enemies":"Snake Plant","floor":31,"turns":2},{"damage":9,"enemies":"Collector","floor":33,"turns":3},{"damage":8,"enemies":"3 Darklings","floor":35,"turns":6},{"damage":18,"enemies":"3 Shapes","floor":36,"turns":2},{"damage":7,"enemies":"Jaw Worm Horde","floor":39,"turns":3},{"damage":0,"enemies":"R_Hoarder","floor":42,"turns":3},{"damage":0,"enemies":"Nemesis","floor":44,"turns":3},{"damage":0,"enemies":"3 Darklings","floor":45,"turns":2},{"damage":0,"enemies":"Writhing Mass","floor":46,"turns":2},{"damage":0,"enemies":"Jaw Worm Horde","floor":47,"turns":2},{"damage":0,"enemies":"Spire Growth","floor":48,"turns":2},{"damage":117,"enemies":"hubris:GrandSnecko","floor":50,"turns":3},{"damage":0,"enemies":"Malkuth","floor":51,"turns":2},{"damage":74,"enemies":"Netzach","floor":51,"turns":4},{"damage":19,"enemies":"Geburah","floor":51,"turns":6},{"damage":139,"enemies":"Binah","floor":51,"turns":8},{"damage":130,"enemies":"Angela","floor":51,"turns":4}],"seed_played":"-5819478794995841559","potions_obtained":[{"floor":16,"key":"Energy Potion"},{"floor":33,"key":"SpeedPotion"},{"floor":35,"key":"Languid Potion"},{"floor":35,"key":"Milkshake"}],"is_trial":true,"path_per_floor":["M","M","M","?","M","R","R","M","T","M","M","$","E","M","R","B",null,"M","$","?","M","?","R","R","R","T","R","M","M","M","M","R_BF","B",null,"M","M","?","$","M","R","R","E","T","E","M","M","M","M","R","B",null],"character_chosen":"Angela","items_purchased":["ParadiseLost","ReplayFunnel","Replay:Wax Seal","SkillPotion"],"campfire_rested":1,"item_purchase_floors":[12,19,38,38],"current_hp_per_floor":[70,70,70,67,53,53,53,64,64,70,70,70,78,82,82,86,86,70,70,70,46,46,76,76,76,76,76,91,99,108,108,108,112,112,116,110,110,110,122,122,122,128,128,132,136,147,151,155,155,62],"gold":18,"neow_bonus":"","is_daily":false,"chose_seed":false,"campfire_upgraded":1,"win_rate":0.0,"timestamp":1608604792,"path_taken":["M","M","M","?","M","R","R","M","T","M","M","$","E","M","R","BOSS","M","$","?","M","?","R","R","R","T","R","M","M","M","M","R_BF","BOSS","M","M","?","$","M","R","R","E","T","E","M","M","M","M","R","BOSS"],"items_purchased_type":["Card","Relic","Relic","Potion"],"build_version":"2020-12-13","purchased_purges":0,"victory":true,"max_hp_per_floor":[70,70,70,70,70,70,70,70,70,70,74,74,78,82,82,86,86,90,90,90,100,100,100,100,100,100,100,104,104,108,108,108,112,112,116,120,120,120,124,124,124,128,128,132,136,147,151,155,155,155],"card_choices":[{"not_picked":["ShyLook","GalaxyChild"],"picked":"Wellcheers","floor":1},{"not_picked":["OSAHOGD","WallGazer"],"picked":"BigBird","floor":2},{"not_picked":["MHz","Porccubus"],"picked":"PunishingBird","floor":3},{"not_picked":["LittleHelper","CrumblingArmor"],"picked":"OldLady","floor":11},{"not_picked":["TheSmile"],"picked":"GoldRush","floor":13},{"not_picked":["WallGazer","MHz"],"picked":"BlueStar","floor":13},{"not_picked":["UniverseFragment","VoidDream"],"picked":"LittleHelper","floor":14},{"not_picked":["GoldRush"],"picked":"ParadiseLost","floor":16},{"not_picked":["Murderer","SpiderBud"],"picked":"LongBird","floor":16},{"not_picked":["ShedSkin+1","Pleasure"],"picked":"Gash+1","floor":18},{"not_picked":["Bloodbath","CherryBlossoms"],"picked":"Mercenary","floor":18},{"not_picked":["WallGazer","MHz"],"picked":"Freischutz","floor":28},{"not_picked":["LittlePrince","BeautyBeast"],"picked":"SingingMachine","floor":30},{"not_picked":["Machine Learning+1","TheSmile"],"picked":"Adoration","floor":33},{"not_picked":["WhitesApple","Rudolta"],"picked":"DespairKnight","floor":33},{"not_picked":["Funeral","SpiderBud"],"picked":"FieryBird","floor":35},{"not_picked":["NothingThere","LittlePrince"],"picked":"BigBadWolf","floor":36},{"not_picked":["MeltingLove","Laetitia"],"picked":"SnowQueen","floor":39},{"not_picked":["Seek","Multi-Cast"],"picked":"Echo Form+1","floor":42},{"not_picked":["DreamingCurrent","Bloodbath"],"picked":"QueenBee","floor":42},{"not_picked":["Buffer+1","Amplify"],"picked":"GoldRush","floor":44},{"not_picked":["CherryBlossoms","HeroicMonk"],"picked":"GreedKing","floor":44},{"not_picked":["LittlePrince","Laetitia"],"picked":"BodiesMountain","floor":45},{"not_picked":["HappyTeddy","Variant"],"picked":"MeltingLove","floor":46},{"not_picked":["DreamingCurrent","QueenOfHatred"],"picked":"LaLuna","floor":47},{"not_picked":["Laetitia","HeroicMonk"],"picked":"Scorched","floor":48}],"player_experience":70978,"relics_obtained":[{"floor":1,"key":"Replay:Rubber Ducky"},{"floor":2,"key":"StoneCalendar"},{"floor":3,"key":"aspiration:FrozenJewel"},{"floor":5,"key":"Bottled Tornado"},{"floor":8,"key":"hubris:TenFootPole"},{"floor":9,"key":"Frozen Egg 2"},{"floor":10,"key":"Guardian:PocketSentry"},{"floor":11,"key":"Potion Belt"},{"floor":13,"key":"aspiration:AnachronicSnailShell"},{"floor":14,"key":"aspiration:StickyExplosives"},{"floor":18,"key":"Twilight"},{"floor":21,"key":"Boot"},{"floor":26,"key":"Art of War"},{"floor":28,"key":"Vajra"},{"floor":29,"key":"Snack Pack"},{"floor":30,"key":"Replay:Bottled Eggs"},{"floor":31,"key":"DemoMod:DecoyRelic"},{"floor":35,"key":"AtMidnight"},{"floor":35,"key":"DemoMod:WeirdEgg"},{"floor":36,"key":"FossilizedHelix"},{"floor":39,"key":"hubris:PeanutButter"},{"floor":42,"key":"Gremlin Food"},{"floor":43,"key":"DemoMod:GundromedaStrain"},{"floor":44,"key":"Omamori"},{"floor":45,"key":"hubris:DeckOfHolding"},{"floor":46,"key":"DemoMod:PinkGuonStone"},{"floor":47,"key":"The Courier"},{"floor":48,"key":"Replay:Towering Pillar of Hats"}],"event_choices":[{"damage_healed":0,"gold_gain":0,"player_choice":"Success","damage_taken":3,"relics_obtained":["hubris:ToyBattleship"],"max_hp_gain":0,"max_hp_loss":0,"event_name":"Scrap Ooze","floor":4,"gold_loss":0},{"damage_healed":0,"gold_gain":0,"player_choice":"Simplicity","damage_taken":0,"max_hp_gain":0,"max_hp_loss":0,"event_name":"Back to Basics","floor":22,"gold_loss":0,"cards_upgraded":[]}],"is_beta":false,"boss_relics":[{"not_picked":["Fusion Hammer","Abe\u0027s Treasure"],"picked":"aspiration:DefectSkillbook"},{"not_picked":["Replay:Bronze Core","hubris:Stopwatch"],"picked":"sneckomod:SneckoTalon"}],"items_purged_floors":[],"is_endless":false,"potions_floor_spawned":[16,33],"ascension_level":0}}