{"host":"Aysed","time":1608659421,"event":{"mods":["AchievementEnabler","BaseMod","Colored Powertips","Faster Ascension Climbing","Minty Spire (QoL Compilation)","Quick Restart","StSLib","SuperFastMode"],"gold_per_floor":[116,116,135,149,249,249,260,260,260,278,278,126,126,139,139,234,234,253,352,352,365,365,365,365],"floor_reached":23,"playtime":485,"items_purged":["Defend_G"],"score":256,"play_id":"4dc12716-0f58-440e-ab13-2b1e558f0821","local_time":"20201222185021","is_ascension_mode":false,"campfire_choices":[{"data":"Neutralize","floor":6,"key":"SMITH"},{"data":"Quick Slash","floor":8,"key":"SMITH"},{"data":"Backflip","floor":11,"key":"SMITH"},{"data":"Expertise","floor":13,"key":"SMITH"},{"data":"Backflip","floor":15,"key":"SMITH"}],"circlet_count":0,"master_deck":["Strike_G","Strike_G","Strike_G","Strike_G","Defend_G","Defend_G","Defend_G","Defend_G","Survivor","Neutralize+1","Quick Slash+1","Backflip+1","Expertise+1","Backflip+1","Corpse Explosion"],"relics":["Ring of the Snake","NeowsBlessing","Kunai","Sozu","Molten Egg 2"],"acts_visited":["Exordium","TheCity"],"potions_floor_usage":[],"damage_taken":[{"damage":0,"enemies":"Small Slimes","floor":1,"turns":1},{"damage":0,"enemies":"Cultist","floor":3,"turns":3},{"damage":0,"enemies":"2 Louse","floor":4,"turns":3},{"damage":5,"enemies":"Exordium Thugs","floor":7,"turns":7},{"damage":0,"enemies":"Large Slime","floor":10,"turns":9},{"damage":0,"enemies":"Looter","floor":14,"turns":4},{"damage":0,"enemies":"Hexaghost","floor":16,"turns":8},{"damage":0,"enemies":"Shell Parasite","floor":18,"turns":3},{"damage":15,"enemies":"Chosen","floor":21,"turns":8},{"damage":0,"enemies":"Gremlin Leader","floor":23,"turns":3}],"seed_played":"-9051121658228277681","potions_obtained":[{"floor":1,"key":"Dexterity Potion"},{"floor":3,"key":"Regen Potion"},{"floor":7,"key":"LiquidMemories"}],"is_trial":false,"path_per_floor":["M","?","M","M","?","R","M","R","T","M","R","$","R","M","R","B",null,"M","?","?","M","?","E"],"character_chosen":"THE_SILENT","items_purchased":["Expertise"],"campfire_rested":0,"item_purchase_floors":[12],"current_hp_per_floor":[70,70,70,70,70,70,65,65,65,65,65,65,65,65,65,65,70,70,70,70,55,55,55,55],"gold":365,"neow_bonus":"THREE_ENEMY_KILL","is_daily":false,"chose_seed":false,"campfire_upgraded":5,"win_rate":0.0,"timestamp":1608659421,"path_taken":["M","?","?","M","?","R","M","R","T","M","R","?","R","?","R","BOSS","M","?","?","M","?","E"],"items_purchased_type":["Card"],"build_version":"2020-12-18","purchased_purges":1,"victory":false,"max_hp_per_floor":[70,70,70,70,70,70,70,70,70,70,70,70,70,70,70,70,70,70,70,70,70,70,70,70],"card_choices":[{"not_picked":["Backstab","Footwork","Underhanded Strike"],"picked":"SKIP","floor":1},{"not_picked":["Dagger Throw","Caltrops","Quick Slash"],"picked":"SKIP","floor":3},{"not_picked":["Riddle With Holes","Sucker Punch","Dagger Spray"],"picked":"SKIP","floor":4},{"not_picked":["Deflect","Dagger Throw"],"picked":"Quick Slash","floor":7},{"not_picked":["Deflect","Underhanded Strike"],"picked":"Backflip","floor":10},{"not_picked":["Dagger Throw","Blur"],"picked":"Backflip","floor":14},{"not_picked":["Glass Knife","Phantasmal Killer"],"picked":"Corpse Explosion","floor":16},{"not_picked":["Footwork+1","Escape Plan","Prepared"],"picked":"SKIP","floor":18},{"not_picked":["Masterful Stab+1","Skewer+1","Dagger Throw+1"],"picked":"SKIP","floor":21}],"player_experience":44910,"relics_obtained":[{"floor":9,"key":"Kunai"}],"event_choices":[{"cards_removed":["Strike_G"],"damage_healed":0,"gold_gain":0,"player_choice":"Purged","damage_taken":0,"max_hp_gain":0,"max_hp_loss":0,"event_name":"Purifier","floor":2,"gold_loss":0},{"damage_healed":0,"gold_gain":100,"player_choice":"Pray","damage_taken":0,"max_hp_gain":0,"max_hp_loss":0,"event_name":"Golden Shrine","floor":5,"gold_loss":0},{"damage_healed":0,"gold_gain":99,"player_choice":"Stole From Cult","damage_taken":0,"max_hp_gain":0,"max_hp_loss":0,"event_name":"Nest","floor":19,"gold_loss":0},{"damage_healed":0,"gold_gain":0,"player_choice":"Opened","damage_taken":0,"relics_obtained":["Molten Egg 2"],"max_hp_gain":0,"max_hp_loss":0,"event_name":"The Mausoleum","floor":20,"gold_loss":0},{"damage_healed":0,"gold_gain":0,"player_choice":"Ignored","damage_taken":0,"max_hp_gain":0,"max_hp_loss":0,"event_name":"Vampires","floor":22,"gold_loss":0}],"is_beta":true,"boss_relics":[{"not_picked":["Ring of the Serpent","Coffee Dripper"],"picked":"Sozu"}],"items_purged_floors":[12],"is_endless":false,"potions_floor_spawned":[1,3,7,10,21],"killed_by":"Gremlin Leader","ascension_level":0}}