{"host":"o7j6aatxjwpw1421","time":1608664760,"event":{"mods":["2.2 Compatiblity","BaseMod","Colored Map","DeckTracker","Highlight Path","Keyboard Shortcuts","Minty Spire (QoL Compilation)","Permanent Neow","Quick Restart","StSLib","SuperFastMode","everything is the same but u backflip on backflip"],"gold_per_floor":[115,115,115,127,10,10,10,45,45,45,45,55,65,84,84,180,180,193,193,193,50,65,65,65,77,77,77,110,110,110],"floor_reached":29,"playtime":1086,"items_purged":["Defend_R"],"score":362,"play_id":"0bf50463-48cb-423a-b0f6-c1db1211f90f","local_time":"20201223041920","is_ascension_mode":true,"campfire_choices":[{"data":"Armaments","floor":6.0,"key":"SMITH"},{"floor":10.0,"key":"REST"},{"data":"Barricade","floor":15.0,"key":"SMITH"},{"floor":23,"key":"REST"},{"data":"Entrench","floor":27,"key":"SMITH"}],"circlet_count":0,"master_deck":["AscendersBane","Defend_R","Defend_R","Bash","Immolate+1","Armaments+1","Body Slam+1","Second Wind","Feel No Pain","Carnage","Evolve","Sever Soul","Barricade+1","Entrench+1","Second Wind","Reckless Charge","Fire Breathing","Power Through"],"relics":["Burning Blood","Juzu Bracelet","Orichalcum","Empty Cage","Enchiridion","Tiny Chest","Singing Bowl"],"acts_visited":["Exordium","TheCity"],"potions_floor_usage":[22,25,29],"damage_taken":[{"damage":0.0,"enemies":"Small Slimes","floor":1.0,"turns":2.0},{"damage":0.0,"enemies":"Cultist","floor":4.0,"turns":2.0},{"damage":46.0,"enemies":"Lagavulin","floor":8.0,"turns":8.0},{"damage":2.0,"enemies":"Jaw Worm","floor":12.0,"turns":2.0},{"damage":17.0,"enemies":"3 Louse","floor":13.0,"turns":3.0},{"damage":0.0,"enemies":"Large Slime","floor":14.0,"turns":4.0},{"damage":30.0,"enemies":"Slime Boss","floor":16.0,"turns":10.0},{"damage":27.0,"enemies":"3 Byrds","floor":18.0,"turns":5.0},{"damage":27,"enemies":"2 Thieves","floor":22,"turns":4},{"damage":9,"enemies":"Chosen and Byrds","floor":25,"turns":6},{"damage":17,"enemies":"Gremlin Leader","floor":28,"turns":6},{"damage":23,"enemies":"Colosseum Slavers","floor":29,"turns":2}],"seed_played":"1582024398674905935","potions_obtained":[{"floor":8.0,"key":"FearPotion"},{"floor":13.0,"key":"FearPotion"},{"floor":14.0,"key":"Energy Potion"},{"floor":28,"key":"Dexterity Potion"}],"is_trial":false,"path_per_floor":["M","?","?","M","$","R","?","E","T","R","?","M","M","M","R","B",null,"M","?","?","$","M","R","?","M","T","R","E","?"],"character_chosen":"IRONCLAD","items_purchased":["Second Wind","Feel No Pain","Fire Breathing"],"campfire_rested":2,"item_purchase_floors":[5,5,21],"current_hp_per_floor":[78,71,71,77,77,77,61,21,21,45,45,49,38,44,44,20,65,44,44,28,28,7,31,31,28,28,28,19,0,0],"gold":110,"neow_bonus":"ONE_RANDOM_RARE_CARD","is_daily":false,"chose_seed":false,"campfire_upgraded":3,"win_rate":0.0,"timestamp":1608664760,"path_taken":["M","?","?","?","$","R","?","E","T","R","?","M","M","M","R","BOSS","M","?","?","$","M","R","?","M","T","R","E","?"],"items_purchased_type":["Card","Card","Card"],"build_version":"2020-12-13","purchased_purges":1,"victory":false,"max_hp_per_floor":[80,80,80,80,80,80,80,80,80,80,80,80,80,80,80,80,80,80,80,80,80,80,80,80,80,80,80,82,82,82],"card_choices":[{"not_picked":["Twin Strike","Clothesline"],"picked":"Armaments","floor":1.0},{"not_picked":["Flex","Armaments"],"picked":"Body Slam","floor":4.0},{"not_picked":["Thunderclap","Armaments"],"picked":"Carnage","floor":8.0},{"not_picked":["Rupture","Clothesline"],"picked":"Evolve","floor":12.0},{"not_picked":["Flex","True Grit"],"picked":"Sever Soul","floor":13.0},{"not_picked":["Pommel Strike","Body Slam"],"picked":"Barricade","floor":14.0},{"not_picked":["Disarm","Pommel Strike"],"picked":"Entrench","floor":18.0},{"not_picked":["Uppercut","Flex","Rampage"],"picked":"SKIP","floor":22},{"not_picked":["Clothesline+1","Shrug It Off"],"picked":"Power Through","floor":25},{"not_picked":["True Grit","Entrench","Uppercut"],"picked":"Singing Bowl","floor":28}],"player_experience":326556,"relics_obtained":[{"floor":8.0,"key":"Juzu Bracelet"},{"floor":9.0,"key":"Orichalcum"},{"floor":20.0,"key":"Enchiridion"},{"floor":26,"key":"Tiny Chest"},{"floor":28,"key":"Singing Bowl"}],"event_choices":[{"cards_removed":["Strike_R"],"damage_healed":0.0,"max_hp_gain":0.0,"max_hp_loss":0.0,"gold_gain":0.0,"event_name":"Golden Wing","player_choice":"Card Removal","floor":2.0,"gold_loss":0.0,"damage_taken":7.0},{"cards_removed":["Strike_R"],"damage_healed":0.0,"max_hp_gain":0.0,"max_hp_loss":0.0,"gold_gain":0.0,"event_name":"Bonfire Elementals","player_choice":"Offered Basic","floor":3.0,"gold_loss":0.0,"damage_taken":0.0},{"damage_healed":0.0,"max_hp_gain":0.0,"max_hp_loss":0.0,"gold_gain":0.0,"event_name":"Shining Light","player_choice":"Entered Light","floor":7.0,"gold_loss":0.0,"damage_taken":16.0,"cards_upgraded":["Body Slam","Immolate"]},{"damage_healed":0.0,"max_hp_gain":0.0,"max_hp_loss":0.0,"gold_gain":0.0,"event_name":"Liars Game","player_choice":"Ignored","floor":11.0,"gold_loss":0.0,"damage_taken":0.0},{"damage_healed":0.0,"max_hp_gain":0.0,"max_hp_loss":0.0,"gold_gain":0.0,"cards_transformed":["Strike_R","Defend_R"],"event_name":"Drug Dealer","player_choice":"Became Test Subject","floor":19.0,"gold_loss":0.0,"damage_taken":0.0,"cards_obtained":["Second Wind","Reckless Charge"]},{"damage_healed":0.0,"max_hp_gain":0.0,"max_hp_loss":0.0,"gold_gain":0.0,"event_name":"Cursed Tome","player_choice":"Obtained Book","floor":20.0,"gold_loss":0.0,"damage_taken":16.0},{"damage_healed":0,"gold_gain":0,"player_choice":"Ignored","damage_taken":0,"max_hp_gain":0,"max_hp_loss":0,"event_name":"Vampires","floor":24,"gold_loss":0},{"damage_healed":0,"gold_gain":0,"player_choice":"Fight","damage_taken":0,"max_hp_gain":0,"max_hp_loss":0,"event_name":"Colosseum","floor":29,"gold_loss":0}],"is_beta":false,"boss_relics":[{"not_picked":["Velvet Choker","Coffee Dripper"],"picked":"Empty Cage"}],"items_purged_floors":[21],"is_endless":false,"potions_floor_spawned":[8,13,14,28],"killed_by":"Colosseum Slavers","ascension_level":10}}