{"host":"sav7uxregyirlf69","time":1608634090,"event":{"mods":["AchievementEnabler","BaseMod","Colored Map","DeckTracker","Keyboard Shortcuts","Minty Spire (QoL Compilation)","READ ME - Guardian Mod","StSLib","SuperFastMode"],"gold_per_floor":[114,114,74,89,104,134,149,99,99,114,39,54,69,99,99,199,199,214,114,114,129,144,174,174,204,254,269,299,299,314,329,329,429,429,444,444,444,444],"floor_reached":37,"playtime":1076,"items_purged":["Strike_B","Strike_B"],"score":543,"play_id":"25373f64-f172-41f5-b34d-852495b066c7","local_time":"20201222194810","daily_mods":["Allstar","Diverse","DeadlyEvents"],"is_ascension_mode":false,"campfire_choices":[{"data":"Chrysalis","floor":15,"key":"SMITH"},{"data":"MasterReality","floor":24,"key":"SMITH"},{"floor":29,"key":"REST"},{"data":"Skim","floor":32,"key":"SMITH"}],"circlet_count":0,"master_deck":["Defend_B","Defend_B","Dualcast","Chrysalis+1","Enlightenment","Good Instincts","The Bomb","Thinking Ahead","BootSequence","Coolheaded","Shrug It Off","Skim+1","DeusExMachina","Capacitor","Crippling Poison","Electrodynamics","Conserve Battery+1","MasterReality+1","Core Surge","Panache","Metamorphosis","Setup"],"relics":["Cracked Core","Unceasing Top","Letter Opener","Ginger","Black Star","Strawberry","Ancient Tea Set","Centennial Puzzle","FossilizedHelix","Art of War","Vajra","Regal Pillow","Empty Cage"],"acts_visited":["Exordium","TheCity","TheBeyond"],"potions_floor_usage":[16,23,28],"damage_taken":[{"damage":6,"enemies":"Jaw Worm","floor":1,"turns":4},{"damage":1,"enemies":"2 Louse","floor":4,"turns":3},{"damage":0,"enemies":"Cultist","floor":5,"turns":3},{"damage":10,"enemies":"Lagavulin","floor":6,"turns":6},{"damage":0,"enemies":"2 Fungi Beasts","floor":7,"turns":4},{"damage":0,"enemies":"3 Louse","floor":10,"turns":3},{"damage":3,"enemies":"Looter","floor":12,"turns":3},{"damage":0,"enemies":"2 Fungi Beasts","floor":13,"turns":3},{"damage":0,"enemies":"3 Sentries","floor":14,"turns":3},{"damage":18,"enemies":"Slime Boss","floor":16,"turns":8},{"damage":17,"enemies":"2 Thieves","floor":18,"turns":4},{"damage":12,"enemies":"Shell Parasite","floor":21,"turns":4},{"damage":21,"enemies":"Snake Plant","floor":22,"turns":5},{"damage":0,"enemies":"Book of Stabbing","floor":23,"turns":6},{"damage":7,"enemies":"Slavers","floor":25,"turns":3},{"damage":0,"enemies":"Chosen and Byrds","floor":27,"turns":5},{"damage":0,"enemies":"Gremlin Leader","floor":28,"turns":5},{"damage":0,"enemies":"Centurion and Healer","floor":30,"turns":4},{"damage":0,"enemies":"Snake Plant","floor":31,"turns":5},{"damage":25,"enemies":"Automaton","floor":33,"turns":9},{"damage":0,"enemies":"3 Darklings","floor":35,"turns":3}],"seed_played":"-7682526130134428503","potions_obtained":[{"floor":3,"key":"DuplicationPotion"},{"floor":3,"key":"Swift Potion"},{"floor":3,"key":"FearPotion"},{"floor":6,"key":"Block Potion"},{"floor":16,"key":"Weak Potion"},{"floor":21,"key":"PowerPotion"},{"floor":23,"key":"Weak Potion"}],"is_trial":false,"path_per_floor":["M","?","?","M","M","E","M","?","T","M","$","M","M","E","R","B",null,"M","$","?","M","M","E","R","E","T","M","E","R","M","M","R","B",null,"M","?","?"],"character_chosen":"DEFECT","items_purchased":[],"campfire_rested":1,"item_purchase_floors":[],"current_hp_per_floor":[69,74,74,73,73,63,63,63,63,63,63,60,60,60,60,42,80,63,63,63,51,30,37,37,30,30,30,30,71,71,71,71,46,87,87,77,77,77],"gold":444,"neow_bonus":"","is_daily":true,"chose_seed":false,"campfire_upgraded":3,"win_rate":0.0,"timestamp":1608634090,"path_taken":["M","?","?","M","?","E","M","?","T","M","$","M","?","?","R","BOSS","M","$","?","?","M","E","R","?","T","M","E","R","?","M","R","BOSS","M","?","?"],"items_purchased_type":[],"build_version":"2020-12-13","purchased_purges":2,"victory":false,"max_hp_per_floor":[75,80,80,80,80,80,80,80,80,80,80,80,80,80,80,80,80,80,80,80,80,80,87,87,87,87,87,87,87,87,87,87,87,87,87,87,87,87],"card_choices":[{"not_picked":["Shrug It Off","Skewer"],"picked":"BootSequence","floor":1},{"not_picked":["Prostrate","EmptyFist"],"picked":"Coolheaded","floor":4},{"not_picked":["Grand Finale","Leap"],"picked":"Shrug It Off","floor":5},{"not_picked":["Distraction","Wireheading","Sanctity"],"picked":"SKIP","floor":6},{"not_picked":["True Grit","Iron Wave","Streamline"],"picked":"SKIP","floor":7},{"not_picked":["Heatsinks","Redo"],"picked":"Skim","floor":10},{"not_picked":["Evaluate","Tempest","FlyingSleeves"],"picked":"SKIP","floor":12},{"not_picked":["True Grit","Cloak And Dagger","Crescendo"],"picked":"SKIP","floor":13},{"not_picked":["InnerPeace","Cloak And Dagger","Scrape"],"picked":"SKIP","floor":14},{"not_picked":["Double Tap","Fiend Fire"],"picked":"DeusExMachina","floor":16},{"not_picked":["Barrage","Anger+1"],"picked":"Capacitor","floor":18},{"not_picked":["Swivel","Anger+1","Clothesline"],"picked":"SKIP","floor":21},{"not_picked":["Dual Wield","BowlingBash+1"],"picked":"Conserve Battery+1","floor":22},{"not_picked":["Ball Lightning+1","Cleave+1"],"picked":"MasterReality","floor":23},{"not_picked":["Perfected Strike","Clash+1","Flying Knee+1"],"picked":"SKIP","floor":25},{"not_picked":["EmptyFist+1","Flying Knee","JustLucky"],"picked":"SKIP","floor":27},{"not_picked":["FearNoEvil+1","Bane","FlyingSleeves"],"picked":"SKIP","floor":28},{"not_picked":["Sunder","Deadly Poison","BowlingBash"],"picked":"SKIP","floor":30},{"not_picked":["Expertise+1","Body Slam","Quick Slash+1"],"picked":"SKIP","floor":31},{"not_picked":["Bludgeon","Scrawl"],"picked":"Core Surge","floor":33},{"not_picked":["Ball Lightning","Study","PiercingWail+1"],"picked":"SKIP","floor":35},{"not_picked":["Dark Shackles","Blind"],"picked":"Panache","floor":36},{"not_picked":["Mind Blast","Finesse"],"picked":"Metamorphosis","floor":36}],"player_experience":987291,"relics_obtained":[{"floor":6,"key":"Unceasing Top"},{"floor":9,"key":"Letter Opener"},{"floor":14,"key":"Ginger"},{"floor":23,"key":"Strawberry"},{"floor":23,"key":"Ancient Tea Set"},{"floor":25,"key":"Centennial Puzzle"},{"floor":25,"key":"FossilizedHelix"},{"floor":26,"key":"Art of War"},{"floor":28,"key":"Vajra"},{"floor":28,"key":"Regal Pillow"}],"event_choices":[{"damage_healed":0,"gold_gain":0,"player_choice":"Donut","damage_taken":0,"max_hp_gain":5,"max_hp_loss":0,"event_name":"Big Fish","floor":2,"gold_loss":0},{"damage_healed":0,"gold_gain":0,"player_choice":"Bought 3 Potions","damage_taken":0,"max_hp_gain":0,"max_hp_loss":0,"event_name":"The Woman in Blue","floor":3,"gold_loss":0},{"cards_removed":["Strike_B"],"damage_healed":0,"gold_gain":0,"player_choice":"Card Removal","damage_taken":0,"max_hp_gain":0,"max_hp_loss":0,"event_name":"The Cleric","floor":8,"gold_loss":50},{"damage_healed":0,"gold_gain":0,"cards_transformed":["Strike_B","Defend_B"],"player_choice":"Became Test Subject","damage_taken":0,"max_hp_gain":0,"max_hp_loss":0,"event_name":"Drug Dealer","floor":20,"gold_loss":0,"cards_obtained":["Crippling Poison","Electrodynamics"]},{"damage_healed":0,"gold_gain":0,"player_choice":"Memory 3","damage_taken":10,"max_hp_gain":0,"max_hp_loss":0,"event_name":"SensoryStone","floor":36,"gold_loss":0}],"is_beta":false,"boss_relics":[{"not_picked":["Cursed Key","Inserter"],"picked":"Black Star"},{"not_picked":["Snecko Eye","Fusion Hammer"],"picked":"Empty Cage"}],"items_purged_floors":[11,19],"is_endless":false,"potions_floor_spawned":[4,5,6,16,18,21,23,25],"ascension_level":0}}