{"host":"oiai0qxasotny765","time":1608638842,"event":{"mods":["2.2 Compatiblity","AchievementEnabler","BaseMod","Colored Map","Minty Spire (QoL Compilation)","Permanent Neow","Relic Stats","StSLib","SuperFastMode","everything is the same but u backflip on backflip"],"gold_per_floor":[115,130,142,142,67,67,82,82,82,101,126,126,141,161,161,235,235,254,264,275,195,208,240,251,82,156,172,188,208,241,191,191,262,262,281,171,51,61,71,71,97,38,63,98,110,110,142,159,159,159],"floor_reached":51,"playtime":1480,"items_purged":["Strike_G","Strike_G","Strike_G","Defend_G"],"score":2057,"play_id":"11349dea-d543-4b1f-a057-64cfcd7a9ffe","local_time":"20201222210722","is_ascension_mode":true,"campfire_choices":[{"data":"Calculated Gamble","floor":6,"key":"SMITH"},{"data":"Calculated Gamble","floor":12,"key":"SMITH"},{"data":"Reflex","floor":15,"key":"SMITH"},{"data":"Reflex","floor":32,"key":"SMITH"},{"data":"Burst","floor":40,"key":"SMITH"},{"data":"Calculated Gamble","floor":46,"key":"SMITH"},{"data":"Eviscerate","floor":49,"key":"SMITH"}],"circlet_count":0,"master_deck":["AscendersBane","Defend_G+1","Defend_G","Defend_G+1","Survivor","Neutralize","Acrobatics+1","Calculated Gamble+1","Calculated Gamble+1","Reflex+1","Reflex+1","Prepared+1","Eviscerate+1","Escape Plan","Escape Plan","Burst+1","Tactician","Calculated Gamble+1"],"relics":["Ring of the Snake","Tough Bandages","Tingsha","Blue Candle","The Courier","Vajra","Philosopher\u0027s Stone","Question Card","Ornamental Fan","Pantograph","Sozu","CaptainsWheel","Oddly Smooth Stone","Dream Catcher","MealTicket"],"acts_visited":["Exordium","TheCity","TheBeyond"],"potions_floor_usage":[],"damage_taken":[{"damage":3,"enemies":"Small Slimes","floor":1,"turns":6},{"damage":1,"enemies":"Cultist","floor":2,"turns":4},{"damage":0,"enemies":"Jaw Worm","floor":3,"turns":2},{"damage":7,"enemies":"Large Slime","floor":7,"turns":5},{"damage":0,"enemies":"3 Louse","floor":10,"turns":1},{"damage":5,"enemies":"Gremlin Nob","floor":11,"turns":3},{"damage":0,"enemies":"Looter","floor":13,"turns":1},{"damage":0,"enemies":"Gremlin Gang","floor":14,"turns":1},{"damage":1,"enemies":"Hexaghost","floor":16,"turns":1},{"damage":0,"enemies":"3 Byrds","floor":18,"turns":1},{"damage":0,"enemies":"Spheric Guardian","floor":19,"turns":1},{"damage":0,"enemies":"Snake Plant","floor":20,"turns":1},{"damage":0,"enemies":"Cultist and Chosen","floor":22,"turns":2},{"damage":0,"enemies":"Slavers","floor":23,"turns":1},{"damage":0,"enemies":"Centurion and Healer","floor":24,"turns":1},{"damage":0,"enemies":"Shelled Parasite and Fungi","floor":27,"turns":1},{"damage":0,"enemies":"Snake Plant","floor":28,"turns":1},{"damage":0,"enemies":"Snecko","floor":29,"turns":1},{"damage":0,"enemies":"Book of Stabbing","floor":30,"turns":1},{"damage":0,"enemies":"Champ","floor":33,"turns":1},{"damage":0,"enemies":"Orb Walker","floor":35,"turns":1},{"damage":0,"enemies":"3 Shapes","floor":38,"turns":1},{"damage":0,"enemies":"Spire Growth","floor":39,"turns":1},{"damage":0,"enemies":"Nemesis","floor":41,"turns":1},{"damage":0,"enemies":"Giant Head","floor":44,"turns":1},{"damage":0,"enemies":"Sphere and 2 Shapes","floor":45,"turns":1},{"damage":0,"enemies":"Reptomancer","floor":47,"turns":1},{"damage":0,"enemies":"Writhing Mass","floor":48,"turns":1},{"damage":0,"enemies":"Donu and Deca","floor":50,"turns":1}],"seed_played":"2515663340975655080","potions_obtained":[{"floor":1,"key":"SteroidPotion"},{"floor":7,"key":"SpeedPotion"},{"floor":11,"key":"Swift Potion"},{"floor":14,"key":"GhostInAJar"}],"is_trial":false,"path_per_floor":["M","M","M","?","$","R","M","?","T","M","E","R","M","M","R","B",null,"M","M","M","$","M","E","M","$","T","M","M","M","E","?","R","B",null,"M","?","$","M","M","R","E","$","T","E","M","R","E","M","R","B",null],"character_chosen":"THE_SILENT","items_purchased":["Escape Plan","Tactician"],"campfire_rested":0,"item_purchase_floors":[25,42],"current_hp_per_floor":[56,55,55,37,37,37,30,19,19,19,14,14,14,14,14,13,48,48,48,48,48,48,48,48,48,48,48,48,48,48,48,48,60,60,60,60,60,60,60,60,60,60,60,60,60,60,60,60,60,60],"gold":159,"neow_bonus":"REMOVE_TWO","is_daily":false,"chose_seed":false,"campfire_upgraded":7,"win_rate":0.0,"timestamp":1608638842,"path_taken":["M","M","M","?","$","R","M","?","T","M","E","R","M","M","R","BOSS","M","M","M","$","M","E","M","$","T","M","M","M","E","?","R","BOSS","M","?","$","M","M","R","E","?","T","E","M","R","E","M","R","BOSS"],"items_purchased_type":["Card","Card"],"build_version":"2020-12-13","purchased_purges":4,"victory":true,"max_hp_per_floor":[60,60,60,60,60,60,60,60,60,60,60,60,60,60,60,60,60,60,60,60,60,60,60,60,60,60,60,60,60,60,60,60,60,60,60,60,60,60,60,60,60,60,60,60,60,60,60,60,60,60],"relic_stats":{"Sozu":3,"Tough Bandages":[3102],"Dream Catcher":0,"counters":[29,45],"Ornamental Fan":[52],"Blue Candle":[2],"Pantograph":12,"Tingsha":[2783],"MealTicket":0,"Question Card":14,"obtain_stats":[{"Blue Candle":8,"Vajra":11,"Oddly Smooth Stone":43,"Tingsha":0,"The Courier":9,"Question Card":23,"Sozu":34,"Tough Bandages":0,"CaptainsWheel":41,"Dream Catcher":44,"Ornamental Fan":26,"Pantograph":30,"Philosopher\u0027s Stone":17,"MealTicket":47,"Ring of the Snake":0},{"Blue Candle":4,"Vajra":6,"Oddly Smooth Stone":24,"Tingsha":0,"The Courier":4,"Question Card":14,"Sozu":20,"Tough Bandages":0,"CaptainsWheel":24,"Dream Catcher":25,"Ornamental Fan":15,"Pantograph":19,"Philosopher\u0027s Stone":9,"MealTicket":27,"Ring of the Snake":0},{"Blue Candle":17,"Vajra":21,"Oddly Smooth Stone":40,"Tingsha":0,"The Courier":17,"Question Card":30,"Sozu":36,"Tough Bandages":0,"CaptainsWheel":40,"Dream Catcher":41,"Ornamental Fan":31,"Pantograph":35,"Philosopher\u0027s Stone":24,"MealTicket":43,"Ring of the Snake":0}],"Ring of the Snake":[58]},"card_choices":[{"not_picked":["Choke","Terror"],"picked":"Acrobatics","floor":1},{"not_picked":["Dagger Throw","Footwork"],"picked":"Calculated Gamble","floor":2},{"not_picked":["Heel Hook","PiercingWail","Blade Dance"],"picked":"SKIP","floor":3},{"not_picked":["Backflip","Choke"],"picked":"Calculated Gamble","floor":7},{"not_picked":["Quick Slash","Cloak And Dagger","Distraction"],"picked":"SKIP","floor":10},{"not_picked":["Outmaneuver","Bane"],"picked":"Reflex","floor":11},{"not_picked":["Endless Agony","Underhanded Strike","Setup"],"picked":"SKIP","floor":13},{"not_picked":["Heel Hook","Cloak And Dagger"],"picked":"Reflex","floor":14},{"not_picked":["Slice","Dash","Flying Knee"],"picked":"SKIP","floor":18},{"not_picked":["Endless Agony","Slice"],"picked":"Prepared+1","floor":19},{"not_picked":["Dash","Infinite Blades"],"picked":"Eviscerate","floor":20},{"not_picked":["Deadly Poison","Crippling Poison","Setup"],"picked":"SKIP","floor":22},{"not_picked":["Terror","Accuracy","Blade Dance"],"picked":"SKIP","floor":23},{"not_picked":["Concentrate+1","Deadly Poison","Skewer","Reflex"],"picked":"SKIP","floor":24},{"not_picked":["Setup","Blade Dance","Outmaneuver"],"picked":"Escape Plan","floor":27},{"not_picked":["Underhanded Strike","Backflip+1","Bane","Dagger Spray"],"picked":"SKIP","floor":28},{"not_picked":["Tools of the Trade","Noxious Fumes","Slice","Blade Dance"],"picked":"SKIP","floor":29},{"not_picked":["Deadly Poison","Crippling Poison","Outmaneuver+1","Prepared"],"picked":"SKIP","floor":30},{"not_picked":["Wraith Form v2","Phantasmal Killer","Doppelganger"],"picked":"Burst","floor":33},{"not_picked":["Acrobatics","Cloak And Dagger","Deadly Poison+1","Sucker Punch+1"],"picked":"SKIP","floor":35},{"not_picked":["Cloak And Dagger+1","Dagger Spray","Footwork","Quick Slash"],"picked":"SKIP","floor":38},{"not_picked":["Masterful Stab+1","Deflect","Outmaneuver","Concentrate"],"picked":"SKIP","floor":39},{"not_picked":["Prepared","Deadly Poison","Cloak And Dagger","Slice"],"picked":"SKIP","floor":41},{"not_picked":["Leg Sweep+1","Venomology","Acrobatics"],"picked":"Calculated Gamble","floor":44},{"not_picked":["Poisoned Stab","Cloak And Dagger+1","Escape Plan","Acrobatics"],"picked":"SKIP","floor":45},{"not_picked":["Underhanded Strike+1","All Out Attack","Outmaneuver+1","Backflip"],"picked":"SKIP","floor":47},{"not_picked":["Dash+1","Concentrate","Endless Agony+1","Dagger Spray"],"picked":"SKIP","floor":48}],"player_experience":277069,"relics_obtained":[{"floor":9,"key":"The Courier"},{"floor":11,"key":"Vajra"},{"floor":23,"key":"Question Card"},{"floor":26,"key":"Ornamental Fan"},{"floor":30,"key":"Pantograph"},{"floor":41,"key":"CaptainsWheel"},{"floor":43,"key":"Oddly Smooth Stone"},{"floor":44,"key":"Dream Catcher"},{"floor":47,"key":"MealTicket"}],"event_choices":[{"damage_healed":0,"gold_gain":0,"player_choice":"Entered Light","damage_taken":18,"max_hp_gain":0,"max_hp_loss":0,"event_name":"Shining Light","floor":4,"gold_loss":0,"cards_upgraded":["Defend_G","Defend_G"]},{"damage_healed":0,"gold_gain":0,"player_choice":"Success","damage_taken":11,"relics_obtained":["Blue Candle"],"max_hp_gain":0,"max_hp_loss":0,"event_name":"Scrap Ooze","floor":8,"gold_loss":0},{"damage_healed":0,"gold_gain":0,"player_choice":"Bet on Murderer","damage_taken":0,"max_hp_gain":0,"max_hp_loss":0,"event_name":"The Joust","floor":31,"gold_loss":50},{"cards_removed":["Strike_G"],"damage_healed":0,"gold_gain":0,"player_choice":"Upgrade and Remove","damage_taken":0,"max_hp_gain":0,"max_hp_loss":0,"event_name":"Designer","floor":36,"gold_loss":110,"cards_upgraded":["Acrobatics"]}],"is_beta":false,"boss_relics":[{"not_picked":["Coffee Dripper","Black Star"],"picked":"Philosopher\u0027s Stone"},{"not_picked":["Tiny House","SacredBark"],"picked":"Sozu"}],"items_purged_floors":[5,21,25,37],"is_endless":false,"potions_floor_spawned":[1,7,11,14,18,19,27,28,30,39,44,45,48],"ascension_level":17}}