{"host":"6to0pdz5g3mubtyg","time":1608679741,"event":{"mods":["Act Like it!","Aspiration","BaseMod","BetterRewards","Colored Map","Energized Spire","Hallownest","Highlight Path","Infinite Spire","Jorbs\u0027s Wanderer Trilogy","Minty Spire (QoL Compilation)","Shade Mod","StSLib","The Animator","The Blue Laboratory","The Bug Knight"],"gold_per_floor":[113,42,42,58,5,32,32,32,32,44,54,86,86,105,105,229,229,249,262,262,280,298,342,342,378,378,378,378],"floor_reached":27,"playtime":1473,"items_purged":["Defend_B"],"score":302,"play_id":"d5b49bb5-9bc1-4d27-8bd3-2169c73f2341","local_time":"20201222162901","is_ascension_mode":true,"campfire_choices":[{"data":"Defragment","floor":7.0,"key":"SMITH"},{"floor":15.0,"key":"REST"},{"floor":24.0,"key":"REST"}],"circlet_count":0,"master_deck":["Strike_B","Strike_B","Defend_B","Defend_B","Zap","Dualcast","Streamline","Fusion","Coolheaded","Streamline","Defragment+1","Capacitor","BootSequence+1","Hello World","Core Surge","Genetic Algorithm+1","infinitespire:Collect+1","Loop","Redo+1"],"relics":["Cracked Core","NeowsBlessing","TungstenRod","Toxic Egg 2","infinitespire:Bottled Soul","Golden Idol","Empty Cage","Pen Nib","infinitespire:Beetle Shell","Orichalcum","infinitespire:FocusingShard"],"acts_visited":["Exordium","TheCity"],"potions_floor_usage":[25,25],"damage_taken":[{"damage":0.0,"enemies":"2 Louse","floor":1.0,"turns":1.0},{"damage":0.0,"enemies":"Small Slimes","floor":4.0,"turns":1.0},{"damage":0.0,"enemies":"Lagavulin","floor":6.0,"turns":1.0},{"damage":5.0,"enemies":"Jaw Worm","floor":10.0,"turns":3.0},{"damage":8.0,"enemies":"Large Slime","floor":11.0,"turns":5.0},{"damage":36.0,"enemies":"3 Sentries","floor":12.0,"turns":6.0},{"damage":7.0,"enemies":"Blue Slaver","floor":14.0,"turns":3.0},{"damage":35.0,"enemies":"The Guardian","floor":16.0,"turns":10.0},{"damage":15.0,"enemies":"Chosen","floor":18.0,"turns":6.0},{"damage":19.0,"enemies":"3 Byrds","floor":19.0,"turns":6.0},{"damage":24.0,"enemies":"Snake Plant","floor":21.0,"turns":4.0},{"damage":8.0,"enemies":"Centurion and Healer","floor":22.0,"turns":6.0},{"damage":3.0,"enemies":"HollowMod:Nosk","floor":23.0,"turns":7.0},{"damage":23,"enemies":"Nightmare","floor":25,"turns":8},{"damage":6,"enemies":"Gremlin Leader","floor":27,"turns":2}],"seed_played":"9116358333246839587","potions_obtained":[{"floor":4.0,"key":"FearPotion"},{"floor":11.0,"key":"blueLaboratory:BottleOfRum"},{"floor":16.0,"key":"blueLaboratory:CoolantVial"},{"floor":18.0,"key":"Ancient Potion"},{"floor":23.0,"key":"blueLaboratory:CreativityPotion"}],"is_trial":false,"path_per_floor":["M","$","?","M","$","E","R","?","T","M","M","E","?","M","R","B",null,"M","M","AVR","M","M","E","R","NM","T","E"],"character_chosen":"DEFECT","items_purchased":["Fusion","Streamline"],"campfire_rested":2,"item_purchase_floors":[2,5],"current_hp_per_floor":[75,75,75,75,75,75,75,80,80,75,67,31,31,24,46,11,74,59,40,40,16,8,5,27,4,4,0,0],"gold":378,"neow_bonus":"THREE_ENEMY_KILL","is_daily":false,"chose_seed":false,"campfire_upgraded":1,"win_rate":0.0,"timestamp":1608679741,"path_taken":["M","$","?","M","$","E","R","?","T","M","M","E","?","M","R","BOSS","M","M","AVR","M","M","E","R","NM","T","E"],"items_purchased_type":["Card","Card"],"build_version":"2020-12-13","purchased_purges":1,"victory":false,"max_hp_per_floor":[75,75,75,75,75,75,75,80,80,80,80,80,74,74,74,74,74,74,74,74,74,74,74,74,74,74,74,74],"card_choices":[{"not_picked":["Reprogram","Hologram"],"picked":"Streamline","floor":1.0},{"not_picked":["Stack","Barrage"],"picked":"Coolheaded","floor":4.0},{"not_picked":["Gash","Core Surge"],"picked":"Defragment","floor":6.0},{"not_picked":["Conserve Battery+1","Recycle+1"],"picked":"Capacitor","floor":10.0},{"not_picked":["Steam+1","Sweeping Beam","Scrape"],"picked":"SKIP","floor":11.0},{"not_picked":["Cold Snap","Lockon"],"picked":"BootSequence+1","floor":12.0},{"not_picked":["Go for the Eyes","Leap+1"],"picked":"Hello World","floor":14.0},{"not_picked":["Meteor Strike","Biased Cognition"],"picked":"Core Surge","floor":16.0},{"not_picked":["Cold Snap","Gash"],"picked":"Genetic Algorithm+1","floor":18.0},{"not_picked":["Cold Snap","Leap+1","Sweeping Beam"],"picked":"SKIP","floor":19.0},{"not_picked":["Melter","Gash"],"picked":"Loop","floor":21.0},{"not_picked":["Compile Driver+1","Turbo+1"],"picked":"Redo+1","floor":22.0},{"not_picked":["FTL","Steam Power+1","Steam+1"],"picked":"SKIP","floor":23.0},{"not_picked":["Cold Snap","Hologram+1","Gash"],"picked":"SKIP","floor":25}],"player_experience":214369,"relics_obtained":[{"floor":6.0,"key":"TungstenRod"},{"floor":9.0,"key":"Toxic Egg 2"},{"floor":12.0,"key":"infinitespire:Bottled Soul"},{"floor":23.0,"key":"infinitespire:Beetle Shell"},{"floor":25,"key":"Orichalcum"},{"floor":26,"key":"infinitespire:FocusingShard"}],"event_choices":[{"damage_healed":0.0,"max_hp_gain":5.0,"max_hp_loss":0.0,"gold_gain":0.0,"event_name":"Big Fish","player_choice":"Donut","floor":8.0,"gold_loss":0.0,"damage_taken":0.0},{"damage_healed":0.0,"max_hp_gain":0.0,"max_hp_loss":6.0,"gold_gain":0.0,"event_name":"Golden Idol","player_choice":"Lose Max HP","floor":13.0,"gold_loss":0.0,"damage_taken":0.0,"relics_obtained":["Golden Idol"]}],"is_beta":false,"boss_relics":[{"not_picked":["energizedSpire:MagnifyingGlass","energizedSpire:DeadBattery"],"picked":"Empty Cage"}],"items_purged_floors":[20],"is_endless":true,"potions_floor_spawned":[4,11,16,18,23],"killed_by":"Gremlin Leader","ascension_level":1}}