{"host":"d4km6p8r92tm3vpl","time":1608596082,"event":{"mods":["BaseMod","Hermit","Jorbs\u0027s Wanderer Trilogy","Marisa????????","Minty Spire (QoL Compilation)","Relic Stats","SIMod","StSLib","The Cursed","The Poker Player"],"gold_per_floor":[114,39,39,55,70,70,103,121,147,175,190,190,190,224,224,326,326,336,347,347,347],"floor_reached":19,"playtime":806,"items_purged":["PokerPlayerMod:Diamond1"],"score":251,"play_id":"468e6bc0-034b-497c-a1d8-e0794b3d341f","local_time":"20201221191442","is_ascension_mode":true,"metric_token":658,"campfire_choices":[{"data":"PokerPlayerMod:Club4","floor":6,"key":"SMITH"},{"data":"PokerPlayerMod:Diamond4","floor":12,"key":"SMITH"},{"data":"PokerPlayerMod:Club2","floor":15,"key":"SMITH"}],"circlet_count":0,"master_deck":["PokerPlayerMod:Diamond5","PokerPlayerMod:Diamond5","PokerPlayerMod:Spade1","PokerPlayerMod:Spade2","PokerPlayerMod:Spade3","PokerPlayerMod:Spade4","PokerPlayerMod:Club1","PokerPlayerMod:Club3","PokerPlayerMod:Heart2","PokerPlayerMod:TrumpStrike","PokerPlayerMod:BadJoker","PokerPlayerMod:Mulligan","PokerPlayerMod:SpadeStrike+1","PokerPlayerMod:DiamondStrike+1","PokerPlayerMod:DiamondStrike","PokerPlayerMod:Club5","PokerPlayerMod:Heart3","PokerPlayerMod:WasteCollection","PokerPlayerMod:Club8","PokerPlayerMod:Heart8"],"relics":["PokerPlayerMod:DeckCase","Whetstone","Tiny Chest","MealTicket","Pear","Empty Cage"],"acts_visited":["Exordium","TheCity"],"potions_floor_usage":[],"damage_taken":[{"damage":0,"enemies":"2 Louse","floor":1,"turns":2},{"damage":0,"enemies":"Jaw Worm","floor":4,"turns":2},{"damage":0,"enemies":"Small Slimes","floor":5,"turns":2},{"damage":9,"enemies":"3 Sentries","floor":7,"turns":3},{"damage":0,"enemies":"Gremlin Gang","floor":8,"turns":2},{"damage":16,"enemies":"Gremlin Nob","floor":10,"turns":3},{"damage":0,"enemies":"2 Fungi Beasts","floor":11,"turns":4},{"damage":8,"enemies":"Lagavulin","floor":14,"turns":4},{"damage":0,"enemies":"Slime Boss","floor":16,"turns":5},{"damage":5,"enemies":"Shell Parasite","floor":18,"turns":5},{"damage":0,"enemies":"3 Byrds","floor":19,"turns":2}],"seed_played":"828755981240361062","potions_obtained":[{"floor":4,"key":"ColorlessPotion"},{"floor":5,"key":"Weak Potion"},{"floor":10,"key":"Dexterity Potion"}],"is_trial":false,"path_per_floor":["M","$","?","M","M","R","E","M","T","E","M","R","?","E","R","B",null,"M","M"],"character_chosen":"THE_POKER_PLAYER","items_purchased":[],"campfire_rested":0,"item_purchase_floors":[],"current_hp_per_floor":[52,52,52,52,52,52,43,43,43,29,39,39,39,46,46,58,62,57,62,62,62],"gold":347,"neow_bonus":"THREE_CARDS","is_daily":false,"chose_seed":false,"campfire_upgraded":3,"win_rate":0.0,"timestamp":1608596082,"path_taken":["M","$","?","M","M","R","E","M","T","E","M","R","?","E","R","BOSS","M","M"],"items_purchased_type":[],"build_version":"2020-12-13","purchased_purges":1,"victory":false,"max_hp_per_floor":[52,52,52,52,52,52,52,52,52,52,52,52,52,62,62,62,62,62,62,62,62],"relic_stats":{"counters":[11,34],"Tiny Chest":0,"MealTicket":0,"Whetstone":["PokerPlayerMod:DiamondStrike","PokerPlayerMod:SpadeStrike"],"obtain_stats":[{"PokerPlayerMod:DeckCase":0,"Pear":14,"Tiny Chest":9,"MealTicket":10,"Whetstone":7,"Empty Cage":17},{"PokerPlayerMod:DeckCase":0,"Pear":8,"Tiny Chest":5,"MealTicket":6,"Whetstone":4,"Empty Cage":9},{"PokerPlayerMod:DeckCase":0,"Pear":22,"Tiny Chest":11,"MealTicket":14,"Whetstone":9,"Empty Cage":27}]},"card_choices":[{"not_picked":["PokerPlayerMod:Configure","PokerPlayerMod:Fold"],"picked":"PokerPlayerMod:SpadeStrike","floor":0},{"not_picked":["PokerPlayerMod:Trickery","PokerPlayerMod:Club1"],"picked":"PokerPlayerMod:DiamondStrike","floor":1},{"not_picked":["PokerPlayerMod:Diamond3","PokerPlayerMod:Diamond2"],"picked":"PokerPlayerMod:DiamondStrike","floor":4},{"not_picked":["PokerPlayerMod:Club2","PokerPlayerMod:Spade1"],"picked":"PokerPlayerMod:Club4","floor":5},{"not_picked":["PokerPlayerMod:Raise","PokerPlayerMod:Diamond8","PokerPlayerMod:HotShotCut"],"picked":"SKIP","floor":7},{"not_picked":["PokerPlayerMod:SecondChance","PokerPlayerMod:Diamond4","PokerPlayerMod:DiamondStrike"],"picked":"SKIP","floor":8},{"not_picked":["PokerPlayerMod:CardBurn","PokerPlayerMod:Spade3"],"picked":"PokerPlayerMod:Heart3","floor":10},{"not_picked":["PokerPlayerMod:Club3","PokerPlayerMod:DiamondStrike"],"picked":"PokerPlayerMod:WasteCollection","floor":11},{"not_picked":["PokerPlayerMod:Club3","PokerPlayerMod:Diamond2","PokerPlayerMod:Fold"],"picked":"SKIP","floor":14},{"not_picked":["PokerPlayerMod:Spade7","PokerPlayerMod:RoyalStrike"],"picked":"PokerPlayerMod:Club8","floor":16},{"not_picked":["PokerPlayerMod:Diamond9","PokerPlayerMod:Fold"],"picked":"PokerPlayerMod:Heart8","floor":18}],"player_experience":807439,"relics_obtained":[{"floor":7,"key":"Whetstone"},{"floor":9,"key":"Tiny Chest"},{"floor":10,"key":"MealTicket"},{"floor":14,"key":"Pear"}],"event_choices":[{"damage_healed":0,"gold_gain":0,"player_choice":"Ignored","damage_taken":0,"max_hp_gain":0,"max_hp_loss":0,"event_name":"Liars Game","floor":3,"gold_loss":0},{"damage_healed":0,"gold_gain":0,"player_choice":"Grow","damage_taken":0,"max_hp_gain":0,"max_hp_loss":0,"event_name":"Living Wall","floor":13,"gold_loss":0,"cards_upgraded":["PokerPlayerMod:Diamond3"]}],"is_beta":false,"boss_relics":[{"not_picked":["Coffee Dripper","Calling Bell"],"picked":"Empty Cage"}],"items_purged_floors":[2],"is_endless":false,"potions_floor_spawned":[4,5,10,16],"killed_by":"3 Byrds","ascension_level":1}}