{"host":"fqbvzz8m91xtcrjw","time":1608627749,"event":{"mods":["BaseMod","Better Third Choice","BetterRewards","Displayed Cursed Tome","Downfall","Hermit","Highlight Path","JesterMod","Marisa????????","Minty Spire (QoL Compilation)","READ ME - Snecko Mod","Replay The Spire","Shade Mod","Spicy Shops","StSLib","The Construct","The Cursed","The Hierophant","The Runesmith","The Servant 0.9.4"],"gold_per_floor":[117,130,130,130,305,305,53,53,53,53,84,102,122,122,122,245,245,260,276,276,276,31,31,47,67,67,13,13,13,27,27,27,148,148,172,172,172,188,207,207,221,246,246,246,271,271,271,284,284,414,414,437,40,140,156,179,220,220,236,236,236,236,269,285,308,308,439,439,463,487,487,232,271,271,312,15,80,80,148,148,206,250,250,417,417,455,97,141,236,236,313,63,63,144,104,158,209,209,263,263,457,457,490,210,210,210,137,137,152,219,281,281,334,334,334,362,362,526,526,557,557,349,289,204,281,281,281,338,338,338,64,96,128,197,328,328,362,362,362,242,272,272,338,338,411,452,71,71,115,164,164,307,357,369,369],"floor_reached":154,"playtime":4280,"items_purged":["Doubt","Doubt","Zap","Hyperbeam"],"score":4118,"play_id":"54692071-ad2f-492d-8431-f9f51ec4c2d1","local_time":"20201222010229","daily_mods":["SealedDeck"],"is_ascension_mode":false,"campfire_choices":[{"floor":6.0,"key":"REST"},{"data":"Gash","floor":8.0,"key":"SMITH"},{"data":"Gash","floor":10.0,"key":"SMITH"},{"data":"Gash","floor":15.0,"key":"SMITH"},{"data":"Gash","floor":23.0,"key":"SMITH"},{"data":"Gash","floor":29.0,"key":"SMITH"},{"data":"J.A.X.","floor":32.0,"key":"SMITH"},{"data":"Beam Cell","floor":40.0,"key":"SMITH"},{"data":"Beam Cell","floor":44.0,"key":"SMITH"},{"data":"ReplayGash","floor":47.0,"key":"SMITH"},{"data":"Steam","floor":49.0,"key":"SMITH"},{"data":"Echo Form","floor":61.0,"key":"SMITH"},{"floor":66.0,"key":"DIG"},{"data":"Self Repair","floor":74.0,"key":"SMITH"},{"data":"1","floor":83.0,"key":"LIFT"},{"data":"2","floor":93.0,"key":"LIFT"},{"data":"3","floor":100.0,"key":"LIFT"},{"data":"Madness","floor":108.0,"key":"SMITH"},{"data":"J.A.X.","floor":112.0,"key":"SMITH"},{"data":"All For One","floor":117.0,"key":"SMITH"},{"data":"Steam","floor":126.0,"key":"SMITH"},{"data":"ReplayGash","floor":142.0,"key":"SMITH"},{"data":"Bandage Up","floor":144.0,"key":"SMITH"},{"data":"Defragment","floor":151.0,"key":"SMITH"}],"circlet_count":1,"master_deck":["Go for the Eyes+1","Gash+1","Gash+1","Gash+1","Steam+1","Beam Cell+1","Gash+1","ReplayGash+1","Beam Cell+1","Steam","All For One+1","J.A.X.+1","Gash+1","Gash+1","Steam+1","ReplayGash+1","Echo Form+1","Go for the Eyes+1","Self Repair+1","Gash+1","J.A.X.+1","All For One","ReplayGash+1","Madness+1","Madness+1","CurseOfTheBell","Steam+1","Steam+1","Bandage Up+1","Defragment+1","Gash+1","Wraith"],"relics":["Bloody Idol","DollysMirror","Divine Protection","Toy Ornithopter","Kunai","Philosopher\u0027s Stone","Snack Pack","Pantograph","Replay:Bottled Flurry","Empty Cage","Eternal Feather","Replay:Drink Me","Singing Bowl","Runesmith:Locket","Circlet","StrikeDummy","Unceasing Top","Busted Crown","Replay:Bandana","Replay:Bottled Steam","Girya","Red Mask","SlaversCollar","ClockworkSouvenir","Juzu Bracelet","TheAbacus","construct:BoolHorns","Prayer Wheel","Guardian:BottledAnomaly","Calling Bell","ReplayTheSpireMod:TigerMarble","Replay:Ringing Soul","Bird Faced Urn","Membership Card","Iron Hammer","Iron Core","Vajra","Cursed Key","champ:DuelingGlove","Shuriken","Replay:WaspNest","PreservedInsect","HandDrill","Black Star","Replay:Bottled Eggs","ReplayFunnel","Sling","DataDisk","Tiny House"],"acts_visited":["Exordium","TheCity","TheBeyond","Exordium","TheCity","TheBeyond","Exordium","TheCity","TheBeyond","Exordium"],"potions_floor_usage":[],"damage_taken":[{"damage":0.0,"enemies":"Cultist","floor":1.0,"turns":3.0},{"damage":0.0,"enemies":"Jaw Worm","floor":2.0,"turns":2.0},{"damage":6.0,"enemies":"Lagavulin","floor":11.0,"turns":4.0},{"damage":0.0,"enemies":"Small Slimes","floor":12.0,"turns":3.0},{"damage":0.0,"enemies":"Looter","floor":13.0,"turns":2.0},{"damage":0.0,"enemies":"Slime Boss","floor":16.0,"turns":7.0},{"damage":0.0,"enemies":"Chosen","floor":18.0,"turns":3.0},{"damage":3.0,"enemies":"2 Thieves","floor":19.0,"turns":2.0},{"damage":7.0,"enemies":"Snake Plant","floor":24.0,"turns":1.0},{"damage":0.0,"enemies":"Snecko","floor":25.0,"turns":3.0},{"damage":0.0,"enemies":"Centurion and Healer","floor":30.0,"turns":3.0},{"damage":10.0,"enemies":"Pondfish","floor":33.0,"turns":5.0},{"damage":3.0,"enemies":"3 Shapes","floor":35.0,"turns":3.0},{"damage":0.0,"enemies":"Orb Walker","floor":38.0,"turns":3.0},{"damage":0.0,"enemies":"Writhing Mass","floor":39.0,"turns":2.0},{"damage":0.0,"enemies":"Transient","floor":41.0,"turns":5.0},{"damage":0.0,"enemies":"Maw","floor":42.0,"turns":5.0},{"damage":13.0,"enemies":"4 Shapes","floor":45.0,"turns":3.0},{"damage":0.0,"enemies":"Transient","floor":48.0,"turns":5.0},{"damage":69.0,"enemies":"Replay:Hell Engine","floor":50.0,"turns":8.0},{"damage":0.0,"enemies":"Cultist","floor":52.0,"turns":2.0},{"damage":0.0,"enemies":"Small Slimes","floor":55.0,"turns":1.0},{"damage":0.0,"enemies":"Jaw Worm","floor":56.0,"turns":1.0},{"damage":0.0,"enemies":"Lagavulin","floor":57.0,"turns":2.0},{"damage":0.0,"enemies":"Exordium Wildlife","floor":59.0,"turns":1.0},{"damage":0.0,"enemies":"Gremlin Nob","floor":63.0,"turns":2.0},{"damage":0.0,"enemies":"Large Slime","floor":64.0,"turns":2.0},{"damage":0.0,"enemies":"2 Fungi Beasts","floor":65.0,"turns":2.0},{"damage":4.0,"enemies":"Fading Forest","floor":67.0,"turns":5.0},{"damage":0.0,"enemies":"3 Byrds","floor":69.0,"turns":2.0},{"damage":0.0,"enemies":"Shell Parasite","floor":70.0,"turns":2.0},{"damage":0.0,"enemies":"Centurion and Healer","floor":73.0,"turns":1.0},{"damage":0.0,"enemies":"Snecko","floor":75.0,"turns":3.0},{"damage":3.0,"enemies":"Slavers","floor":77.0,"turns":2.0},{"damage":6.0,"enemies":"Book of Stabbing","floor":79.0,"turns":2.0},{"damage":0.0,"enemies":"Masked Bandits","floor":81.0,"turns":2.0},{"damage":1.0,"enemies":"Snake Plant","floor":82.0,"turns":2.0},{"damage":4.0,"enemies":"Collector","floor":84.0,"turns":2.0},{"damage":0.0,"enemies":"Orb Walker","floor":86.0,"turns":1.0},{"damage":0.0,"enemies":"3 Shapes","floor":88.0,"turns":2.0},{"damage":27.0,"enemies":"Mind Bloom Boss Battle","floor":89.0,"turns":3.0},{"damage":23.0,"enemies":"R_Hoarder","floor":91.0,"turns":3.0},{"damage":0.0,"enemies":"Giant Head","floor":94.0,"turns":2.0},{"damage":0.0,"enemies":"Jaw Worm Horde","floor":96.0,"turns":2.0},{"damage":0.0,"enemies":"4 Shapes","floor":97.0,"turns":1.0},{"damage":1.0,"enemies":"Maw","floor":99.0,"turns":2.0},{"damage":24.0,"enemies":"Awakened One","floor":101.0,"turns":3.0},{"damage":0.0,"enemies":"2 Louse","floor":103.0,"turns":1.0},{"damage":0.0,"enemies":"Cultist","floor":109.0,"turns":1.0},{"damage":0.0,"enemies":"3 Sentries","floor":110.0,"turns":3.0},{"damage":0.0,"enemies":"Lagavulin","floor":111.0,"turns":2.0},{"damage":0.0,"enemies":"Gremlin Nob","floor":113.0,"turns":2.0},{"damage":0.0,"enemies":"Jaw Worm","floor":116.0,"turns":1.0},{"damage":0.0,"enemies":"Hexaghost","floor":118.0,"turns":2.0},{"damage":0.0,"enemies":"2 Thieves","floor":120.0,"turns":2.0},{"damage":0.0,"enemies":"Gremlin Leader","floor":125.0,"turns":2.0},{"damage":0.0,"enemies":"Slavers","floor":128.0,"turns":2.0},{"damage":0.0,"enemies":"Chosen","floor":132.0,"turns":2.0},{"damage":0.0,"enemies":"Centurion and Healer","floor":133.0,"turns":2.0},{"damage":13.0,"enemies":"Champ","floor":135.0,"turns":3.0},{"damage":0.0,"enemies":"Orb Walker","floor":137.0,"turns":2.0},{"damage":0.0,"enemies":"3 Shapes","floor":141.0,"turns":1.0},{"damage":24.0,"enemies":"R_Hoarder","floor":143.0,"turns":3.0},{"damage":0.0,"enemies":"Nemesis","floor":145.0,"turns":3.0},{"damage":0.0,"enemies":"Sphere and 2 Shapes","floor":146.0,"turns":3.0},{"damage":0.0,"enemies":"Maw","floor":149.0,"turns":4.0},{"damage":0.0,"enemies":"Spire Growth","floor":150.0,"turns":3.0},{"damage":34.0,"enemies":"Replay:Hell Engine","floor":152.0,"turns":4.0},{"damage":0,"enemies":"Jaw Worm","floor":154,"turns":1}],"seed_played":"-7114801860036707950","potions_obtained":[{"floor":2.0,"key":"Death Potion"},{"floor":12.0,"key":"SneckoOil"},{"floor":13.0,"key":"FearPotion"},{"floor":35.0,"key":"Adrenaline Potion"},{"floor":38.0,"key":"Swift Potion"},{"floor":41.0,"key":"Adrenaline Potion"},{"floor":45.0,"key":"Slimebound:ThreeZeroPotion"},{"floor":55.0,"key":"BlessingOfTheForge"},{"floor":56.0,"key":"Explosive Potion"},{"floor":73.0,"key":"SteroidPotion"},{"floor":86.0,"key":"Fruit Juice"},{"floor":88.0,"key":"Ancient Potion"},{"floor":114.0,"key":"Strength Potion"},{"floor":143.0,"key":"PowerPotion"},{"floor":153.0,"key":"Guardian:BlockOnCardUsePotion"}],"is_trial":true,"path_per_floor":["M","M","?","?","?","R","$","R","T","R","E","M","M","T","R","B",null,"M","M","?","?","$","R","M","M","T","$","?","R","M","$","R","B",null,"M","?","$","M","M","R","M","M","T","R","M","?","R","M","R","B",null,"M","$","?","M","M","E","?","M","T","R","?","E","M","M","R","B",null,"M","M","?","$","M","R","M","$","E","?","E","$","?","M","R","B",null,"M","$","M","?","?","E","$","R","E","?","M","M","?","M","R","B",null,"M","$","?","?","$","R","M","E","E","R","E","?","?","M","R","B",null,"M","?","$","?","?","E","R","?","E","?","?","$","M","M","R","B",null,"M","?","?","$","M","R","E","R","E","M","$","?","M","M","R","B",null,"M"],"character_chosen":"DEFECT","items_purchased":["DollysMirror","Beam Cell","Snack Pack","Gash","Self Repair","Singing Bowl","Runesmith:Locket","Replay:Bottled Steam","Girya","ClockworkSouvenir","Juzu Bracelet","TheAbacus","Guardian:BottledAnomaly","Membership Card","Iron Hammer","Vajra","champ:DuelingGlove","Replay:WaspNest","PreservedInsect","HandDrill","Replay:Bottled Eggs","ReplayFunnel","Sling","DataDisk","Defragment","Gash"],"campfire_rested":1,"item_purchase_floors":[7,7,22,27,53,53,53,72,76,87,87,87,92,104,104,107,122,131,131,131,140,147,147,147,147,147],"current_hp_per_floor":[75,75,57,57,57,75,75,75,75,75,69,69,69,69,69,69,75,75,72,72,72,72,72,73,75,75,75,75,75,75,75,75,71,75,75,75,75,75,75,75,75,75,75,75,64,64,75,75,75,19,57,57,57,57,59,61,63,48,54,54,65,65,67,67,69,69,71,71,73,75,75,75,77,77,79,79,81,81,83,83,85,87,87,87,87,87,87,94,81,69,58,58,73,97,97,104,108,108,112,112,114,114,119,119,119,119,119,119,123,125,127,127,129,129,129,133,133,135,135,140,143,143,143,143,145,145,145,147,147,147,147,151,155,155,157,157,161,153,153,153,157,157,159,159,161,165,168,171,175,179,179,179,188,188,188],"gold":369,"neow_bonus":"","is_daily":false,"chose_seed":false,"campfire_upgraded":19,"win_rate":0.0,"timestamp":1608627749,"path_taken":["M","?","?","?","?","R","$","R","T","R","E","M","M","?","R","BOSS","M","M","?","?","$","R","M","M","T","$","?","R","M","?","R","BOSS","M","?","$","M","M","R","M","M","T","R","?","?","R","M","R","BOSS","M","$","?","?","M","E","?","M","T","R","?","E","M","?","R","BOSS","M","M","?","?","M","R","M","$","E","?","E","$","?","M","R","BOSS","M","$","M","?","?","E","$","R","E","?","M","M","?","M","R","BOSS","M","$","?","?","$","R","M","E","E","R","E","?","?","M","R","BOSS","M","?","$","?","?","E","R","?","E","?","?","$","M","M","R","BOSS","M","?","?","$","M","R","E","R","E","M","$","?","M","M","R","BOSS","M"],"items_purchased_type":["Relic","Card","Relic","Card","Card","Relic","Relic","Relic","Relic","Relic","Relic","Relic","Relic","Relic","Relic","Relic","Relic","Relic","Relic","Relic","Relic","Relic","Relic","Relic","Card","Card"],"build_version":"2020-12-13","purchased_purges":4,"victory":false,"max_hp_per_floor":[75,75,75,75,75,75,75,75,75,75,75,75,75,75,75,75,75,75,75,75,75,75,75,75,75,75,75,75,75,75,75,75,75,75,75,75,75,75,75,75,75,75,75,75,75,75,75,75,75,75,57,57,57,57,59,61,63,63,65,65,65,65,67,67,69,69,71,71,73,75,75,75,77,77,79,79,81,81,83,83,85,87,87,87,87,87,87,94,96,96,98,98,98,100,100,104,108,108,112,112,114,114,119,119,119,119,119,119,123,125,127,127,129,129,129,133,133,135,135,140,143,143,143,143,145,145,145,147,147,147,147,151,155,155,157,157,161,153,153,153,157,157,159,159,161,165,168,171,175,179,179,181,188,188,188],"card_choices":[{"not_picked":["Ball Lightning","Chaos"],"picked":"ReplayGash","floor":1.0},{"not_picked":["Glacier","Static Discharge"],"picked":"Steam","floor":2.0},{"not_picked":["Turbo","Compile Driver","Creative AI"],"picked":"SKIP","floor":11.0},{"not_picked":["ReplaySolidLightProjector","Panic Button","Turbo"],"picked":"SKIP","floor":12.0},{"not_picked":["ReplayTheSpireMod:GoodbyeWorld","Stack"],"picked":"Steam","floor":13.0},{"not_picked":["Electrodynamics","Core Surge"],"picked":"All For One","floor":16.0},{"not_picked":["Rebound","Lockon","Hologram+1"],"picked":"SKIP","floor":18.0},{"not_picked":["Steam Power","Undo","Sweeping Beam"],"picked":"SKIP","floor":19.0},{"not_picked":["ReplayTheSpireMod:GoodbyeWorld","Streamline","ReplayTheSpireMod:Reroute Power"],"picked":"SKIP","floor":24.0},{"not_picked":["Stack","Turbo","Redo"],"picked":"SKIP","floor":25.0},{"not_picked":["Leap","Turbo","ReplaySort"],"picked":"SKIP","floor":30.0},{"not_picked":["Biased Cognition","Meteor Strike"],"picked":"Hyperbeam","floor":33.0},{"not_picked":["Leap+1","Melter","Static Discharge"],"picked":"SKIP","floor":35.0},{"not_picked":["Turbo+1","Conserve Battery+1"],"picked":"Steam+1","floor":38.0},{"not_picked":["Crystallizer+1","Glacier","Conserve Battery+1"],"picked":"SKIP","floor":39.0},{"not_picked":["Consume","White Noise","Time Bomb"],"picked":"SKIP","floor":41.0},{"not_picked":["Streamline+1","Chill+1","Go for the Eyes+1"],"picked":"SKIP","floor":42.0},{"not_picked":["Rebound","Doom and Gloom","Turbo+1"],"picked":"SKIP","floor":45.0},{"not_picked":["Barrage","Conserve Battery+1"],"picked":"ReplayGash","floor":48.0},{"not_picked":["Biased Cognition","Buffer"],"picked":"Echo Form","floor":50.0},{"not_picked":["Conserve Battery","Sweeping Beam"],"picked":"Go for the Eyes","floor":52.0},{"not_picked":["BasicCrystalCard","Heatsinks","ReplayTheSpireMod:GoodbyeWorld"],"picked":"Singing Bowl","floor":55.0},{"not_picked":["Recycle","Turbo","Hologram"],"picked":"Singing Bowl","floor":56.0},{"not_picked":["Ball Lightning","Lockon","Redo"],"picked":"Singing Bowl","floor":57.0},{"not_picked":["Coolheaded","Capacitor","Double Energy"],"picked":"Singing Bowl","floor":59.0},{"not_picked":["Panic Button","Steam","Scrape"],"picked":"Singing Bowl","floor":63.0},{"not_picked":["Redo","Cold Snap"],"picked":"Gash","floor":64.0},{"not_picked":["Lockon","Defragment","Core Surge"],"picked":"Singing Bowl","floor":65.0},{"not_picked":["All For One","ReplayRNGCard","Biased Cognition"],"picked":"Singing Bowl","floor":67.0},{"not_picked":["Streamline"],"picked":"Singing Bowl","floor":69.0},{"not_picked":["Undo"],"picked":"Singing Bowl","floor":70.0},{"not_picked":["Compile Driver"],"picked":"Singing Bowl","floor":73.0},{"not_picked":["ReplayTheSpireMod:Repulse"],"picked":"Singing Bowl","floor":75.0},{"not_picked":["Conserve Battery"],"picked":"Singing Bowl","floor":77.0},{"not_picked":["Genetic Algorithm+1"],"picked":"Singing Bowl","floor":79.0},{"not_picked":["Sunder"],"picked":"Singing Bowl","floor":81.0},{"not_picked":["Barrage+1"],"picked":"Singing Bowl","floor":82.0},{"not_picked":[],"picked":"All For One","floor":84.0},{"not_picked":[],"picked":"ReplayGash+1","floor":86.0},{"not_picked":["ReplayTheSpireMod:Calculation Training"],"picked":"Singing Bowl","floor":88.0},{"not_picked":["Panic Button+1"],"picked":"Singing Bowl","floor":89.0},{"not_picked":["Aggregate"],"picked":"Singing Bowl","floor":91.0},{"not_picked":["Consume+1"],"picked":"Singing Bowl","floor":94.0},{"not_picked":["ReplayTheSpireMod:Calculation Training"],"picked":"Singing Bowl","floor":96.0},{"not_picked":["Panic Button"],"picked":"Singing Bowl","floor":96.0},{"not_picked":["Conserve Battery+1"],"picked":"Singing Bowl","floor":97.0},{"not_picked":["Chaos"],"picked":"Singing Bowl","floor":97.0},{"not_picked":["Coolheaded"],"picked":"Singing Bowl","floor":99.0},{"not_picked":["Sweeping Beam+1"],"picked":"Singing Bowl","floor":99.0},{"not_picked":["Machine Learning"],"picked":"Singing Bowl","floor":101.0},{"not_picked":["Force Field"],"picked":"Singing Bowl","floor":103.0},{"not_picked":[],"picked":"Steam","floor":103.0},{"not_picked":["Anger"],"picked":"Singing Bowl","floor":109.0},{"not_picked":["Ball Lightning"],"picked":"Singing Bowl","floor":109.0},{"not_picked":["Fusion"],"picked":"Singing Bowl","floor":110.0},{"not_picked":["Static Discharge"],"picked":"Singing Bowl","floor":111.0},{"not_picked":["FIFO Queue"],"picked":"Singing Bowl","floor":113.0},{"not_picked":["Sweeping Beam"],"picked":"Singing Bowl","floor":116.0},{"not_picked":["Sweeping Beam"],"picked":"Singing Bowl","floor":116.0},{"not_picked":["Machine Learning"],"picked":"Singing Bowl","floor":118.0},{"not_picked":[],"picked":"Steam+1","floor":120.0},{"not_picked":["Glacier"],"picked":"Singing Bowl","floor":120.0},{"not_picked":["Panic Button"],"picked":"Singing Bowl","floor":125.0},{"not_picked":["Turbo"],"picked":"Singing Bowl","floor":128.0},{"not_picked":["Beam Cell"],"picked":"Singing Bowl","floor":132.0},{"not_picked":["BasicCrystalCard+1"],"picked":"Singing Bowl","floor":132.0},{"not_picked":["Time Bomb"],"picked":"Singing Bowl","floor":133.0},{"not_picked":["BasicCrystalCard"],"picked":"Singing Bowl","floor":133.0},{"not_picked":["Buffer"],"picked":"Singing Bowl","floor":135.0},{"not_picked":["FTL+1"],"picked":"Singing Bowl","floor":137.0},{"not_picked":["Panic Button"],"picked":"Singing Bowl","floor":137.0},{"not_picked":["FTL+1"],"picked":"Singing Bowl","floor":141.0},{"not_picked":["Hologram"],"picked":"Singing Bowl","floor":141.0},{"not_picked":["ReplayTheSpireMod:Reroute Power"],"picked":"Singing Bowl","floor":143.0},{"not_picked":["Cold Snap+1"],"picked":"Singing Bowl","floor":145.0},{"not_picked":["Reprogram+1"],"picked":"Singing Bowl","floor":146.0},{"not_picked":["Coolheaded"],"picked":"Singing Bowl","floor":146.0},{"not_picked":["Barrage"],"picked":"Singing Bowl","floor":149.0},{"not_picked":["Stack"],"picked":"Singing Bowl","floor":149.0},{"not_picked":["Hello World+1"],"picked":"Singing Bowl","floor":150.0},{"not_picked":["Barrage"],"picked":"Singing Bowl","floor":150.0},{"not_picked":["Creative AI"],"picked":"Singing Bowl","floor":152.0},{"not_picked":["Streamline+1"],"picked":"Singing Bowl","floor":153.0}],"player_experience":453617,"relics_obtained":[{"floor":9.0,"key":"Divine Protection"},{"floor":11.0,"key":"Toy Ornithopter"},{"floor":14.0,"key":"Kunai"},{"floor":26.0,"key":"Pantograph"},{"floor":43.0,"key":"Eternal Feather"},{"floor":60.0,"key":"StrikeDummy"},{"floor":66.0,"key":"Unceasing Top"},{"floor":71.0,"key":"Replay:Bandana"},{"floor":81.0,"key":"Red Mask"},{"floor":89.0,"key":"construct:BoolHorns"},{"floor":102.0,"key":"ReplayTheSpireMod:TigerMarble"},{"floor":102.0,"key":"Replay:Ringing Soul"},{"floor":102.0,"key":"Bird Faced Urn"}],"event_choices":[{"damage_healed":0.0,"max_hp_gain":0.0,"max_hp_loss":0.0,"gold_gain":0.0,"event_name":"Golden Idol","player_choice":"Take Damage","floor":3.0,"gold_loss":0.0,"damage_taken":18.0,"relics_obtained":["Golden Idol"]},{"damage_healed":57.0,"max_hp_gain":0.0,"max_hp_loss":75.0,"gold_gain":0.0,"event_name":"betterThird:BetterShining","player_choice":"Leave","floor":4.0,"gold_loss":0.0,"damage_taken":0.0},{"damage_healed":0.0,"max_hp_gain":0.0,"max_hp_loss":0.0,"gold_gain":175.0,"event_name":"betterThird:BetterSerpent","player_choice":"AGREE","floor":5.0,"gold_loss":0.0,"damage_taken":130.0},{"damage_healed":0.0,"max_hp_gain":0.0,"max_hp_loss":0.0,"gold_gain":0.0,"event_name":"Drug Dealer","player_choice":"Obtain J.A.X.","floor":20.0,"gold_loss":0.0,"damage_taken":0.0,"cards_obtained":["J.A.X."]},{"damage_healed":0.0,"max_hp_gain":0.0,"max_hp_loss":0.0,"gold_gain":0.0,"event_name":"Beggar","player_choice":"Ignored","floor":21.0,"gold_loss":0.0,"damage_taken":0.0},{"damage_healed":0.0,"max_hp_gain":0.0,"max_hp_loss":0.0,"gold_gain":0.0,"event_name":"Addict","player_choice":"Stole Relic","floor":28.0,"gold_loss":0.0,"damage_taken":0.0,"relics_obtained":["Replay:Bottled Flurry"],"cards_obtained":["Shame"]},{"damage_healed":0.0,"max_hp_gain":0.0,"max_hp_loss":0.0,"gold_gain":0.0,"event_name":"Duplicator","player_choice":"Copied","floor":36.0,"gold_loss":0.0,"damage_taken":0.0,"cards_obtained":["Gash"]},{"damage_healed":0.0,"max_hp_gain":0.0,"max_hp_loss":0.0,"gold_gain":0.0,"event_name":"Mysterious Sphere","player_choice":"Ignored","floor":46.0,"gold_loss":0.0,"damage_taken":0.0},{"damage_healed":0.0,"max_hp_gain":0.0,"max_hp_loss":0.0,"gold_gain":100.0,"event_name":"Golden Shrine","player_choice":"Pray","floor":54.0,"gold_loss":0.0,"damage_taken":0.0},{"damage_healed":0.0,"max_hp_gain":0.0,"max_hp_loss":0.0,"gold_gain":0.0,"event_name":"Golden Idol","player_choice":"Take Damage","floor":58.0,"gold_loss":0.0,"damage_taken":15.0,"relics_obtained":["Circlet"]},{"damage_healed":0.0,"max_hp_gain":0.0,"max_hp_loss":0.0,"gold_gain":0.0,"event_name":"Lab","player_choice":"Got Potions","floor":62.0,"gold_loss":0.0,"damage_taken":0.0},{"damage_healed":0.0,"max_hp_gain":0.0,"max_hp_loss":0.0,"gold_gain":0.0,"event_name":"Wheel of Change","player_choice":"Relic","floor":71.0,"gold_loss":0.0,"damage_taken":0.0},{"damage_healed":0.0,"max_hp_gain":0.0,"max_hp_loss":0.0,"gold_gain":0.0,"event_name":"Drug Dealer","player_choice":"Obtain J.A.X.","floor":78.0,"gold_loss":0.0,"damage_taken":0.0,"cards_obtained":["J.A.X."]},{"damage_healed":0.0,"max_hp_gain":0.0,"max_hp_loss":0.0,"gold_gain":0.0,"event_name":"Masked Bandits","player_choice":"Fought Bandits","floor":81.0,"gold_loss":0.0,"damage_taken":0.0},{"damage_healed":0.0,"max_hp_gain":0.0,"max_hp_loss":0.0,"gold_gain":0.0,"event_name":"MindBloom","player_choice":"Fight","floor":89.0,"gold_loss":0.0,"damage_taken":0.0},{"damage_healed":0.0,"max_hp_gain":0.0,"max_hp_loss":0.0,"gold_gain":0.0,"event_name":"Winding Halls","player_choice":"Embrace Madness","floor":90.0,"gold_loss":0.0,"damage_taken":12.0,"cards_obtained":["Madness","Madness"]},{"damage_healed":0.0,"max_hp_gain":0.0,"max_hp_loss":0.0,"gold_gain":0.0,"event_name":"Designer","player_choice":"Upgraded Two","floor":95.0,"gold_loss":40.0,"damage_taken":0.0,"cards_upgraded":["ReplayGash","Go for the Eyes"]},{"damage_healed":0.0,"max_hp_gain":0.0,"max_hp_loss":0.0,"gold_gain":0.0,"event_name":"Upgrade Shrine","player_choice":"Upgraded","floor":98.0,"gold_loss":0.0,"damage_taken":0.0,"cards_upgraded":["Madness"]},{"damage_healed":0.0,"max_hp_gain":0.0,"max_hp_loss":0.0,"gold_gain":0.0,"event_name":"betterThird:BetterScrap","player_choice":"LEAVE","floor":106.0,"gold_loss":0.0,"damage_taken":0.0,"cards_obtained":["Replay:Hum"]},{"damage_healed":0.0,"max_hp_gain":0.0,"max_hp_loss":0.0,"gold_gain":0.0,"event_name":"Lab","player_choice":"Got Potions","floor":114.0,"gold_loss":0.0,"damage_taken":0.0},{"damage_healed":0.0,"max_hp_gain":0.0,"max_hp_loss":0.0,"gold_gain":0.0,"event_name":"The Cleric","player_choice":"Leave","floor":115.0,"gold_loss":0.0,"damage_taken":0.0},{"damage_healed":0.0,"max_hp_gain":0.0,"max_hp_loss":0.0,"gold_gain":0.0,"event_name":"Match and Keep!","player_choice":"2 cards matched","floor":121.0,"gold_loss":0.0,"damage_taken":0.0,"cards_obtained":["Bandage Up","Zap"]},{"damage_healed":0.0,"max_hp_gain":0.0,"max_hp_loss":0.0,"gold_gain":0.0,"event_name":"Addict","player_choice":"Obtained Relic","floor":124.0,"gold_loss":85.0,"damage_taken":0.0,"relics_obtained":["Shuriken"]},{"damage_healed":0.0,"max_hp_gain":0.0,"max_hp_loss":0.0,"gold_gain":0.0,"event_name":"The Woman in Blue","player_choice":"Bought 0 Potions","floor":127.0,"gold_loss":0.0,"damage_taken":0.0},{"damage_healed":0.0,"max_hp_gain":0.0,"max_hp_loss":0.0,"gold_gain":0.0,"event_name":"Forgotten Altar","player_choice":"Gave Idol","floor":129.0,"relics_lost":["Golden Idol"],"gold_loss":0.0,"damage_taken":0.0,"relics_obtained":["Bloody Idol"]},{"damage_healed":0.0,"max_hp_gain":0.0,"max_hp_loss":8.0,"gold_gain":0.0,"event_name":"Winding Halls","player_choice":"Max HP","floor":138.0,"gold_loss":0.0,"damage_taken":0.0},{"cards_removed":["ReplayGash"],"damage_healed":0.0,"max_hp_gain":0.0,"max_hp_loss":0.0,"gold_gain":0.0,"event_name":"Falling","player_choice":"Removed Attack","floor":139.0,"gold_loss":0.0,"damage_taken":0.0},{"damage_healed":0.0,"max_hp_gain":0.0,"max_hp_loss":0.0,"gold_gain":0.0,"event_name":"OrinTheCat","player_choice":"Ignored","floor":148.0,"gold_loss":0.0,"damage_taken":0.0}],"is_beta":false,"boss_relics":[{"not_picked":["Ring of Chaos","Sozu"],"picked":"Philosopher\u0027s Stone"},{"not_picked":["Snecko Eye","SlaversCollar"],"picked":"Empty Cage"},{"not_picked":["SacredBark","ChewingGum"],"picked":"Replay:Drink Me"},{"not_picked":["Tiny House","Snecko Heart"],"picked":"Busted Crown"},{"not_picked":["FrozenCore","Honey Jar"],"picked":"SlaversCollar"},{"not_picked":["SacredBark","Ring of Chaos"],"picked":"Calling Bell"},{"not_picked":["ChewingGum","Snecko Eye"],"picked":"Cursed Key"},{"not_picked":["Painkiller Herb","Replay:Bronze Core"],"picked":"Black Star"},{"not_picked":["Runesmith:UraniumAnvil","sneckomod:SneckoTalon"],"picked":"Tiny House"}],"items_purged_floors":[7,92,122,147],"is_endless":true,"potions_floor_spawned":[2,12,13,16,18,24,35,38,41,45,48,55,56,59,63,64,67,73,75,79,86,88,89,99,103,110,125,143,149,150,154],"killed_by":"Jaw Worm","ascension_level":0}}