{"host":"87fdiiwflhrwsj8a","time":1608598627,"event":{"mods":["Aspiration","BaseMod","Better Match","Better Third Choice","BetterRewards","Colored Map","Conspire","GifTheSpireLib","Infinite Spire","Minty Spire (QoL Compilation)","Quick Restart","Relic Sorter","Replay The Spire","Robot Space Explorer","StSLib","Stuff the Spire","The Cursed","The Jungle"],"gold_per_floor":[110,110,110,110,127,127,161,161,186,218,235,235,254,269,269,342,342,362,362,362,312,332,359,376,376,445,445,474,474,487,521,521,600,600,615,688,688,706,385,385,385],"floor_reached":40,"playtime":1024,"items_purged":["Shame"],"score":954,"play_id":"c884c552-ad1c-401b-8340-f231e598d8e8","local_time":"20201221195707","is_ascension_mode":true,"campfire_choices":[{"data":"Bash","floor":6.0,"key":"SMITH"},{"data":"Strike_R","floor":8.0,"key":"SMITH"},{"data":"Strike_R","floor":15.0,"key":"SMITH"},{"floor":27.0,"key":"REST"},{"floor":29.0,"key":"REST"},{"floor":32,"key":"REST"}],"circlet_count":0,"master_deck":["AscendersBane","Strike_R+1","Strike_R+1","Strike_R","Strike_R","Strike_R","Defend_R","Defend_R","Defend_R","Defend_R","Bash+1","Injury","Clothesline+1","Perfected Strike+1","Body Slam+1","Run Through+1","StuffTheSpire:Slingshot+1","Pommel Strike+1","Berserk","Heavy Blade+1","Flame Barrier","Whirlwind+1","StuffTheSpire:Innocence","Cleave+1","Clothesline+1","Fiend Fire+1","Thunderclap+1","StuffTheSpire:Slingshot+1","Flame Barrier","Clothesline+1","Heavy Blade+1"],"relics":["Burning Blood","NeowsBlessing","Molten Egg 2","Self Forming Clay","StuffTheSpire:Wildfire","infinitespire:Beetle Shell","Smiling Mask","Snecko Heart","Pen Nib","White Beast Statue","Paper Frog","Nunchaku","Ring of Chaos","FossilizedHelix"],"acts_visited":["Exordium","TheCity","TheBeyond"],"potions_floor_usage":[33,33,40,40],"damage_taken":[{"damage":0.0,"enemies":"2 Louse","floor":1.0,"turns":1.0},{"damage":0.0,"enemies":"Jaw Worm","floor":5.0,"turns":1.0},{"damage":0.0,"enemies":"3 Sentries","floor":7.0,"turns":2.0},{"damage":27.0,"enemies":"Lagavulin","floor":10.0,"turns":6.0},{"damage":1.0,"enemies":"Cultist","floor":11.0,"turns":3.0},{"damage":0.0,"enemies":"2 Fungi Beasts","floor":13.0,"turns":2.0},{"damage":10.0,"enemies":"Blue Slaver","floor":14.0,"turns":3.0},{"damage":29.0,"enemies":"Hexaghost","floor":16.0,"turns":7.0},{"damage":0.0,"enemies":"Chosen","floor":18.0,"turns":2.0},{"damage":25.0,"enemies":"Shell Parasite","floor":22.0,"turns":4.0},{"damage":22.0,"enemies":"Nightmare","floor":23.0,"turns":6.0},{"damage":30.0,"enemies":"Chosen and Byrds","floor":24.0,"turns":5.0},{"damage":22.0,"enemies":"Book of Stabbing","floor":28.0,"turns":4.0},{"damage":6,"enemies":"Cultist and Chosen","floor":30,"turns":3},{"damage":15,"enemies":"Replay:Snechameleon","floor":31,"turns":4},{"damage":42,"enemies":"Pondfish","floor":33,"turns":5},{"damage":11,"enemies":"Orb Walker","floor":35,"turns":3},{"damage":8,"enemies":"3 Shapes","floor":38,"turns":6},{"damage":46,"enemies":"Reptomancer","floor":40,"turns":2}],"seed_played":"8275251952794970790","potions_obtained":[{"floor":5.0,"key":"Cursed Concoction"},{"floor":7.0,"key":"BloodPotion"},{"floor":10.0,"key":"Energy Potion"},{"floor":23.0,"key":"SteroidPotion"},{"floor":28.0,"key":"Block Potion"},{"floor":33,"key":"Fire Potion"},{"floor":35,"key":"SpeedPotion"}],"is_trial":false,"path_per_floor":["M","?","?","T","M","R","E","R","T","E","M","$","M","M","R","B",null,"M","?","?","$","M","NM","M","?","T","R","E","R","M","E","R","B",null,"M","?","?","M","$","E"],"character_chosen":"IRONCLAD","items_purchased":["FossilizedHelix"],"campfire_rested":3,"item_purchase_floors":[39],"current_hp_per_floor":[74,74,75,75,75,75,75,75,75,54,59,59,65,61,61,38,66,72,72,72,72,53,37,28,13,13,35,19,41,41,32,54,18,61,56,32,32,30,30,0,0],"gold":385,"neow_bonus":"THREE_ENEMY_KILL","is_daily":false,"chose_seed":false,"campfire_upgraded":3,"win_rate":0.0,"timestamp":1608598627,"path_taken":["M","?","?","?","M","R","E","R","T","E","M","$","?","M","R","BOSS","M","?","?","$","?","NM","M","?","T","R","E","R","M","E","R","BOSS","M","?","?","M","$","E"],"items_purchased_type":["Relic"],"build_version":"2020-12-13","purchased_purges":1,"victory":false,"max_hp_per_floor":[75,75,75,75,75,75,75,75,75,75,75,75,75,75,75,75,75,75,75,75,75,75,75,75,75,75,75,75,75,75,75,75,75,75,75,75,75,75,75,75,75],"card_choices":[{"not_picked":["Intimidate","Cleave","Evolve"],"picked":"SKIP","floor":1.0},{"not_picked":["Warcry","StuffTheSpire:Pyroclast+1"],"picked":"Clothesline+1","floor":5.0},{"not_picked":["conspire:Purge","Flex"],"picked":"Perfected Strike+1","floor":7.0},{"not_picked":["Infernal Blade","Massacre+1"],"picked":"Body Slam+1","floor":10.0},{"not_picked":["Havoc","Abandon"],"picked":"Run Through+1","floor":11.0},{"not_picked":["StuffTheSpire:RagingBull+1","ReplayTheSpireMod:Muscle Training"],"picked":"StuffTheSpire:Slingshot+1","floor":13.0},{"not_picked":["Blood for Blood+1","Warcry"],"picked":"Pommel Strike+1","floor":14.0},{"not_picked":["Barricade","Demon Form"],"picked":"Berserk","floor":16.0},{"not_picked":["Cleave+1","Sword Boomerang+1"],"picked":"Heavy Blade+1","floor":18.0},{"not_picked":["infinitespire:OneForAll+1","Shrug It Off","conspire:Charge+1"],"picked":"SKIP","floor":22.0},{"not_picked":["Armaments","Clash+1"],"picked":"Flame Barrier","floor":23.0},{"not_picked":["Anger+1","Body Slam+1"],"picked":"Whirlwind+1","floor":24.0},{"not_picked":["Burning Pact","ReplayReversal+1"],"picked":"Cleave+1","floor":28.0},{"not_picked":["Flex","StuffTheSpire:Pyroclast+1","Havoc"],"picked":"SKIP","floor":30},{"not_picked":["conspire:ExplosiveBarrier","Cleave+1"],"picked":"Clothesline+1","floor":31},{"not_picked":["Demonic Infusion","Juggernaut"],"picked":"Fiend Fire+1","floor":33},{"not_picked":["Flex","Sword Boomerang+1"],"picked":"Thunderclap+1","floor":35},{"not_picked":["ReplayTheSpireMod:Strike From Hell+1","Sword Boomerang+1"],"picked":"StuffTheSpire:Slingshot+1","floor":36},{"not_picked":["StuffTheSpire:RockThrow+1","ReplayTheSpireMod:Strike From Hell+1"],"picked":"Flame Barrier","floor":36},{"not_picked":["Iron Wave+1","StuffTheSpire:Slingshot+1"],"picked":"Clothesline+1","floor":36},{"not_picked":["StuffTheSpire:RockThrow+1","Burning Pact+1"],"picked":"Heavy Blade+1","floor":38}],"player_experience":2619026,"relics_obtained":[{"floor":4.0,"key":"Self Forming Clay"},{"floor":7.0,"key":"StuffTheSpire:Wildfire"},{"floor":9.0,"key":"infinitespire:Beetle Shell"},{"floor":10.0,"key":"Smiling Mask"},{"floor":23.0,"key":"Pen Nib"},{"floor":26.0,"key":"White Beast Statue"},{"floor":28.0,"key":"Paper Frog"},{"floor":31,"key":"Nunchaku"}],"event_choices":[{"damage_healed":0,"gold_gain":0,"player_choice":"Ignored","damage_taken":0,"max_hp_gain":0,"max_hp_loss":0,"event_name":"Tomb of Lord Red Mask","floor":37,"gold_loss":0}],"is_beta":false,"boss_relics":[{"not_picked":["StuffTheSpire:Kangaroo","Astrolabe"],"picked":"Snecko Heart"},{"not_picked":["Empty Cage","aspiration:WatcherSkillbook"],"picked":"Ring of Chaos"}],"items_purged_floors":[21],"is_endless":true,"potions_floor_spawned":[5,7,10,11,13,23,28,30,31,33,35,38],"killed_by":"Reptomancer","ascension_level":20}}