{"host":"f0gpob8hq9vgebej","time":1608620024,"event":{"mods":["AchievementEnabler","BaseMod","Googly Eyes","Minty Spire (QoL Compilation)","Quick Restart","SuperFastMode"],"gold_per_floor":[111,111,36,46,65,65,94,109,133,146,146,165,190,290,290,395,395,409,421,421,421,421],"floor_reached":21,"playtime":466,"items_purged":["Clumsy"],"score":306,"play_id":"97f8ba94-314a-4a08-a29c-bbdb15ccd6ce","local_time":"20201222155344","is_ascension_mode":true,"campfire_choices":[{"data":"Apotheosis","floor":11.0,"key":"SMITH"},{"floor":15.0,"key":"REST"}],"circlet_count":0,"master_deck":["AscendersBane","Strike_G","Strike_G","Strike_G","Strike_G","Strike_G","Defend_G","Defend_G","Defend_G+1","Defend_G","Defend_G","Survivor","Neutralize","Apotheosis+1","Crippling Poison","Dash","Calculated Gamble+1","Footwork","Envenom","Dagger Spray","Noxious Fumes","Phantasmal Killer","CurseOfTheBell","Acrobatics","Blade Dance","Prepared"],"relics":["Ring of the Snake","Bag of Marbles","War Paint","Snake Skull","Calling Bell","Nunchaku","Matryoshka","Tingsha"],"acts_visited":["Exordium","TheCity"],"potions_floor_usage":[21],"damage_taken":[{"damage":0.0,"enemies":"Jaw Worm","floor":1.0,"turns":5.0},{"damage":15.0,"enemies":"Small Slimes","floor":4.0,"turns":3.0},{"damage":0.0,"enemies":"Cultist","floor":5.0,"turns":4.0},{"damage":17.0,"enemies":"3 Sentries","floor":7.0,"turns":12.0},{"damage":9.0,"enemies":"Large Slime","floor":8.0,"turns":8.0},{"damage":8.0,"enemies":"Gremlin Gang","floor":10.0,"turns":5.0},{"damage":0.0,"enemies":"Blue Slaver","floor":12.0,"turns":5.0},{"damage":7.0,"enemies":"Gremlin Nob","floor":13.0,"turns":4.0},{"damage":20.0,"enemies":"Slime Boss","floor":16.0,"turns":9.0},{"damage":15.0,"enemies":"Spheric Guardian","floor":18.0,"turns":5.0},{"damage":33.0,"enemies":"2 Thieves","floor":19.0,"turns":4.0},{"damage":3,"enemies":"Shelled Parasite and Fungi","floor":21,"turns":3}],"seed_played":"-3870445395609548867","potions_obtained":[{"floor":7.0,"key":"LiquidMemories"},{"floor":10.0,"key":"Energy Potion"},{"floor":12.0,"key":"Swift Potion"},{"floor":16.0,"key":"EssenceOfSteel"},{"floor":18.0,"key":"FearPotion"},{"floor":19.0,"key":"AttackPotion"}],"is_trial":false,"path_per_floor":["M","?","$","M","M","?","E","M","T","M","R","M","E","?","R","B",null,"M","M","?","M"],"character_chosen":"THE_SILENT","items_purchased":[],"campfire_rested":1,"item_purchase_floors":[],"current_hp_per_floor":[63,63,63,48,48,53,36,27,27,19,19,19,12,12,34,14,60,45,12,12,9,9],"gold":421,"neow_bonus":"RANDOM_COLORLESS_2","is_daily":false,"chose_seed":false,"campfire_upgraded":1,"win_rate":0.0,"timestamp":1608620024,"path_taken":["M","?","$","M","M","?","E","M","T","M","R","M","E","?","R","BOSS","M","?","?","?"],"items_purchased_type":[],"build_version":"2020-12-13","purchased_purges":1,"victory":false,"max_hp_per_floor":[70,70,70,70,70,75,75,75,75,75,75,75,75,75,75,75,75,75,75,75,75,75],"card_choices":[{"not_picked":["HandOfGreed","The Bomb"],"picked":"Apotheosis","floor":0.0},{"not_picked":["Heel Hook","Deflect"],"picked":"Crippling Poison","floor":1.0},{"not_picked":["Endless Agony","Outmaneuver","Bane"],"picked":"SKIP","floor":4.0},{"not_picked":["Dagger Throw","Prepared"],"picked":"Dash","floor":5.0},{"not_picked":["Accuracy","Concentrate"],"picked":"Calculated Gamble","floor":7.0},{"not_picked":["Dagger Throw","Cloak And Dagger"],"picked":"Footwork","floor":8.0},{"not_picked":["Slice","Dodge and Roll"],"picked":"Envenom","floor":10.0},{"not_picked":["Flying Knee","Deadly Poison"],"picked":"Dagger Spray","floor":12.0},{"not_picked":["Doppelganger","Slice"],"picked":"Noxious Fumes","floor":13.0},{"not_picked":["Tools of the Trade","Malaise"],"picked":"Phantasmal Killer","floor":16.0},{"not_picked":["Deadly Poison","Bane+1"],"picked":"Acrobatics","floor":18.0},{"not_picked":["Envenom","Sucker Punch"],"picked":"Blade Dance","floor":19.0}],"player_experience":187977,"relics_obtained":[{"floor":7.0,"key":"Bag of Marbles"},{"floor":9.0,"key":"War Paint"},{"floor":13.0,"key":"Snake Skull"},{"floor":17.0,"key":"Nunchaku"},{"floor":17.0,"key":"Matryoshka"},{"floor":17.0,"key":"Tingsha"}],"event_choices":[{"damage_healed":0.0,"max_hp_gain":0.0,"max_hp_loss":0.0,"gold_gain":0.0,"event_name":"Liars Game","player_choice":"Ignored","floor":2.0,"gold_loss":0.0,"damage_taken":0.0},{"damage_healed":0.0,"max_hp_gain":5.0,"max_hp_loss":0.0,"gold_gain":0.0,"event_name":"Big Fish","player_choice":"Donut","floor":6.0,"gold_loss":0.0,"damage_taken":0.0},{"damage_healed":0.0,"max_hp_gain":0.0,"max_hp_loss":0.0,"gold_gain":100.0,"event_name":"Golden Shrine","player_choice":"Pray","floor":14.0,"gold_loss":0.0,"damage_taken":0.0},{"damage_healed":0.0,"max_hp_gain":0.0,"max_hp_loss":0.0,"gold_gain":0.0,"event_name":"Match and Keep!","player_choice":"1 cards matched","floor":20.0,"gold_loss":0.0,"damage_taken":0.0,"cards_obtained":["Prepared"]}],"is_beta":false,"boss_relics":[{"not_picked":["WristBlade","Runic Dome"],"picked":"Calling Bell"}],"items_purged_floors":[3],"is_endless":false,"potions_floor_spawned":[7,10,12,16,18,19],"killed_by":"Shelled Parasite and Fungi","ascension_level":12}}