{"host":"tm3ghj8mno6gwywm","time":1608629203,"event":{"mods":["2.2 Compatiblity","AchievementEnabler","Bard","BaseMod","Beaked The Cultist","Better Third Choice","Colored Map","Colored Powertips","Conspire","Downfall","Glutton Mod","GungeonMod","Halation","Hermit","Hubris","Infinite Spire","Jorbs\u0027s Wanderer Trilogy","Lobotomy","Mad Scientist","Marisa????????","Marked Mod","Mimic Mod","Minty Spire (QoL Compilation)","Potionbrewer","Quick Restart","READ ME - Guardian Mod","Replay The Spire","Shade Mod","Shop Mod","Somnambulant","Spicy Shops","StSLib","SuperFastMode","The Bug Knight","The Construct","The Cursed","The Disciple","The Factory","The Hierophant","The IronCluck","The Judge","The Jungle","The Necromancer","The Runesmith","The Servant 0.9.4","egg"],"gold_per_floor":[110,75,87,162,182,182,216,248,248,266,266,266,278,291,291,396,396,416,205,205,220,121,121,139,154,154,171,197,208,221,233,233,337,337,348,33,43,58,70,70,100,155,155,155,155,155,182,213,213,213,213,213,213,63,93,93],"floor_reached":57,"playtime":2318,"items_purged":[],"score":1785,"play_id":"b79b2ce0-587e-4c12-a62b-0749a02b5641","local_time":"20201222042643","is_ascension_mode":false,"campfire_choices":[{"floor":6,"key":"RECALL"},{"floor":11,"key":"REST"},{"floor":12,"key":"REST"},{"floor":15,"key":"REST"},{"floor":23,"key":"REST"},{"floor":32,"key":"REST"},{"floor":40,"key":"REST"},{"floor":45,"key":"REST"},{"floor":49,"key":"REST"},{"floor":53,"key":"REST"}],"circlet_count":0,"master_deck":["Strike_G","Strike_G","Strike_G","Strike_G","Defend_G","Defend_G","Defend_G","Defend_G","Defend_G","Survivor","Neutralize","All Out Attack+1","Backstab+1","ReplayTheSpireMod:Scrap Shanks+1","Infinite Blades+1","Underhanded Strike+1","hubris:SlightOfHand+1","All Out Attack+1","Prepared+1","PiercingWail+1","Expertise+1","Phantasmal Killer+1","Escape Plan+1","Dagger Throw+1","Distraction+1","Distraction+1","Mayhem+1","Mayhem+1","Acrobatics+1","ReplayTheSpireMod:The Works+1","Underhanded Strike+1","Calculated Gamble+1","Footwork+1","Storm of Steel+1","Tactician+1","Concentrate+1","Prepared+1","Choke+1","Slice+1","Fluid Movement+1"],"relics":["Ring of the Snake","Lizard Tail","Mummified Hand","Black Star","Molten Egg 2","Toxic Egg 2","Frozen Egg 2","Quantum Egg","Membership Card","WingedGreaves","hubris:ToyBattleship","construct:FoamFinger","infinitespire:WardingShard","Runesmith:Nanobots","Fusion Hammer","Ginger","halation:NonexistentMirror","conspire:Flyswatter","potionbrewer:DrinkingBird","hubris:SlimyHat","hubris:EmptyBottle","ReplayTheSpireMod:Shallot","Replay:Baseball","Boot","infinitespire:EvilPickle","hubris:Potato","Replay:Towering Pillar of Hats","hubris:Towel","hexamod:BolsterEngine","Toolbox","potionbrewer:SlideRule","Snake Skull"],"acts_visited":["Exordium","TheCity","TheBeyond","TheEnding"],"potions_floor_usage":[16,33,56,56,56,56,56,56],"damage_taken":[{"damage":0,"enemies":"conspire:RoseBush","floor":1,"turns":3},{"damage":0,"enemies":"Jaw Worm","floor":3,"turns":2},{"damage":0,"enemies":"Small Slimes","floor":5,"turns":2},{"damage":32,"enemies":"Lagavulin","floor":7,"turns":7},{"damage":0,"enemies":"Blue Slaver","floor":8,"turns":4},{"damage":0,"enemies":"Blue Slaver","floor":10,"turns":1},{"damage":0,"enemies":"Large Slime","floor":13,"turns":2},{"damage":0,"enemies":"3 Louse","floor":14,"turns":1},{"damage":0,"enemies":"Fading Forest","floor":16,"turns":11},{"damage":0,"enemies":"Spheric Guardian","floor":18,"turns":2},{"damage":0,"enemies":"Chosen","floor":21,"turns":2},{"damage":9,"enemies":"Sentry and Sphere","floor":24,"turns":4},{"damage":0,"enemies":"Snecko","floor":25,"turns":2},{"damage":0,"enemies":"Chosen and Byrds","floor":27,"turns":2},{"damage":14,"enemies":"Nightmare","floor":28,"turns":4},{"damage":0,"enemies":"Snake Plant","floor":29,"turns":2},{"damage":14,"enemies":"Snecko","floor":30,"turns":4},{"damage":2,"enemies":"Centurion and Healer","floor":31,"turns":5},{"damage":0,"enemies":"Pondfish","floor":33,"turns":6},{"damage":19,"enemies":"3 Darklings","floor":35,"turns":2},{"damage":0,"enemies":"Orb Walker","floor":37,"turns":2},{"damage":0,"enemies":"Maw","floor":38,"turns":4},{"damage":5,"enemies":"3 Darklings","floor":39,"turns":3},{"damage":0,"enemies":"Giant Head","floor":41,"turns":3},{"damage":1,"enemies":"2 Orb Walkers","floor":42,"turns":4},{"damage":0,"enemies":"Transient","floor":47,"turns":5},{"damage":2,"enemies":"Spire Growth","floor":48,"turns":3},{"damage":123,"enemies":"conspire:OrnateMirror","floor":50,"turns":6},{"damage":0,"enemies":"Shield and Spear","floor":55,"turns":4},{"damage":26,"enemies":"The Heart","floor":56,"turns":6}],"seed_played":"300513369161113807","potions_obtained":[{"floor":10,"key":"potionbrewer:NoxiousPotion"},{"floor":13,"key":"potionbrewer:DiscountPotion"},{"floor":14,"key":"PowerPotion"},{"floor":16,"key":"Block Potion"},{"floor":21,"key":"DuplicationPotion"},{"floor":41,"key":"DemoMod:LeadSkinPotion"}],"is_trial":false,"path_per_floor":["M","$","M","?","M","R","E","MIM","T","M","R","R","M","M","R","B",null,"M","$","?","M","$","R","M","M","T","M","NM","M","M","M","R","B",null,"M","$","M","M","M","R","E","?","T","?","R","?","M","M","R","B",null,null,"R","$","E","B",null],"character_chosen":"THE_SILENT","items_purchased":["ReplayTheSpireMod:Scrap Shanks+1","Dagger Throw+1","Ginger","halation:NonexistentMirror","Mayhem+1","hubris:EmptyBottle","ReplayTheSpireMod:Shallot","Replay:Baseball","Concentrate+1","hexamod:BolsterEngine","Toolbox"],"campfire_rested":9,"item_purchase_floors":[2,19,19,19,22,36,36,36,36,54,54],"current_hp_per_floor":[70,70,70,59,59,59,27,27,27,27,48,69,69,69,70,70,70,70,70,70,70,70,70,61,61,61,61,47,47,33,31,52,52,70,51,51,51,51,46,67,67,66,66,66,70,70,70,68,70,33,33,70,70,70,70,44],"gold":93,"neow_bonus":"TRANSFORM_CARD","is_daily":false,"chose_seed":false,"campfire_upgraded":0,"win_rate":0.0,"timestamp":1608629203,"path_taken":["M","$","?","?","M","R","E","?","T","M","R","R","M","M","R","BOSS","M","$","?","?","$","R","M","M","T","M","NM","M","M","M","R","BOSS","M","$","M","M","M","R","E","?","T","?","R","?","M","M","R","BOSS","R","$","E","BOSS"],"items_purchased_type":["Card","Card","Relic","Relic","Card","Relic","Relic","Relic","Card","Relic","Relic"],"build_version":"2020-12-13","purchased_purges":0,"victory":true,"max_hp_per_floor":[70,70,70,70,70,70,70,70,70,70,70,70,70,70,70,70,70,70,70,70,70,70,70,70,70,70,70,70,70,70,70,70,70,70,70,70,70,70,70,70,70,70,70,70,70,70,70,70,70,70,70,70,70,70,70,70],"card_choices":[{"not_picked":["Outmaneuver+1","PiercingWail+1"],"picked":"Backstab+1","floor":1},{"not_picked":["Terror+1","Prepared+1"],"picked":"Infinite Blades+1","floor":3},{"not_picked":["Malaise+1","Acrobatics+1"],"picked":"Underhanded Strike+1","floor":5},{"not_picked":["Terror+1","Dodge and Roll+1"],"picked":"hubris:SlightOfHand+1","floor":7},{"not_picked":["Choke+1","Expertise+1"],"picked":"All Out Attack+1","floor":8},{"not_picked":["Draining Mist+1","Dodge and Roll+1"],"picked":"Prepared+1","floor":10},{"not_picked":["Wraith Form v2+1","Poisoned Stab+1"],"picked":"PiercingWail+1","floor":13},{"not_picked":["Deadly Poison+1","Bane+1"],"picked":"Expertise+1","floor":14},{"not_picked":["Malaise+1","Wraith Form v2+1"],"picked":"Phantasmal Killer+1","floor":16},{"not_picked":["Deadly Poison+1","hubris:SlightOfHand+1"],"picked":"Escape Plan+1","floor":18},{"not_picked":["Sucker Punch+1","Cloak And Dagger+1"],"picked":"Distraction+1","floor":21},{"not_picked":["Hidden Blade+1","Quick Slash+1","Outmaneuver+1"],"picked":"SKIP","floor":24},{"not_picked":["Backflip+1","Outmaneuver+1"],"picked":"Acrobatics+1","floor":25},{"not_picked":["Blade Dance+1","hubris:Counter+1","Deflect+1"],"picked":"SKIP","floor":27},{"not_picked":["PiercingWail+1","Backflip+1"],"picked":"ReplayTheSpireMod:The Works+1","floor":28},{"not_picked":["Quick Slash+1","Toxin Wave+1"],"picked":"Underhanded Strike+1","floor":29},{"not_picked":["Bane+1","hubris:SlightOfHand+1"],"picked":"Calculated Gamble+1","floor":30},{"not_picked":["Poisoned Stab+1","ReplayTheSpireMod:From All Sides+1"],"picked":"Footwork+1","floor":31},{"not_picked":["Envenom+1","Malaise+1"],"picked":"Storm of Steel+1","floor":33},{"not_picked":["Outmaneuver+1","Choke+1"],"picked":"Tactician+1","floor":35},{"not_picked":["Hidden Blade+1","Flechettes+1","Poisoned Stab+1"],"picked":"SKIP","floor":37},{"not_picked":["Backflip+1","Blade Dance+1","Hidden Blade+1"],"picked":"SKIP","floor":38},{"not_picked":["Riddle With Holes+1","Dagger Throw+1"],"picked":"Prepared+1","floor":39},{"not_picked":["Replay:Poison Smokescreen+1","Bane+1","Concentrate+1"],"picked":"SKIP","floor":41},{"not_picked":["ReplayTheSpireMod:Exploit Weakness+1","Cloak And Dagger+1"],"picked":"Choke+1","floor":42},{"not_picked":["Riddle With Holes+1","Outmaneuver+1"],"picked":"Slice+1","floor":47},{"not_picked":["Hidden Blade+1","Prepared+1","Outmaneuver+1"],"picked":"SKIP","floor":48},{"not_picked":["ReplayTheSpireMod:Scrap Shanks+1","Poisoned Stab+1"],"picked":"Fluid Movement+1","floor":55}],"player_experience":782653,"relics_obtained":[{"floor":7,"key":"hubris:ToyBattleship"},{"floor":7,"key":"construct:FoamFinger"},{"floor":8,"key":"infinitespire:WardingShard"},{"floor":9,"key":"Runesmith:Nanobots"},{"floor":26,"key":"conspire:Flyswatter"},{"floor":28,"key":"potionbrewer:DrinkingBird"},{"floor":28,"key":"hubris:SlimyHat"},{"floor":41,"key":"Boot"},{"floor":42,"key":"hubris:Potato"},{"floor":43,"key":"Replay:Towering Pillar of Hats"},{"floor":55,"key":"potionbrewer:SlideRule"},{"floor":55,"key":"Snake Skull"}],"event_choices":[{"damage_healed":0,"gold_gain":75,"player_choice":"Gold","damage_taken":11,"max_hp_gain":0,"max_hp_loss":0,"event_name":"betterThird:BetterGoop","floor":4,"gold_loss":0},{"damage_healed":0,"gold_gain":0,"player_choice":"Bought 0 Potions","damage_taken":0,"max_hp_gain":0,"max_hp_loss":0,"event_name":"The Woman in Blue","floor":20,"gold_loss":0},{"damage_healed":0,"gold_gain":0,"player_choice":"Fight","damage_taken":0,"max_hp_gain":0,"max_hp_loss":0,"event_name":"Mysterious Sphere","floor":42,"gold_loss":0},{"damage_healed":0,"gold_gain":0,"player_choice":"Ignored","damage_taken":0,"max_hp_gain":0,"max_hp_loss":0,"event_name":"Tomb of Lord Red Mask","floor":46,"gold_loss":0}],"is_beta":false,"boss_relics":[{"not_picked":["ReplayTheSpireMod:DimensionalGlitch","Busted Crown"],"picked":"Fusion Hammer"},{"not_picked":["hubris:GrandSneckoEye","Astrolabe","Replay:Wanted Poster"]}],"items_purged_floors":[],"is_endless":false,"potions_floor_spawned":[10,13,14,16,21,29,31,33,38,39,41,42],"ascension_level":0}}