{"host":"4ia4wmtvbzfrqeuq","time":1608674091,"event":{"mods":["A Magickal Journey","Aspiration","BaseMod","Beaked The Cultist","Better Skull","Better Third Choice","BetterRewards","Card Forge","Conspire","Dio Mod","Downfall","Duelist Mod","Halation","Hermit","Hubris","Infinite Spire","Jorbs\u0027s Wanderer Trilogy","Koishi","KomeijiMod","Lobotomy","LobotomyExtend","Luminous","Mimic Mod","Minty Spire (QoL Compilation)","Prisma Mod","Replay The Spire","Robot Space Explorer","Shop Mod","Spicy Shops","StSLib","The Animator","The Cursed","The Disciple","The Elementalist","The Hierophant","The Necromancer","The Runesmith","The Wild Card","Wandering Minibosses","vexMod"],"gold_per_floor":[117,117,17,28,63,63,125,144,171,346,10,41,41,111,111,293,293,315,315,279,279,90,160,173,173,241,257,272,272,300,300,300,416,416,445,480,564,111,155,155,193,193,193,193,238,23,48,76,76,82,82,82,1660,1688,1745],"floor_reached":56,"playtime":5679,"items_purged":["hermit:Strike_Hermit","hermit:Strike_Hermit","hermit:Defend_Hermit","hermit:Defend_Hermit","hermit:Defend_Hermit","hubris:Envy","hermit:Determination","hermit:Purgatory","hermit:BigShot"],"score":1236,"play_id":"07a5d1bc-27d3-42a9-bdfd-2d702d54b89f","local_time":"20201222135451","is_ascension_mode":false,"campfire_choices":[{"floor":6.0,"key":"RECALL"},{"data":"infinitespire:NeuralNetwork","floor":15.0,"key":"SMITH"},{"data":"infinitespire:Collect","floor":29.0,"key":"SMITH"},{"data":"1","floor":40.0,"key":"LIFT"},{"data":"2","floor":49,"key":"LIFT"},{"data":"3","floor":52,"key":"LIFT"}],"circlet_count":0,"master_deck":["hermit:Strike_Hermit","hermit:Strike_Hermit","hermit:Snapshot+1","hermit:Covet+1","hermit:CalledShot+1","hermit:Ricochet+1","hermit:Snipe+1","hermit:GhostlyPresence+1","hermit:TakeAim+1","hermit:GhostlyPresence+1","hermit:GhostlyPresence+1","hermit:DeadOrAlive+1","hermit:CalledShot+1","theDuelist:DuelistAscender","infinitespire:NeuralNetwork+1","hermit:Deadeye","hermit:OverwhelmingPower+1","Doubt","hermit:FatalDesire","hermit:Enervate+1","hermit:DeadMansHand+1","hermit:BlackWind","infinitespire:Collect+1","hermit:GoldenBullet+1","hermit:BigShot+1","hermit:Enervate","hermit:Gambit+1","hermit:ShadowCloak","hermit:ShadowCloak"],"relics":["hermit:Momento","Hammer of Thor","Seething Fire","Anvil of the Gods","Membership Card","hubris:ToyBattleship","Orichalcum","infinitespire:CheckeredPen","Potion Belt","Chemical X","Meat on the Bone","Eternal Feather","Pear","halation:NonexistentMirror","Medical Kit","Simple Rune","conspire:GiftBox","LetterFromLob","vexMod:HeadHunter","hermit:RyeStalk","Pantograph","halation:IllGainedPizza","Blue Candle","Sundial","aspiration:PoetsPen_weak","Boot","aspiration:TomeofQuesting","Replay:Rubber Ducky","SacredBark","vexMod:InvisibilityCloak","hermit:BartenderGlass","wanderingMiniBosses:ThiefScarf","Kunai","HandDrill","Girya","Replay:PocketPolymizer","Strawberry","War Paint","hubris:SlimyHat","vexMod:PaidLearning","infinitespire:Bottled Soul","vexMod:MemoryStick"],"acts_visited":["Exordium","TheCity","TheBeyond","TheEnding"],"potions_floor_usage":[50,50,50,50,55,55,55],"damage_taken":[{"damage":0.0,"enemies":"Jaw Worm","floor":1.0,"turns":2.0},{"damage":6.0,"enemies":"conspire:RoseBush","floor":4.0,"turns":1.0},{"damage":0.0,"enemies":"2 Louse","floor":5.0,"turns":1.0},{"damage":1.0,"enemies":"3 Sentries","floor":7.0,"turns":3.0},{"damage":6.0,"enemies":"Blue Slaver","floor":8.0,"turns":2.0},{"damage":3.0,"enemies":"Red Slaver","floor":12.0,"turns":2.0},{"damage":9.0,"enemies":"Lagavulin","floor":14.0,"turns":3.0},{"damage":15.0,"enemies":"Slime Boss","floor":16.0,"turns":4.0},{"damage":10.0,"enemies":"Shell Parasite","floor":18.0,"turns":4.0},{"damage":4.0,"enemies":"Chosen","floor":20.0,"turns":5.0},{"damage":17.0,"enemies":"theDuelist:KaibaA2","floor":23.0,"turns":4.0},{"damage":2.0,"enemies":"Snecko","floor":24.0,"turns":4.0},{"damage":6.0,"enemies":"Cultist and Chosen","floor":27.0,"turns":2.0},{"damage":12.0,"enemies":"Snake Plant","floor":28.0,"turns":1.0},{"damage":0.0,"enemies":"3 Cultists","floor":30.0,"turns":3.0},{"damage":14.0,"enemies":"Automaton","floor":33.0,"turns":3.0},{"damage":34.0,"enemies":"3 Darklings","floor":35.0,"turns":2.0},{"damage":1.0,"enemies":"Orb Walker","floor":36.0,"turns":2.0},{"damage":31.0,"enemies":"Jaw Worm Horde","floor":37.0,"turns":4.0},{"damage":34.0,"enemies":"4 Shapes","floor":39.0,"turns":3.0},{"damage":55.0,"enemies":"Nemesis","floor":41.0,"turns":5.0},{"damage":17,"enemies":"Sphere and 2 Shapes","floor":45,"turns":4},{"damage":8,"enemies":"Transient","floor":47,"turns":5},{"damage":6,"enemies":"Spire Growth","floor":48,"turns":3},{"damage":18,"enemies":"Replay:Hell Engine","floor":50,"turns":4},{"damage":2,"enemies":"Shield and Spear","floor":54,"turns":2},{"damage":33,"enemies":"Kars","floor":55,"turns":6}],"seed_played":"4926442749450493741","potions_obtained":[{"floor":4.0,"key":"Languid Potion"},{"floor":5.0,"key":"Ancient Potion"},{"floor":8.0,"key":"Fire Potion"},{"floor":12.0,"key":"DuplicationPotion"},{"floor":18.0,"key":"Fire Potion"},{"floor":24.0,"key":"Strength Potion"},{"floor":27.0,"key":"Death Potion"},{"floor":28.0,"key":"Adrenaline Potion"},{"floor":33.0,"key":"SkillPotion"},{"floor":36.0,"key":"SkillPotion"},{"floor":47,"key":"SkillPotion"},{"floor":48,"key":"Elixir"}],"is_trial":false,"path_per_floor":["M","?","$","M","M","R","E","M","T","?","$","M","?","E","R","B",null,"M","?","M","?","$","E","M","AVR","T","M","M","R","M","?","R","B",null,"M","M","M","$","M","R","E","?","T","AVR","M","$","M","M","R","B",null,"R","$","E","B",null],"character_chosen":"HERMIT","items_purchased":["Membership Card","hubris:ToyBattleship","Orichalcum","infinitespire:CheckeredPen","hermit:Combo+1","hermit:CalledShot","hermit:Ricochet","Kunai","Potion Belt","Chemical X","hermit:Snipe","hermit:GhostlyPresence","hermit:TakeAim","Meat on the Bone","Eternal Feather","Pear","halation:NonexistentMirror","Medical Kit","Simple Rune","hermit:GhostlyPresence","conspire:GiftBox","vexMod:HeadHunter","Pantograph","halation:IllGainedPizza","Blue Candle","aspiration:TomeofQuesting","hermit:BigShot+1","hermit:Enervate","HandDrill","Girya","War Paint","infinitespire:BlackPotion","hubris:SlimyHat","vexMod:PaidLearning","infinitespire:Bottled Soul"],"campfire_rested":0,"item_purchase_floors":[0,0,0,0,0,0,0,0,0,0,0,0,0,0,0,0,0,0,0,0,0,3,11,11,11,22,38,38,38,38,46,53,53,53,53],"current_hp_per_floor":[50,50,50,44,44,53,52,46,46,46,46,43,43,46,58,68,85,79,79,79,79,79,62,64,64,64,58,46,61,61,61,85,71,85,51,50,70,70,48,63,55,95,102,102,85,85,77,71,86,84,102,102,102,100,69],"gold":1745,"neow_bonus":"","is_daily":false,"chose_seed":false,"campfire_upgraded":2,"win_rate":0.0,"timestamp":1608674091,"path_taken":["M","?","$","M","M","R","E","M","T","?","$","M","?","E","R","BOSS","M","?","M","?","$","E","M","AVR","T","M","?","R","M","?","R","BOSS","M","M","M","$","M","R","E","?","T","AVR","?","$","M","M","R","BOSS","R","$","E","BOSS"],"items_purchased_type":["Relic","Relic","Relic","Relic","Card","Card","Card","Relic","Relic","Relic","Card","Card","Card","Relic","Relic","Relic","Relic","Relic","Relic","Card","Relic","Relic","Relic","Relic","Relic","Relic","Card","Card","Relic","Relic","Relic","Potion","Relic","Relic","Relic"],"build_version":"2020-12-13","purchased_purges":9,"victory":true,"max_hp_per_floor":[85,85,85,85,85,85,85,85,85,85,85,85,85,85,85,85,85,85,85,85,85,85,85,85,85,85,85,85,85,85,85,85,85,85,85,85,85,85,85,85,85,95,102,102,102,102,102,102,102,102,102,102,102,102,102],"card_choices":[{"not_picked":["hermit:BlackWind","hermit:HighNoon"],"picked":"hermit:DeadOrAlive","floor":0.0},{"not_picked":["hermit:Combo","hermit:Gestalt"],"picked":"hermit:CalledShot","floor":1.0},{"not_picked":["ReplayTheSpireMod:Echoes of Time","ReplayTheSpireMod:Book of Names"],"picked":"infinitespire:NeuralNetwork","floor":2.0},{"not_picked":["hermit:Maintenance","hermit:Headshot"],"picked":"hermit:Deadeye","floor":4.0},{"not_picked":["hermit:LoneWolf","hermit:HoleUp","hermit:Coalescence"],"picked":"SKIP","floor":5.0},{"not_picked":["hermit:Dissolve","hermit:RoundhouseKick"],"picked":"hermit:OverwhelmingPower","floor":7.0},{"not_picked":["hermit:FullyLoaded","hermit:HeroicBravado"],"picked":"hermit:BigShot","floor":7.0},{"not_picked":["hermit:Virtue","hermit:Gestalt"],"picked":"hermit:Determination","floor":8.0},{"not_picked":["hermit:Vantage","hermit:Snipe","hermit:Coalescence"],"picked":"SKIP","floor":12.0},{"not_picked":["hermit:HighNoon","hermit:OverwhelmingPower"],"picked":"hermit:Reprieve","floor":14.0},{"not_picked":["hermit:LowProfile","hermit:HoleUp","hermit:HighCaliber"],"picked":"SKIP","floor":14.0},{"not_picked":["hermit:Reprieve","hermit:Gambit"],"picked":"hermit:FatalDesire","floor":16.0},{"not_picked":["hermit:Manifest+1","hermit:FullyLoaded+1"],"picked":"hermit:Enervate+1","floor":18.0},{"not_picked":["hermit:Cheat","hermit:LowProfile"],"picked":"hermit:DeadMansHand+1","floor":20.0},{"not_picked":["hermit:DeadOrAlive","hermit:FromBeyond"],"picked":"hermit:BlackWind","floor":23.0},{"not_picked":["hermit:ItchyTrigger","hermit:Misfire+1","hermit:Quickdraw"],"picked":"SKIP","floor":23.0},{"not_picked":["hermit:RoundhouseKick","hermit:Manifest","hermit:ItchyTrigger+1"],"picked":"SKIP","floor":24.0},{"not_picked":["hermit:Snipe","hermit:Roulette","hermit:LoneWolf"],"picked":"SKIP","floor":27.0},{"not_picked":["hermit:ItchyTrigger","hermit:Vantage","hermit:HighCaliber"],"picked":"SKIP","floor":28.0},{"not_picked":["hermit:HighCaliber","hermit:Determination","hermit:SprayPray+1"],"picked":"SKIP","floor":30.0},{"not_picked":["hermit:DeadOrAlive","hermit:BlackWind"],"picked":"hermit:Purgatory","floor":33.0},{"not_picked":["hermit:Headshot+1","hermit:CalledShot+1"],"picked":"hermit:GoldenBullet","floor":35.0},{"not_picked":["hermit:Vantage+1","hermit:LowProfile+1","hermit:Feint"],"picked":"SKIP","floor":36.0},{"not_picked":["hermit:Feint","hermit:BodyArmor+1","hermit:Misfire+1"],"picked":"SKIP","floor":37.0},{"not_picked":["hermit:FullyLoaded+1","hermit:Reprieve","hermit:ItchyTrigger"],"picked":"SKIP","floor":39.0},{"not_picked":["hermit:Dissolve","hermit:Purgatory"],"picked":"hermit:Gambit","floor":41.0},{"not_picked":["hermit:Quickdraw+1","hermit:GhostlyPresence","hermit:DeadMansHand"],"picked":"SKIP","floor":41.0},{"not_picked":["hermit:Misfire+1","hermit:Shortfuse","hermit:HighCaliber"],"picked":"SKIP","floor":45},{"not_picked":["hermit:Vantage+1","hermit:Feint+1","hermit:CursedWeapon"],"picked":"SKIP","floor":47},{"not_picked":["hermit:HighCaliber+1","hermit:HoleUp"],"picked":"hermit:ShadowCloak","floor":48},{"not_picked":["hermit:FinalCanter","hermit:RoundhouseKick","hermit:HeroicBravado"],"picked":"SKIP","floor":54},{"not_picked":["hermit:PistolWhip+1","hermit:Roulette","hermit:CursedWeapon+1"],"picked":"SKIP","floor":54}],"player_experience":864066,"relics_obtained":[{"floor":1.0,"key":"LetterFromLob"},{"floor":7.0,"key":"hermit:RyeStalk"},{"floor":14.0,"key":"Sundial"},{"floor":21.0,"key":"Boot"},{"floor":23.0,"key":"Replay:Rubber Ducky"},{"floor":26.0,"key":"vexMod:InvisibilityCloak"},{"floor":37.0,"key":"wanderingMiniBosses:ThiefScarf"},{"floor":37.0,"key":"Kunai"},{"floor":41.0,"key":"Replay:PocketPolymizer"},{"floor":43.0,"key":"Strawberry"},{"floor":54,"key":"vexMod:MemoryStick"}],"event_choices":[{"damage_healed":0.0,"max_hp_gain":0.0,"max_hp_loss":0.0,"gold_gain":175.0,"event_name":"betterThird:BetterSerpent","player_choice":"AGREE","floor":10.0,"gold_loss":0.0,"damage_taken":171.0},{"damage_healed":0.0,"max_hp_gain":0.0,"max_hp_loss":0.0,"gold_gain":0.0,"event_name":"Ghosts","player_choice":"Ignored","floor":19.0,"gold_loss":0.0,"damage_taken":0.0},{"damage_healed":0.0,"max_hp_gain":0.0,"max_hp_loss":0.0,"gold_gain":0.0,"event_name":"Wheel of Change","player_choice":"Relic","floor":21.0,"gold_loss":0.0,"damage_taken":0.0},{"damage_healed":28.0,"max_hp_gain":0.0,"max_hp_loss":0.0,"gold_gain":0.0,"event_name":"The Library","player_choice":"Heal","floor":32.0,"gold_loss":0.0,"damage_taken":0.0},{"cards_removed":["hermit:Reprieve"],"damage_healed":30.0,"max_hp_gain":10.0,"max_hp_loss":0.0,"gold_gain":0.0,"event_name":"Bonfire Elementals","player_choice":"Offered Rare","floor":42.0,"gold_loss":0.0,"damage_taken":0.0}],"is_beta":false,"boss_relics":[{"not_picked":["hermit:DentedPlate","Honey Jar"],"picked":"aspiration:PoetsPen_weak"},{"not_picked":["halation:CatFaceCupcake","Replay:Grab Bag"],"picked":"hermit:BartenderGlass"}],"items_purged_floors":[0,0,0,0,0,3,22,38,46],"is_endless":false,"potions_floor_spawned":[4,5,8,12,18,24,27,28,33,36,47,48],"ascension_level":0}}