{"host":"0dgh6dagbcoaqfos","time":1608595863,"event":{"mods":["2.2 Compatiblity","Act Like it!","AlwaysNeverKeys","BaseMod","BetterRewards","CapriCore","Jorbs\u0027s Wanderer Trilogy","Lobotomy","LobotomyExtend","Minty Spire (QoL Compilation)","StSLib"],"gold_per_floor":[117,117,117,134,147,147,147,162,162,197,197,19,19,19,19,124,124,124,124,124,74,74,74,74,74,74,74,74,74,74],"floor_reached":29,"playtime":997,"items_purged":[],"score":273,"play_id":"f4cc1ada-b86a-4441-b409-4bff1909c5e6","local_time":"20201221181103","is_ascension_mode":false,"campfire_choices":[],"circlet_count":0,"master_deck":["BodiesMountain","LongBird","SpecialBullet","SpecialBullet","SpecialBullet","SpecialBullet","SpecialBullet","SpecialBullet","SpecialBullet","SpecialBullet","ControlCode","InformationCode","TrainingCode","Heaven","MeltingLove","Twilight","Hypocrisy+1","Freischutz","TT2Protocol","SummonCall","Wellcheers"],"relics":["CogitoBucket","RabbitCall","NeowsBlessing","LetterFromLob","FaceOfCleric","Justitia_r","Mummified Hand","Singing Bowl","Membership Card","MagicBullet_r","Ectoplasm","Amita_r","Mercury Hourglass","TheSmile_r"],"acts_visited":["Exordium","TheCity"],"potions_floor_usage":[10,10,16,22,28,28],"damage_taken":[{"damage":0,"enemies":"2 Louse","floor":1,"turns":1},{"damage":0,"enemies":"Cultist","floor":4,"turns":1},{"damage":0,"enemies":"Small Slimes","floor":5,"turns":1},{"damage":0,"enemies":"Exordium Wildlife","floor":8,"turns":2},{"damage":18,"enemies":"Lagavulin","floor":10,"turns":3},{"damage":37,"enemies":"The Guardian","floor":16,"turns":5},{"damage":16,"enemies":"2 Thieves","floor":18,"turns":3},{"damage":28,"enemies":"Spheric Guardian","floor":20,"turns":4},{"damage":0,"enemies":"Snecko","floor":22,"turns":1},{"damage":1,"enemies":"Centurion and Healer","floor":24,"turns":2},{"damage":41,"enemies":"Snake Plant","floor":28,"turns":2},{"damage":26,"enemies":"Shelled Parasite and Fungi","floor":29,"turns":2}],"seed_played":"-2915264921445651296","potions_obtained":[{"floor":1,"key":"ColorlessPotion"},{"floor":8,"key":"AttackPotion"},{"floor":20,"key":"Fire Potion"},{"floor":22,"key":"ColorlessPotion"},{"floor":24,"key":"Energy Potion"}],"is_trial":false,"path_per_floor":["M","$","?","M","M","R","$","M","T","E","R","$","R","M","R","B",null,"M","?","M","?","M","R","M","R","T","R","M","M"],"character_chosen":"Angela","items_purchased":["Membership Card","FearPotion"],"campfire_rested":0,"item_purchase_floors":[12,12],"current_hp_per_floor":[70,70,70,71,72,72,72,73,73,58,58,58,58,61,61,25,77,66,66,45,45,52,52,54,54,54,54,20,0,0],"gold":74,"neow_bonus":"THREE_ENEMY_KILL","is_daily":false,"chose_seed":false,"campfire_upgraded":0,"win_rate":0.0,"timestamp":1608595863,"path_taken":["M","$","?","?","M","R","$","M","T","E","R","$","R","M","R","BOSS","M","?","M","?","M","R","M","R","T","R","?","M"],"items_purchased_type":["Relic","Potion"],"build_version":"2020-12-13","purchased_purges":0,"victory":false,"max_hp_per_floor":[70,70,70,71,72,72,72,73,73,76,76,76,76,76,76,77,77,82,82,89,89,97,97,102,102,102,102,111,112,112],"card_choices":[{"not_picked":["Lantern"],"picked":"Heaven","floor":1},{"not_picked":["Beak","FourthMatchFlame"],"picked":"SKIP","floor":4},{"not_picked":["GalaxyChild","UniverseFragment"],"picked":"LongBird","floor":5},{"not_picked":["Noise"],"picked":"DaCapo","floor":5},{"not_picked":["Discord","Loneliness"],"picked":"SKIP","floor":8},{"not_picked":["SoundOfStar","Laetitia_ego"],"picked":"Singing Bowl","floor":10},{"not_picked":["MeatLantern","Bloodbath"],"picked":"MeltingLove","floor":10},{"not_picked":["GoldRush"],"picked":"Twilight","floor":16},{"not_picked":["BeautyBeast","BigBird"],"picked":"Mercenary","floor":18},{"not_picked":["TodaysExpression"],"picked":"Hypocrisy+1","floor":18},{"not_picked":["FairyFestival","HeroicMonk"],"picked":"Freischutz","floor":20},{"not_picked":["RedEyes+1","Noise+1"],"picked":"Singing Bowl","floor":20},{"not_picked":["Wellcheers","Variant"],"picked":"BodiesMountain","floor":22},{"not_picked":["SomewhereSpear","Moonlight"],"picked":"Singing Bowl","floor":22},{"not_picked":["Loneliness","FourthMatchFlame"],"picked":"Singing Bowl","floor":24},{"not_picked":["SpiderBud","WhitesApple"],"picked":"Wellcheers","floor":28},{"not_picked":["Lantern","SomewhereSpear"],"picked":"Singing Bowl","floor":28}],"player_experience":359680,"relics_obtained":[{"floor":1,"key":"LetterFromLob"},{"floor":9,"key":"Mummified Hand"},{"floor":10,"key":"Singing Bowl"},{"floor":26,"key":"Mercury Hourglass"}],"event_choices":[{"damage_healed":0,"gold_gain":0,"player_choice":"Trade","damage_taken":0,"relics_obtained":["FaceOfCleric"],"max_hp_gain":0,"max_hp_loss":0,"event_name":"FaceTrader","floor":3,"gold_loss":0},{"damage_healed":0,"gold_gain":0,"player_choice":"Ignored","damage_taken":0,"max_hp_gain":0,"max_hp_loss":0,"event_name":"Vampires","floor":19,"gold_loss":0},{"damage_healed":0,"gold_gain":100,"player_choice":"Bet on Murderer","damage_taken":0,"max_hp_gain":0,"max_hp_loss":0,"event_name":"The Joust","floor":21,"gold_loss":50}],"is_beta":false,"boss_relics":[{"not_picked":["Empty Cage","Astrolabe"],"picked":"Ectoplasm"}],"items_purged_floors":[],"is_endless":false,"potions_floor_spawned":[1,8,20,22,24],"killed_by":"Shelled Parasite and Fungi","ascension_level":0}}