{"host":"kpyoctgc7jne3jiy","time":1608641779,"event":{"mods":["AchievementEnabler","BaseMod","Minty Spire (QoL Compilation)"],"gold_per_floor":[114,129,144,159,174,174,204,204,204,219,234,38,38,53,53,153,153,168,183,198,83,98,98,113,128,178,228,228,228],"floor_reached":28,"playtime":1796,"items_purged":["Strike_B"],"score":248,"play_id":"8fb9061b-0396-4b6e-ad84-6445e4226df5","local_time":"20201222135619","daily_mods":["Allstar","Diverse","DeadlyEvents"],"is_ascension_mode":false,"campfire_choices":[{"data":"Crippling Poison","floor":6,"key":"SMITH"},{"data":"Defragment","floor":13,"key":"SMITH"},{"floor":15,"key":"REST"},{"floor":23,"key":"REST"}],"circlet_count":0,"master_deck":["Strike_B","Strike_B","Strike_B","Defend_B","Defend_B","Defend_B","Defend_B","Zap","Dualcast","Chrysalis","Enlightenment","Good Instincts","The Bomb","Thinking Ahead","BootSequence","Crippling Poison+1","BowlingBash","Defragment+1","Conserve Battery","Skim","Bane","Evaluate","HandOfGreed","Defragment","Malaise","Capacitor","Leg Sweep","Fusion","Tantrum","Ball Lightning+1","Dash+1","Cold Snap","Doubt"],"relics":["Cracked Core","Unceasing Top","Ginger","Letter Opener","Cursed Key","Strawberry","Ancient Tea Set"],"acts_visited":["Exordium","TheCity"],"potions_floor_usage":[7,16,16,22,25,27],"damage_taken":[{"damage":1,"enemies":"Jaw Worm","floor":1,"turns":4},{"damage":0,"enemies":"2 Louse","floor":2,"turns":4},{"damage":1,"enemies":"Cultist","floor":3,"turns":4},{"damage":5,"enemies":"2 Fungi Beasts","floor":4,"turns":3},{"damage":2,"enemies":"3 Louse","floor":5,"turns":3},{"damage":8,"enemies":"Lagavulin","floor":7,"turns":7},{"damage":0,"enemies":"Looter","floor":10,"turns":4},{"damage":4,"enemies":"2 Fungi Beasts","floor":11,"turns":3},{"damage":10,"enemies":"Exordium Thugs","floor":14,"turns":4},{"damage":5,"enemies":"Slime Boss","floor":16,"turns":7},{"damage":0,"enemies":"2 Thieves","floor":18,"turns":3},{"damage":4,"enemies":"Shell Parasite","floor":19,"turns":6},{"damage":14,"enemies":"Snake Plant","floor":20,"turns":5},{"damage":20,"enemies":"Chosen and Byrds","floor":22,"turns":7},{"damage":12,"enemies":"Centurion and Healer","floor":24,"turns":7},{"damage":15,"enemies":"Snake Plant","floor":25,"turns":4},{"damage":15,"enemies":"Book of Stabbing","floor":27,"turns":6},{"damage":29,"enemies":"Sentry and Sphere","floor":28,"turns":5}],"seed_played":"-7682526130134428503","potions_obtained":[{"floor":4,"key":"AttackPotion"},{"floor":5,"key":"Fire Potion"},{"floor":10,"key":"Fire Potion"},{"floor":11,"key":"BlessingOfTheForge"},{"floor":14,"key":"Weak Potion"},{"floor":22,"key":"CultistPotion"},{"floor":24,"key":"Strength Potion"},{"floor":25,"key":"SneckoOil"}],"is_trial":false,"path_per_floor":["M","M","M","M","M","R","E","?","T","M","M","$","R","M","R","B",null,"M","M","M","$","M","R","M","M","T","E","M"],"character_chosen":"DEFECT","items_purchased":["HandOfGreed","Tantrum"],"campfire_rested":2,"item_purchase_floors":[12,21],"current_hp_per_floor":[74,74,73,68,66,66,58,51,51,51,47,47,47,37,59,54,75,75,71,57,57,37,59,47,32,39,24,0,0],"gold":228,"neow_bonus":"","is_daily":true,"chose_seed":false,"campfire_upgraded":2,"win_rate":0.0,"timestamp":1608641779,"path_taken":["M","M","M","M","M","R","E","?","T","M","M","$","R","M","R","BOSS","M","M","M","$","M","R","M","M","T","E","M"],"items_purchased_type":["Card","Card"],"build_version":"2020-12-13","purchased_purges":1,"victory":false,"max_hp_per_floor":[75,75,75,75,75,75,75,75,75,75,75,75,75,75,75,75,75,75,75,75,75,75,75,75,75,82,82,82,82],"card_choices":[{"not_picked":["Shrug It Off","Skewer"],"picked":"BootSequence","floor":1},{"not_picked":["Underhanded Strike","Deflect"],"picked":"Crippling Poison","floor":2},{"not_picked":["Prostrate","Double Energy"],"picked":"BowlingBash","floor":3},{"not_picked":["Sanctity","Collect"],"picked":"Defragment","floor":4},{"not_picked":["Streamline","CrushJoints"],"picked":"Conserve Battery","floor":5},{"not_picked":["Headbutt","Glass Knife"],"picked":"Skim","floor":7},{"not_picked":["BattleHymn","Conserve Battery"],"picked":"Bane","floor":10},{"not_picked":["Tempest","FlyingSleeves"],"picked":"Evaluate","floor":11},{"not_picked":["Evaluate","Masterful Stab"],"picked":"Defragment","floor":14},{"not_picked":["Establishment","Ragnarok"],"picked":"Malaise","floor":16},{"not_picked":["Barrage","Anger+1"],"picked":"Capacitor","floor":18},{"not_picked":["Bouncing Flask","Heavy Blade+1"],"picked":"Leg Sweep","floor":19},{"not_picked":["Flying Knee","Gash"],"picked":"Fusion","floor":20},{"not_picked":["Cleave+1","Flame Barrier"],"picked":"Ball Lightning+1","floor":22},{"not_picked":["Skewer+1","CrushJoints"],"picked":"Dash+1","floor":24},{"not_picked":["Flex","PathToVictory"],"picked":"Cold Snap","floor":25},{"not_picked":["Bane","FlyingSleeves+1","Cold Snap"],"picked":"SKIP","floor":27}],"player_experience":235144,"relics_obtained":[{"floor":7,"key":"Unceasing Top"},{"floor":9,"key":"Letter Opener"},{"floor":26,"key":"Strawberry"},{"floor":27,"key":"Ancient Tea Set"}],"event_choices":[{"damage_healed":0,"gold_gain":0,"player_choice":"Success","damage_taken":7,"relics_obtained":["Ginger"],"max_hp_gain":0,"max_hp_loss":0,"event_name":"Scrap Ooze","floor":8,"gold_loss":0}],"is_beta":false,"boss_relics":[{"not_picked":["Black Star","Inserter"],"picked":"Cursed Key"}],"items_purged_floors":[21],"is_endless":false,"potions_floor_spawned":[4,5,10,11,14,22,24,25],"killed_by":"Sentry and Sphere","ascension_level":0}}