{"host":"y56d1fjpgcjsodvy","time":1608629277,"event":{"mods":["BaseMod","Colored Powertips","GifTheSpireLib","Highlight Path","Minty Spire (QoL Compilation)","StSLib","SuperFastMode","everything is the same but u backflip on backflip"],"gold_per_floor":[110,110,127,127,139,139,151,151,197,197,197],"floor_reached":10,"playtime":205,"items_purged":[],"score":116,"play_id":"5fe62a30-37ba-4a27-b23a-8c4ac7c828a8","local_time":"20201222182757","is_ascension_mode":true,"campfire_choices":[{"data":"Neutralize","floor":6,"key":"SMITH"},{"data":"Terror","floor":8,"key":"SMITH"}],"circlet_count":0,"master_deck":["AscendersBane","Strike_G","Strike_G","Strike_G","Strike_G","Strike_G","Defend_G","Defend_G","Defend_G","Defend_G","Defend_G","Survivor","Neutralize+1","Blur","Expertise","Terror+1","Deflect"],"relics":["Sozu","Centennial Puzzle","Bag of Marbles"],"acts_visited":["Exordium"],"potions_floor_usage":[],"damage_taken":[{"damage":6,"enemies":"Cultist","floor":1,"turns":5},{"damage":0,"enemies":"Jaw Worm","floor":3,"turns":6},{"damage":0,"enemies":"2 Louse","floor":5,"turns":4},{"damage":13,"enemies":"Exordium Thugs","floor":7,"turns":8},{"damage":25,"enemies":"Lagavulin","floor":10,"turns":10}],"seed_played":"7400150074060869509","potions_obtained":[],"is_trial":false,"path_per_floor":["M","?","M","?","M","R","M","R","T","E"],"character_chosen":"THE_SILENT","items_purchased":[],"campfire_rested":0,"item_purchase_floors":[],"current_hp_per_floor":[53,35,35,35,35,35,22,22,22,0,0],"gold":197,"neow_bonus":"BOSS_RELIC","is_daily":false,"chose_seed":false,"campfire_upgraded":2,"win_rate":0.0,"timestamp":1608629277,"path_taken":["M","?","M","?","M","R","M","R","T","E"],"items_purchased_type":[],"build_version":"2020-12-13","purchased_purges":0,"victory":false,"max_hp_per_floor":[66,66,66,66,66,66,66,66,66,66,66],"card_choices":[{"not_picked":["Catalyst","Dagger Spray"],"picked":"Blur","floor":1},{"not_picked":["Deflect","Leg Sweep"],"picked":"Expertise","floor":3},{"not_picked":["Bane","Skewer"],"picked":"Terror","floor":5},{"not_picked":["Bane","Infinite Blades"],"picked":"Deflect","floor":7}],"player_experience":1174286,"relics_obtained":[{"floor":9,"key":"Bag of Marbles"}],"event_choices":[{"damage_healed":0,"gold_gain":0,"player_choice":"Success","damage_taken":18,"relics_obtained":["Centennial Puzzle"],"max_hp_gain":0,"max_hp_loss":0,"event_name":"Scrap Ooze","floor":2,"gold_loss":0},{"damage_healed":0,"gold_gain":0,"player_choice":"Ignored","damage_taken":0,"max_hp_gain":0,"max_hp_loss":0,"event_name":"Liars Game","floor":4,"gold_loss":0}],"is_beta":false,"boss_relics":[],"items_purged_floors":[],"is_endless":false,"potions_floor_spawned":[1,3,7],"killed_by":"Lagavulin","ascension_level":20}}