{"host":"03a85bwj0a5skoit","time":1608604457,"event":{"mods":["BaseMod","Block Reminder","Minty Spire (QoL Compilation)","Relic Stats","StSLib"],"gold_per_floor":[119,138,138,138,413,440,459,478,478,478,478,57,57,57,57],"floor_reached":14,"playtime":189,"items_purged":[],"score":226,"play_id":"41a70bcd-8e32-45cc-bee7-cbc0f5302a18","local_time":"20201222130417","is_ascension_mode":true,"campfire_choices":[{"data":"True Grit","floor":11,"key":"SMITH"},{"data":"Fire Breathing","floor":13,"key":"SMITH"}],"circlet_count":0,"master_deck":["AscendersBane","Strike_R","Strike_R","Strike_R","Strike_R","Strike_R","Defend_R","Defend_R","Defend_R+1","Defend_R+1","Bash","Spot Weakness+1","True Grit+1","Regret","Cleave","Pommel Strike","Fire Breathing+1"],"relics":["Burning Blood","NeowsBlessing","Akabeko","Centennial Puzzle","Darkstone Periapt","Regal Pillow","Lantern"],"acts_visited":["Exordium"],"potions_floor_usage":[14,14],"damage_taken":[{"damage":0,"enemies":"Jaw Worm","floor":1,"turns":1},{"damage":0,"enemies":"Small Slimes","floor":2,"turns":1},{"damage":0,"enemies":"Lagavulin","floor":6,"turns":1},{"damage":0,"enemies":"2 Louse","floor":7,"turns":3},{"damage":0,"enemies":"Lots of Slimes","floor":8,"turns":1},{"damage":37,"enemies":"Gremlin Nob","floor":14,"turns":3}],"seed_played":"4645803851260851975","potions_obtained":[{"floor":7,"key":"ColorlessPotion"},{"floor":8,"key":"DistilledChaos"}],"is_trial":false,"path_per_floor":["M","M","?","?","?","E","M","M","T","?","R","$","R","E"],"character_chosen":"IRONCLAD","items_purchased":["Fire Breathing","Regal Pillow","Lantern"],"campfire_rested":0,"item_purchase_floors":[12,12,12],"current_hp_per_floor":[74,75,52,52,52,58,64,70,70,25,25,25,25,0,0],"gold":57,"neow_bonus":"THREE_ENEMY_KILL","is_daily":false,"chose_seed":false,"campfire_upgraded":2,"win_rate":0.0,"timestamp":1608604457,"path_taken":["M","M","?","?","?","E","M","?","T","?","R","?","R","E"],"items_purchased_type":["Card","Relic","Relic"],"build_version":"2020-12-13","purchased_purges":0,"victory":false,"max_hp_per_floor":[75,75,75,75,75,75,75,75,75,75,75,75,75,75,75],"relic_stats":{"Darkstone Periapt":0,"Centennial Puzzle":[3],"Regal Pillow":0,"counters":[6,10],"obtain_stats":[{"Darkstone Periapt":10,"Centennial Puzzle":9,"Regal Pillow":12,"Lantern":12,"NeowsBlessing":0,"Burning Blood":0,"Akabeko":6},{"Darkstone Periapt":5,"Centennial Puzzle":5,"Regal Pillow":5,"Lantern":5,"NeowsBlessing":0,"Burning Blood":0,"Akabeko":3},{"Darkstone Periapt":7,"Centennial Puzzle":7,"Regal Pillow":7,"Lantern":7,"NeowsBlessing":0,"Burning Blood":0,"Akabeko":3}],"Burning Blood":25},"card_choices":[{"not_picked":["Body Slam","Warcry"],"picked":"Spot Weakness","floor":1},{"not_picked":["Clash","Infernal Blade"],"picked":"True Grit","floor":2},{"not_picked":["Wild Strike","Twin Strike"],"picked":"Cleave","floor":6},{"not_picked":["Infernal Blade","Perfected Strike"],"picked":"Pommel Strike","floor":7},{"not_picked":["Anger","Havoc","Infernal Blade"],"picked":"SKIP","floor":8}],"player_experience":2283761,"relics_obtained":[{"floor":6,"key":"Akabeko"},{"floor":9,"key":"Centennial Puzzle"}],"event_choices":[{"damage_healed":0,"gold_gain":0,"player_choice":"Entered Light","damage_taken":23,"max_hp_gain":0,"max_hp_loss":0,"event_name":"Shining Light","floor":3,"gold_loss":0,"cards_upgraded":["Defend_R","Defend_R"]},{"damage_healed":0,"gold_gain":0,"player_choice":"Grow","damage_taken":0,"max_hp_gain":0,"max_hp_loss":0,"event_name":"Living Wall","floor":4,"gold_loss":0,"cards_upgraded":["Spot Weakness"]},{"damage_healed":0,"gold_gain":275,"player_choice":"Desecrate","damage_taken":0,"max_hp_gain":0,"max_hp_loss":0,"event_name":"Golden Shrine","floor":5,"gold_loss":0,"cards_obtained":["Regret"]},{"damage_healed":0,"gold_gain":0,"player_choice":"Success","damage_taken":45,"relics_obtained":["Darkstone Periapt"],"max_hp_gain":0,"max_hp_loss":0,"event_name":"Scrap Ooze","floor":10,"gold_loss":0}],"is_beta":false,"boss_relics":[],"items_purged_floors":[],"is_endless":false,"potions_floor_spawned":[7,8],"killed_by":"Gremlin Nob","ascension_level":20}}