{"host":"e0cd4bhk462yjjnf","time":1608604353,"event":{"mods":["AchievementEnabler","BaseMod","Block Reminder","Colored Map","Colored Powertips","Downfall","Highlight Path","Hubris","Minty Spire (QoL Compilation)","Replay The Spire","Shop Mod","Spicy Shops","StSLib","The Disciple","The Jungle","Wandering Minibosses"],"gold_per_floor":[99,99,99,109,109,17,17,28,52,37,37,22,37,66,66,81,101,198,198,48,64,64,42,42,42,42],"floor_reached":24,"playtime":1737,"items_purged":[],"score":192,"play_id":"9a8aa1ea-cbc8-4259-b6c4-08a0cdc16f3c","local_time":"20201221213233","is_ascension_mode":false,"campfire_choices":[{"floor":1,"key":"RECALL"},{"floor":11,"key":"REST"},{"floor":15,"key":"REST"},{"data":"champ:EndlessRage","floor":20,"key":"SMITH"}],"circlet_count":0,"master_deck":["champ:Strike","champ:Strike","champ:Strike","champ:Strike","champ:Defend","champ:Defend","champ:Defend","champ:Defend","champ:Execute","champ:Taunt+1","champ:EndlessRage+1","champ:FaceSlap","champ:FocusedDefense+1","Violence","champ:GutPunch","champ:Backstep","champ:CrookedStrike","champ:LastStand","champ:ArenaPreparation","champ:AdrenalArmor","champ:PerfectForm","champ:ViciousMockery","champ:IronFortress"],"relics":["champ:ChampionCrown","Lizard Tail","CaptainsWheel","Gremlin Horn","champ:ChampionCrownUpgraded","downfall:HeartBlessingBlue","downfall:HeartBlessingRed"],"acts_visited":["Exordium","Exordium"],"potions_floor_usage":[14,17],"damage_taken":[{"damage":33,"enemies":"Small Slimes","floor":4,"turns":8},{"damage":10,"enemies":"downfall:FleeingMerchant","floor":6,"turns":4},{"damage":6,"enemies":"Cultist","floor":8,"turns":3},{"damage":13,"enemies":"downfall:FleeingMerchant","floor":10,"turns":4},{"damage":15,"enemies":"downfall:FleeingMerchant","floor":12,"turns":4},{"damage":13,"enemies":"Jaw Worm","floor":13,"turns":3},{"damage":49,"enemies":"3 Sentries","floor":14,"turns":8},{"damage":11,"enemies":"3 Louse","floor":16,"turns":4},{"damage":35,"enemies":"Exordium Thugs","floor":17,"turns":5},{"damage":40,"enemies":"downfall:Watcher","floor":18,"turns":5},{"damage":26,"enemies":"theJungle:5_Spyders","floor":21,"turns":7},{"damage":32,"enemies":"downfall:FleeingMerchant","floor":23,"turns":4},{"damage":0,"enemies":"downfall:FleeingMerchant","floor":24,"turns":1}],"seed_played":"-9025621540804279474","potions_obtained":[{"floor":13,"key":"Languid Potion"},{"floor":14,"key":"SkillPotion"},{"floor":17,"key":"Regen Potion"},{"floor":18,"key":"Venom Potion"},{"floor":21,"key":"Fire Potion"}],"is_trial":false,"path_per_floor":["R","PTL","PTL","M","?","$","?","M","T","$","R","$","M","E","R","M","M","B",null,"R","M","?","$","$"],"character_chosen":"THE_CHAMP","items_purchased":["champ:FocusedDefense+1","Violence","champ:IronFortress"],"campfire_rested":2,"item_purchase_floors":[6,6,23],"current_hp_per_floor":[63,63,63,40,40,40,40,39,39,39,66,61,53,22,49,48,37,24,90,100,100,100,87,87,87,87],"gold":42,"neow_bonus":"ONE_RARE_RELIC","is_daily":false,"chose_seed":false,"campfire_upgraded":1,"win_rate":0.0,"timestamp":1608604353,"path_taken":["R","PTL","PTL","M","?","$","?","M","T","$","R","?","?","E","R","M","M","BOSS","R","M","?","?","$"],"items_purchased_type":["Card","Card","Card"],"build_version":"2020-12-13","purchased_purges":0,"victory":false,"max_hp_per_floor":[90,90,90,90,90,90,90,90,90,90,90,90,90,90,90,90,90,90,90,100,100,100,100,100,100,100],"card_choices":[{"not_picked":["champ:HeartStrike","champ:FocusedGladiator"],"picked":"champ:EndlessRage","floor":4},{"not_picked":["champ:Backstep","champ:HeartStrike"],"picked":"champ:FaceSlap","floor":6},{"not_picked":["champ:StanceDance","champ:AdrenalArmor"],"picked":"champ:GutPunch","floor":8},{"not_picked":["champ:FocusedBerserking","champ:GladiatorsShout"],"picked":"champ:Backstep","floor":10},{"not_picked":["champ:BerserkerStyle","champ:RapidStrikes"],"picked":"champ:CrookedStrike","floor":12},{"not_picked":["champ:IronFortress","champ:Haymaker"],"picked":"champ:LastStand","floor":13},{"not_picked":["champ:PerfectedStrike","champ:BringItOn"],"picked":"champ:ArenaPreparation","floor":14},{"not_picked":["champ:PerfectedStrike","champ:Circumvent"],"picked":"champ:AdrenalArmor","floor":16},{"not_picked":["champ:CalledShot","champ:EndlessRage","champ:DefensiveStyle"],"picked":"SKIP","floor":17},{"not_picked":["champ:ShieldSlam","champ:HeavySlash"],"picked":"champ:PerfectForm","floor":18},{"not_picked":["champ:PerfectedStrike","champ:ShieldWall","champ:TornadoPunch+1"],"picked":"SKIP","floor":21},{"not_picked":["champ:DefensiveStyle","champ:FaceSlap"],"picked":"champ:ViciousMockery","floor":23}],"player_experience":365161,"relics_obtained":[{"floor":5,"key":"CaptainsWheel"},{"floor":14,"key":"Gremlin Horn"}],"event_choices":[{"damage_healed":0,"gold_gain":0,"player_choice":"Relic","damage_taken":0,"max_hp_gain":0,"max_hp_loss":0,"event_name":"Wheel of Change","floor":5,"gold_loss":0}],"is_beta":false,"boss_relics":[{"not_picked":["hubris:Backtick","ChewingGum"],"picked":"champ:ChampionCrownUpgraded"}],"items_purged_floors":[],"is_endless":false,"potions_floor_spawned":[13,14,17,18,21],"killed_by":"downfall:FleeingMerchant","ascension_level":0}}