{"host":"1sep654oresgee70","time":1608633055,"event":{"mods":["2.2 Compatiblity","Aspiration","BaseMod","Better Altar","Better Match","Better Note","Better Sensory Stone","Better Skull","Better Third Choice","Better Vampires","Better-Laid Plans","BetterRewards","Block Reminder","Conspire","Curses Come First","Displayed Cursed Tome","Gold Saver","Hubris","Infinite Spire","Minty Spire (QoL Compilation)","Potion Indicator Mod","Quick Restart","Red Circlet Mod","Replay The Spire","Shop Mod","Spicy Shops","StSLib","The Blue Laboratory","Thieving Mod","Transform Curses","Unceasing Turn Reminder","UnlockEverythingMod"],"gold_per_floor":[14471,14471,12171,12186,12201,12231,12231,12231,12281,12296,12311,12341,12356,12356,12356,12456,12456,12471,10786,10786,10786,10786,10816,10831,10831,10831],"floor_reached":25,"playtime":4516,"items_purged":[],"score":281,"play_id":"e10f699e-5384-4d61-b00c-f5f69b5ffd75","local_time":"20201222113055","daily_mods":["Allstar","Diverse","DeadlyEvents"],"is_ascension_mode":false,"campfire_choices":[{"floor":8,"key":"REST"},{"floor":15,"key":"REST"}],"circlet_count":0,"master_deck":["Impervious+1","Strike_B+2","Strike_B+1","Strike_B+1","Strike_B+2","Defend_B","Defend_B+1","Defend_B","Defend_B","Zap","Dualcast","Good Instincts","hubris:Insight","Dark Shackles","Secret Weapon+1","Midas Touch+1","ThirdEye","Fire Breathing","Brilliance","ReplayTheSpireMod:Brewmster","Replay:Parry","Underhanded Strike","WaveOfTheHand","Leg Sweep","After Image","Go for the Eyes","Flex","Hello World+1","Backflip","Redo","Corpse Explosion","ReplayTheSpireMod:From All Sides","Study+1","Masterful Stab+1","Leap","Transmutation","Good Instincts","Evaluate","Evolve+1","Go for the Eyes","Ghostly","Ghostly","Ghostly","Ghostly","Ghostly","Leap+1","Life Link+1"],"relics":["Cracked Core","hubris:TenFootPole","Runic Capacitor","infinitespire:SolderingIron","infinitespire:Golems Mask","Simple Rune","Guide Book","Replay:Bottled Eggs","MerchantsRug","Question Card","Frozen Egg 2","Vajra","hubris:GlazedTorus","ChewingGum","Carrot","Gambling Chip","Lantern","Bottled Lightning","OrangePellets","Frozen Eye","Nilry\u0027s Codex","betterThird:NestCultRelic","hubris:MysteriousPyramids"],"acts_visited":["Exordium","TheCity"],"potions_floor_usage":[6,16,18,25],"damage_taken":[{"damage":11,"enemies":"Jaw Worm","floor":1,"turns":3},{"damage":0,"enemies":"2 Louse","floor":4,"turns":3},{"damage":0,"enemies":"Cultist","floor":5,"turns":3},{"damage":16,"enemies":"Gremlin Nob","floor":6,"turns":5},{"damage":0,"enemies":"2 Fungi Beasts","floor":10,"turns":2},{"damage":0,"enemies":"3 Louse","floor":11,"turns":3},{"damage":8,"enemies":"Lagavulin","floor":12,"turns":6},{"damage":10,"enemies":"Looter","floor":13,"turns":3},{"damage":20,"enemies":"The Guardian","floor":16,"turns":8},{"damage":0,"enemies":"Spheric Guardian","floor":18,"turns":3},{"damage":21,"enemies":"conspire:Head Lice","floor":23,"turns":7},{"damage":5,"enemies":"Shell Parasite","floor":24,"turns":3},{"damage":16,"enemies":"Gremlin Leader","floor":25,"turns":2}],"seed_played":"-7682526130134428503","potions_obtained":[{"floor":10,"key":"blueLaboratory:ImpenetrablePotion"},{"floor":18,"key":"Explosive Potion"}],"is_trial":false,"path_per_floor":["M","?","$","M","M","E","T","R","T","M","M","E","M","?","R","B",null,"M","$","?","?","?","E","M","E"],"character_chosen":"DEFECT","items_purchased":["Runic Capacitor","infinitespire:SolderingIron","infinitespire:Golems Mask","Simple Rune","Fire Breathing","Brilliance","ReplayTheSpireMod:Brewmster","Replay:Parry","Underhanded Strike","WaveOfTheHand","Leg Sweep","Guide Book","Replay:Bottled Eggs","MerchantsRug","EssenceOfDarkness","DuplicationPotion","Carrot","Gambling Chip","Lantern","Bottled Lightning","OrangePellets","Frozen Eye","Masterful Stab+1","Leap","Transmutation","Good Instincts","Evaluate","Evolve+1","Go for the Eyes"],"campfire_rested":2,"item_purchase_floors":[3,3,3,3,3,3,3,3,3,3,3,3,3,3,3,3,19,19,19,19,19,19,19,19,19,19,19,19,19],"current_hp_per_floor":[64,64,64,64,64,48,48,70,70,70,70,62,52,52,74,54,75,75,75,68,68,37,16,11,0,0],"gold":10831,"neow_bonus":"","is_daily":true,"chose_seed":false,"campfire_upgraded":0,"win_rate":0.0,"timestamp":1608633055,"path_taken":["M","?","$","M","M","E","?","R","T","M","M","?","M","?","R","BOSS","M","$","?","?","?","E","M","?"],"items_purchased_type":["Relic","Relic","Relic","Relic","Card","Card","Card","Card","Card","Card","Card","Relic","Relic","Relic","Potion","Potion","Relic","Relic","Relic","Relic","Relic","Relic","Card","Card","Card","Card","Card","Card","Card"],"build_version":"2020-12-13","purchased_purges":0,"victory":false,"max_hp_per_floor":[75,75,75,75,75,75,75,75,75,75,75,75,75,75,75,75,75,75,75,75,75,37,37,37,37,37],"card_choices":[{"not_picked":["Reprogram","hubris:CleavingFinish"],"picked":"ThirdEye","floor":1},{"not_picked":["Streamline","BowlingBash"],"picked":"After Image","floor":4},{"not_picked":["ThirdEye","Beam Cell"],"picked":"Go for the Eyes","floor":5},{"not_picked":["Blade Dance","Replay:BluntJabs"],"picked":"Flex","floor":6},{"not_picked":["Body Slam","ReplayTheSpireMod:Muscle Training","Flex"],"picked":"Hello World+1","floor":10},{"not_picked":["Meditate","ReplayTheSpireMod:Speed Training","EmptyMind"],"picked":"Backflip","floor":11},{"not_picked":["Crescendo","Rip and Tear","Iron Wave"],"picked":"Redo","floor":12},{"not_picked":["Panic Button","Quick Slash","EmptyBody"],"picked":"Corpse Explosion","floor":13},{"not_picked":["Tools of the Trade+1","Juggernaut+1","Double Tap"],"picked":"ReplayTheSpireMod:From All Sides","floor":16},{"not_picked":["CutThroughFate","Warcry","Sweeping Beam"],"picked":"Study+1","floor":18},{"not_picked":["Blasphemy","Prepared","FlyingSleeves"],"picked":"Leap+1","floor":23},{"not_picked":["Deadly Poison","Sword Boomerang+1","True Grit+1"],"picked":"Life Link+1","floor":24}],"player_experience":2339131,"relics_obtained":[{"floor":2,"key":"hubris:TenFootPole"},{"floor":6,"key":"Question Card"},{"floor":7,"key":"Frozen Egg 2"},{"floor":9,"key":"Vajra"},{"floor":12,"key":"hubris:GlazedTorus"},{"floor":23,"key":"hubris:MysteriousPyramids"}],"event_choices":[{"damage_healed":0,"gold_gain":0,"player_choice":"Obtained Book","damage_taken":16,"max_hp_gain":0,"max_hp_loss":0,"event_name":"Cursed Tome","floor":20,"gold_loss":0},{"damage_healed":0,"gold_gain":0,"player_choice":"Madness","damage_taken":0,"relics_obtained":["betterThird:NestCultRelic"],"max_hp_gain":0,"max_hp_loss":0,"event_name":"betterThird:BetterNest","floor":21,"gold_loss":0},{"damage_healed":0,"gold_gain":0,"player_choice":"Became a Ghost","damage_taken":0,"max_hp_gain":0,"max_hp_loss":38,"event_name":"Ghosts","floor":22,"gold_loss":0,"cards_obtained":["Ghostly","Ghostly","Ghostly","Ghostly","Ghostly"]}],"is_beta":false,"boss_relics":[{"not_picked":["Kintsugi","aspiration:FutureDiary"],"picked":"ChewingGum"}],"items_purged_floors":[],"is_endless":false,"potions_floor_spawned":[5,10,11,18],"killed_by":"Gremlin Leader","ascension_level":0}}