{"host":"vc42n08di9czm3e7","time":1608680776,"event":{"mods":["AchievementEnabler","Act Like it!","BaseMod","Colored Powertips","Downfall","Friendly Minions","GifTheSpireLib","Jorbs\u0027s Wanderer Trilogy","Minty Spire (QoL Compilation)","Rare Cards Sparkle","StSLib","The Bug Knight"],"gold_per_floor":[99,114,133,144,144,144,167,5,23,123,142,160,160,260,275,372,372,372,387,387,1,16,35,35,35,35,51,36,56,71,90,104,201,201,201,201,219,219,229,229,229,229],"floor_reached":40,"playtime":3824,"items_purged":["Slimebound:Defend_Slimebound","Slimebound:WasteNot"],"score":409,"play_id":"c0bf3b89-ccad-4d24-a5ee-99e627732106","local_time":"20201222184616","is_ascension_mode":false,"campfire_choices":[{"data":"Slimebound:Split","floor":1,"key":"SMITH"},{"data":"Slimebound:DuplicatedForm","floor":6,"key":"SMITH"},{"data":"Slimebound:RollThrough","floor":18,"key":"SMITH"},{"data":"Slimebound:Replication","floor":25,"key":"SMITH"},{"data":"expansioncontent:CaCaw","floor":35,"key":"SMITH"}],"circlet_count":0,"master_deck":["Slimebound:Strike_Slimebound","Slimebound:Strike_Slimebound","Slimebound:Strike_Slimebound","Slimebound:Tackle","Slimebound:Defend_Slimebound","Slimebound:Defend_Slimebound","Slimebound:Defend_Slimebound","Slimebound:Split+1","Slimebound:CorrosiveSpit","Slimebound:DuplicatedForm+1","Slimebound:SlimeSpikes","Slimebound:HauntingLick","Slimebound:RollThrough+1","Slimebound:SamplingLick","Slimebound:GoopSpray","Slimebound:MegaLick","Slimebound:BestDefense","Slimebound:LivingWall","Slimebound:SamplingLick","Slimebound:MassRepurpose","Slimebound:FormOfPuddle+1","Slimebound:Chomp","Master of Strategy","expansioncontent:CaCaw+1","Slimebound:Replication+1","Slimebound:LeechEnergy","Slimebound:RollThrough+1","Slimebound:Prepare","Slimebound:ProtectTheBoss+1","Slimebound:LeechingTouch+1","Slimebound:Teamwork","Slimebound:RejuvenatingLick+1","expansioncontent:YouAreMine","expansioncontent:Collect","Slimebound:GrowthPunch"],"relics":["Slimebound:AbsorbEndCombat","Vajra","Anchor","Potion Belt","Slimebound:TarBlob","InkBottle","SlaversCollar"],"acts_visited":["Exordium","TheCity","TheBeyond"],"potions_floor_usage":[10,12,16,19,39,39],"damage_taken":[{"damage":10,"enemies":"Small Slimes","floor":2,"turns":4},{"damage":13,"enemies":"2 Louse","floor":3,"turns":2},{"damage":8,"enemies":"Cultist","floor":4,"turns":4},{"damage":23,"enemies":"downfall:FleeingMerchant","floor":8,"turns":4},{"damage":9,"enemies":"Large Slime","floor":9,"turns":4},{"damage":47,"enemies":"downfall:LadyInBlue","floor":10,"turns":10},{"damage":8,"enemies":"Red Slaver","floor":11,"turns":3},{"damage":18,"enemies":"Blue Slaver","floor":12,"turns":5},{"damage":24,"enemies":"Exordium Thugs","floor":15,"turns":5},{"damage":42,"enemies":"downfall:Watcher","floor":16,"turns":14},{"damage":29,"enemies":"Chosen","floor":19,"turns":6},{"damage":32,"enemies":"downfall:FleeingMerchant","floor":21,"turns":4},{"damage":21,"enemies":"Centurion and Healer","floor":22,"turns":8},{"damage":29,"enemies":"Cultist and Chosen","floor":23,"turns":6},{"damage":32,"enemies":"Snecko","floor":27,"turns":5},{"damage":37,"enemies":"downfall:FleeingMerchant","floor":28,"turns":4},{"damage":45,"enemies":"Shelled Parasite and Fungi","floor":29,"turns":6},{"damage":21,"enemies":"Centurion and Healer","floor":30,"turns":9},{"damage":38,"enemies":"Snake Plant","floor":31,"turns":4},{"damage":14,"enemies":"Sentry and Sphere","floor":32,"turns":7},{"damage":62,"enemies":"downfall:Defect","floor":33,"turns":9},{"damage":22,"enemies":"Orb Walker","floor":37,"turns":6},{"damage":72,"enemies":"3 Darklings","floor":39,"turns":14},{"damage":19,"enemies":"4 Shapes","floor":40,"turns":1}],"seed_played":"-1571359984547155129","potions_obtained":[{"floor":9,"key":"SpeedPotion"},{"floor":10,"key":"Guardian:BlockOnCardUsePotion"},{"floor":10,"key":"CultistPotion"},{"floor":10,"key":"DuplicationPotion"},{"floor":11,"key":"hexamod:EctoCoolerPotion"},{"floor":15,"key":"Fruit Juice"},{"floor":16,"key":"Block Potion"},{"floor":27,"key":"Guardian:BlockOnCardUsePotion"},{"floor":30,"key":"PowerPotion"},{"floor":31,"key":"GamblersBrew"},{"floor":33,"key":"SneckoOil"},{"floor":39,"key":"DuplicationPotion"}],"is_trial":false,"path_per_floor":["R","M","M","M","?","R","T","$","M","?","M","M","?","?","M","B",null,"R","M","T","$","M","M","T","R","?","M","$","M","M","M","M","B",null,"R","?","M","?","M","M"],"character_chosen":"SLIMEBOUND","items_purchased":["Slimebound:SamplingLick","Slimebound:GoopSpray","Master of Strategy","expansioncontent:CaCaw"],"campfire_rested":0,"item_purchase_floors":[8,8,21,21],"current_hp_per_floor":[60,60,55,59,56,56,56,60,60,40,44,40,45,45,37,21,65,65,63,63,65,62,65,65,65,65,62,60,48,59,58,65,38,65,65,65,61,56,18,0,0,0],"gold":229,"neow_bonus":"ONE_RANDOM_RARE_CARD","is_daily":false,"chose_seed":false,"campfire_upgraded":5,"win_rate":0.0,"timestamp":1608680776,"path_taken":["R","M","M","M","?","R","T","$","M","?","M","?","?","?","M","BOSS","R","M","?","$","M","M","T","R","?","M","$","M","M","M","M","BOSS","R","?","M","?","M","M"],"items_purchased_type":["Card","Card","Card","Card"],"build_version":"2020-12-13","purchased_purges":2,"victory":false,"max_hp_per_floor":[60,60,60,60,60,60,60,60,60,60,60,60,65,65,65,65,65,65,65,65,65,65,65,65,65,65,65,65,65,65,65,65,65,65,65,65,65,65,65,65,65,65],"card_choices":[{"not_picked":["Slimebound:ComboTackle","Slimebound:RollThrough"],"picked":"Slimebound:SlimeSpikes","floor":2},{"not_picked":["Slimebound:SplitLeeching","Slimebound:RainOfGoop"],"picked":"Slimebound:HauntingLick","floor":3},{"not_picked":["Slimebound:HauntingLick","Slimebound:SplitBruiser"],"picked":"Slimebound:RollThrough","floor":4},{"not_picked":["Slimebound:LeechEnergy","Slimebound:SplitMire"],"picked":"Slimebound:WasteNot","floor":8},{"not_picked":["Slimebound:PressTheAttack","Slimebound:FinishingTackle"],"picked":"Slimebound:MegaLick","floor":9},{"not_picked":["Slimebound:ForwardTackle","Slimebound:LeechingTouch"],"picked":"Slimebound:BestDefense","floor":10},{"not_picked":["Slimebound:SplitMire","Slimebound:SplitLeeching","Slimebound:DisruptingSlam"],"picked":"SKIP","floor":11},{"not_picked":["Slimebound:MassRepurpose","Slimebound:Equalize"],"picked":"Slimebound:LivingWall","floor":12},{"not_picked":["Slimebound:LeechingTouch","Slimebound:LeechEnergy"],"picked":"Slimebound:SamplingLick","floor":15},{"not_picked":["Slimebound:PrepareCrush","Slimebound:MassFeed"],"picked":"Slimebound:MassRepurpose","floor":16},{"not_picked":["Slimebound:SplitMire","Slimebound:Schlurp+1"],"picked":"Slimebound:FormOfPuddle+1","floor":19},{"not_picked":["Slimebound:SplitMire","Slimebound:DouseInSlime"],"picked":"Slimebound:Chomp","floor":21},{"not_picked":["Slimebound:SplitAcid","Slimebound:SplitMire+1"],"picked":"Slimebound:Replication","floor":22},{"not_picked":["Slimebound:DisruptingSlam","Slimebound:LeechingTouch"],"picked":"Slimebound:LeechEnergy","floor":23},{"not_picked":["Slimebound:PressTheAttack","Slimebound:GoopSpray+1","Slimebound:SplitMire"],"picked":"SKIP","floor":27},{"not_picked":["Slimebound:SplitBruiser","Slimebound:DuplicatedForm"],"picked":"Slimebound:RollThrough+1","floor":28},{"not_picked":["Slimebound:RainOfGoop+1","Slimebound:Dissolve","Slimebound:GoopSpray"],"picked":"SKIP","floor":29},{"not_picked":["Slimebound:LeechEnergy","Slimebound:Replication"],"picked":"Slimebound:Prepare","floor":30},{"not_picked":["Slimebound:RollThrough","Slimebound:PressTheAttack+1"],"picked":"Slimebound:ProtectTheBoss+1","floor":31},{"not_picked":["Slimebound:SplitLeeching","Slimebound:PrepareCrush"],"picked":"Slimebound:LeechingTouch+1","floor":32},{"not_picked":["Slimebound:PrepareCrush","Slimebound:CheckThePlaybook"],"picked":"Slimebound:Teamwork","floor":33},{"not_picked":["Slimebound:GoopTackle+1","Slimebound:RainOfGoop+1"],"picked":"Slimebound:RejuvenatingLick+1","floor":37},{"not_picked":["expansioncontent:TimeRipple","expansioncontent:FaceSlap"],"picked":"expansioncontent:YouAreMine","floor":38},{"not_picked":["expansioncontent:PolyBeam","expansioncontent:YouAreMine"],"picked":"expansioncontent:Collect","floor":38},{"not_picked":["Slimebound:GoopSpray+1","Slimebound:LeechingTouch"],"picked":"Slimebound:GrowthPunch","floor":39}],"player_experience":149918,"relics_obtained":[{"floor":7,"key":"Anchor"},{"floor":10,"key":"Potion Belt"},{"floor":20,"key":"InkBottle"}],"event_choices":[{"damage_healed":0,"gold_gain":0,"player_choice":"Success","damage_taken":3,"relics_obtained":["Vajra"],"max_hp_gain":0,"max_hp_loss":0,"event_name":"Scrap Ooze","floor":5,"gold_loss":0},{"damage_healed":0,"gold_gain":0,"player_choice":"Donut","damage_taken":0,"max_hp_gain":5,"max_hp_loss":0,"event_name":"Big Fish","floor":13,"gold_loss":0}],"is_beta":false,"boss_relics":[{"not_picked":["Velvet Choker","Philosopher\u0027s Stone"],"picked":"Slimebound:TarBlob"},{"not_picked":["Fusion Hammer","Snecko Eye"],"picked":"SlaversCollar"}],"items_purged_floors":[8,21],"is_endless":false,"potions_floor_spawned":[9,11,15,16,27,30,31,32,33,39],"killed_by":"4 Shapes","ascension_level":0}}