{"host":"vyt5ne9ydo1z9gg1","time":1608618900,"event":{"mods":["BaseMod","Curses Come First","DeckTracker","GifTheSpireLib","Minty Spire (QoL Compilation)","StSLib"],"gold_per_floor":[116,135,85,101,120,149,163,197,220,220,220,127,17,30,30,155,155,179,200,200,200,46,46,59,91,91,23,43,43,58,68,68,172,172,190,203,113,38,58,83,83,101,155,155,155,180,196,196,196],"floor_reached":48,"playtime":3446,"items_purged":["Injury"],"score":655,"play_id":"d4b3cbd0-af1b-4bb5-aea7-f98edb6183c8","local_time":"20201222173500","is_ascension_mode":true,"campfire_choices":[{"floor":10,"key":"REST"},{"data":"True Grit","floor":15,"key":"SMITH"},{"floor":23,"key":"REST"},{"floor":29,"key":"REST"},{"data":"Burning Pact","floor":32,"key":"SMITH"},{"floor":41,"key":"RECALL"},{"floor":44,"key":"REST"}],"circlet_count":0,"master_deck":["Strike_R+1","Strike_R+1","Strike_R+1","Strike_R+1","Defend_R+1","Defend_R+1","Defend_R+1","Defend_R+1","Bash+1","Immolate+1","Thunderclap","Twin Strike","Sentinel","Shockwave","Evolve","True Grit+1","Reaper","Body Slam+1","Fiend Fire","Spot Weakness","Feel No Pain+1","Burning Pact+1","Armaments+1","Berserk+1","Reckless Charge+1","Iron Wave+1","Fire Breathing+1","Shrug It Off+1","Cleave+1","Twin Strike+1"],"relics":["Black Blood","Vajra","Oddly Smooth Stone","Potion Belt","Bloody Idol","Happy Flower","Whetstone","MealTicket","Frozen Egg 2","Busted Crown","Molten Egg 2","Sundial"],"acts_visited":["Exordium","TheCity","TheBeyond"],"potions_floor_usage":[16,28,30,33,33,39,46,48,48],"damage_taken":[{"damage":6,"enemies":"Cultist","floor":1,"turns":3},{"damage":0,"enemies":"2 Louse","floor":2,"turns":1},{"damage":7,"enemies":"Small Slimes","floor":4,"turns":2},{"damage":0,"enemies":"2 Fungi Beasts","floor":5,"turns":2},{"damage":22,"enemies":"3 Sentries","floor":6,"turns":6},{"damage":6,"enemies":"Exordium Thugs","floor":7,"turns":2},{"damage":25,"enemies":"Lagavulin","floor":8,"turns":6},{"damage":0,"enemies":"Large Slime","floor":14,"turns":3},{"damage":55,"enemies":"Hexaghost","floor":16,"turns":11},{"damage":50,"enemies":"3 Byrds","floor":18,"turns":6},{"damage":19,"enemies":"Spheric Guardian","floor":19,"turns":4},{"damage":5,"enemies":"3 Cultists","floor":24,"turns":6},{"damage":35,"enemies":"Slavers","floor":25,"turns":6},{"damage":49,"enemies":"Shelled Parasite and Fungi","floor":28,"turns":4},{"damage":14,"enemies":"Centurion and Healer","floor":30,"turns":5},{"damage":14,"enemies":"Chosen and Byrds","floor":31,"turns":6},{"damage":91,"enemies":"Automaton","floor":33,"turns":11},{"damage":16,"enemies":"Orb Walker","floor":35,"turns":2},{"damage":60,"enemies":"3 Darklings","floor":36,"turns":4},{"damage":20,"enemies":"Maw","floor":39,"turns":7},{"damage":57,"enemies":"Reptomancer","floor":40,"turns":5},{"damage":16,"enemies":"Sphere and 2 Shapes","floor":42,"turns":4},{"damage":20,"enemies":"Nemesis","floor":46,"turns":7},{"damage":58,"enemies":"Jaw Worm Horde","floor":47,"turns":5},{"damage":68,"enemies":"Writhing Mass","floor":48,"turns":4}],"seed_played":"-4408302222894289274","potions_obtained":[{"floor":4,"key":"LiquidMemories"},{"floor":5,"key":"ColorlessPotion"},{"floor":16,"key":"Block Potion"},{"floor":19,"key":"Fire Potion"},{"floor":25,"key":"LiquidBronze"},{"floor":31,"key":"Block Potion"},{"floor":33,"key":"DuplicationPotion"},{"floor":40,"key":"ColorlessPotion"},{"floor":42,"key":"PowerPotion"},{"floor":47,"key":"Block Potion"}],"is_trial":false,"path_per_floor":["M","M","?","M","M","E","M","E","T","R","?","?","$","M","R","B",null,"M","M","?","?","$","R","M","E","T","$","M","R","M","M","R","B",null,"M","M","?","$","M","E","R","M","T","R","?","E","M","M"],"character_chosen":"IRONCLAD","items_purchased":["Evolve","Whetstone","Spot Weakness","Fire Breathing+1"],"campfire_rested":4,"item_purchase_floors":[13,22,27,38],"current_hp_per_floor":[56,62,62,61,67,51,51,32,32,56,56,56,56,62,62,13,63,29,22,22,22,22,46,65,47,47,62,30,54,67,79,79,23,66,67,40,40,55,61,39,39,40,45,69,69,66,46,0,0],"gold":196,"neow_bonus":"THREE_RARE_CARDS","is_daily":false,"chose_seed":false,"campfire_upgraded":2,"win_rate":0.0,"timestamp":1608618900,"path_taken":["M","?","?","M","M","E","M","E","T","R","?","?","$","M","R","BOSS","M","M","?","?","$","R","M","E","T","$","M","R","M","M","R","BOSS","M","M","?","?","M","E","R","M","T","R","?","E","M","?"],"items_purchased_type":["Card","Relic","Card","Card"],"build_version":"2020-12-13","purchased_purges":1,"victory":false,"max_hp_per_floor":[80,80,80,80,80,80,80,80,80,80,80,80,80,80,80,80,80,80,80,80,80,80,80,80,80,80,80,80,80,80,80,80,80,80,80,80,80,80,80,80,80,80,80,80,80,80,80,80,80],"card_choices":[{"not_picked":["Juggernaut","Corruption"],"picked":"Immolate","floor":0},{"not_picked":["Headbutt","Perfected Strike"],"picked":"Thunderclap","floor":1},{"not_picked":["Clothesline","Warcry"],"picked":"Twin Strike","floor":2},{"not_picked":["Ghostly Armor","Clothesline"],"picked":"Clash","floor":4},{"not_picked":["Clothesline","Perfected Strike"],"picked":"Sentinel","floor":5},{"not_picked":["Body Slam","Warcry"],"picked":"Clash","floor":6},{"not_picked":["Flex","Sword Boomerang","Brutality"],"picked":"SKIP","floor":7},{"not_picked":["Warcry","Pommel Strike"],"picked":"Shockwave","floor":8},{"not_picked":["Flex","Clothesline"],"picked":"True Grit","floor":14},{"not_picked":["Barricade","Immolate"],"picked":"Reaper","floor":16},{"not_picked":["Twin Strike","True Grit"],"picked":"Body Slam+1","floor":18},{"not_picked":["Sword Boomerang","Warcry","Uppercut+1"],"picked":"SKIP","floor":19},{"not_picked":["Warcry","Evolve","Infernal Blade"],"picked":"SKIP","floor":24},{"not_picked":["Sever Soul","Blood for Blood"],"picked":"Fiend Fire","floor":25},{"not_picked":["Heavy Blade","Flame Barrier"],"picked":"Feel No Pain+1","floor":28},{"not_picked":["Sword Boomerang","True Grit"],"picked":"Burning Pact","floor":30},{"not_picked":["Twin Strike","Burning Pact+1"],"picked":"Armaments+1","floor":31},{"not_picked":["Immolate","Demon Form+1"],"picked":"Berserk+1","floor":33},{"not_picked":[],"picked":"Reckless Charge+1","floor":35},{"not_picked":[],"picked":"Iron Wave+1","floor":36},{"not_picked":[],"picked":"Shrug It Off+1","floor":39},{"not_picked":["Brutality+1"],"picked":"SKIP","floor":40},{"not_picked":[],"picked":"Cleave+1","floor":42},{"not_picked":[],"picked":"Twin Strike+1","floor":46},{"not_picked":["Flex+1"],"picked":"SKIP","floor":47}],"player_experience":123460,"relics_obtained":[{"floor":6,"key":"Vajra"},{"floor":8,"key":"Oddly Smooth Stone"},{"floor":9,"key":"Potion Belt"},{"floor":25,"key":"MealTicket"},{"floor":26,"key":"Frozen Egg 2"},{"floor":40,"key":"Molten Egg 2"},{"floor":46,"key":"Sundial"}],"event_choices":[{"cards_removed":["Strike_R"],"damage_healed":0,"gold_gain":0,"player_choice":"Card Removal","damage_taken":0,"max_hp_gain":0,"max_hp_loss":0,"event_name":"The Cleric","floor":3,"gold_loss":50},{"damage_healed":0,"gold_gain":0,"player_choice":"Take Wound","damage_taken":0,"relics_obtained":["Golden Idol"],"max_hp_gain":0,"max_hp_loss":0,"event_name":"Golden Idol","floor":11,"gold_loss":0,"cards_obtained":["Injury"]},{"damage_healed":0,"gold_gain":0,"player_choice":"Paid Gold","damage_taken":0,"relics_obtained":["Happy Flower"],"max_hp_gain":0,"max_hp_loss":0,"event_name":"WeMeetAgain","floor":12,"gold_loss":93},{"damage_healed":0,"gold_gain":0,"player_choice":"Simplicity","damage_taken":0,"max_hp_gain":0,"max_hp_loss":0,"event_name":"Back to Basics","floor":20,"gold_loss":0,"cards_upgraded":["Strike_R","Strike_R","Strike_R","Strike_R","Defend_R","Defend_R","Defend_R","Defend_R"]},{"damage_healed":0,"gold_gain":0,"player_choice":"Gave Idol","damage_taken":0,"relics_obtained":["Bloody Idol"],"max_hp_gain":0,"max_hp_loss":0,"event_name":"Forgotten Altar","floor":21,"relics_lost":["Golden Idol"],"gold_loss":0},{"cards_removed":["Clash"],"damage_healed":0,"gold_gain":0,"player_choice":"Upgrade and Remove","damage_taken":0,"max_hp_gain":0,"max_hp_loss":0,"event_name":"Designer","floor":37,"gold_loss":90,"cards_upgraded":["Immolate"]},{"cards_removed":["Clash"],"damage_healed":0,"gold_gain":0,"player_choice":"Purged","damage_taken":0,"max_hp_gain":0,"max_hp_loss":0,"event_name":"Purifier","floor":45,"gold_loss":0}],"is_beta":false,"boss_relics":[{"not_picked":["SlaversCollar","Cursed Key"],"picked":"Black Blood"},{"not_picked":["Pandora\u0027s Box","Astrolabe"],"picked":"Busted Crown"}],"items_purged_floors":[13],"is_endless":false,"potions_floor_spawned":[4,5,16,19,25,31,33,40,42,47],"killed_by":"Writhing Mass","ascension_level":5}}