{"host":"eydwxg59205c3vtl","time":1608657106,"event":{"mods":["2.2 Compatiblity","BaseMod","Colored Map","Colored Powertips","Hubris","Minty Spire (QoL Compilation)","StSLib","The Necromancer"],"gold_per_floor":[117,117,192,10,10,10,40,53,53,71,89,106,131,143,143,217,217,171,96,96,96,113,113,113,113],"floor_reached":24,"playtime":739,"items_purged":[],"score":462,"play_id":"3b71e601-c353-41d9-bcb6-c761b2976190","local_time":"20201222121146","is_ascension_mode":true,"campfire_choices":[{"data":"Bash","floor":6.0,"key":"SMITH"},{"floor":15.0,"key":"REST"},{"data":"Double Tap","floor":23,"key":"SMITH"}],"circlet_count":0,"master_deck":["AscendersBane","Strike_R","Strike_R","Strike_R","Strike_R","Strike_R","Defend_R","Defend_R","Defend_R","Defend_R","Bash+1","Ghostly Armor","Flame Barrier","Juggernaut","Dropkick","Carnage","Double Tap+1","Iron Wave","Uppercut","Iron Wave"],"relics":["Burning Blood","NeowsBlessing","Bag of Marbles","Oddly Smooth Stone","Ice Cream","MealTicket","hubris:PeanutButter","Blood Vial","hubris:BlackHole"],"acts_visited":["Exordium","TheCity"],"potions_floor_usage":[],"damage_taken":[{"damage":0.0,"enemies":"Jaw Worm","floor":1.0,"turns":1.0},{"damage":0.0,"enemies":"Lagavulin","floor":7.0,"turns":1.0},{"damage":0.0,"enemies":"Cultist","floor":8.0,"turns":1.0},{"damage":0.0,"enemies":"Small Slimes","floor":10.0,"turns":3.0},{"damage":0.0,"enemies":"Blue Slaver","floor":11.0,"turns":4.0},{"damage":0.0,"enemies":"3 Louse","floor":12.0,"turns":4.0},{"damage":32.0,"enemies":"3 Sentries","floor":13.0,"turns":11.0},{"damage":0.0,"enemies":"Red Slaver","floor":14.0,"turns":4.0},{"damage":45,"enemies":"Slime Boss","floor":16,"turns":12},{"damage":14,"enemies":"2 Thieves","floor":18,"turns":5},{"damage":0,"enemies":"3 Byrds","floor":22,"turns":3},{"damage":34,"enemies":"Slavers","floor":24,"turns":7}],"seed_played":"9214059032726830390","potions_obtained":[{"floor":7.0,"key":"FairyPotion"},{"floor":8.0,"key":"AttackPotion"},{"floor":16,"key":"Block Potion"}],"is_trial":false,"path_per_floor":["M","?","?","$","?","R","E","M","T","M","M","M","E","M","R","B",null,"M","?","?","?","M","R","E"],"character_chosen":"IRONCLAD","items_purchased":["Oddly Smooth Stone","hubris:ReadiedAction"],"campfire_rested":1,"item_purchase_floors":[4,4],"current_hp_per_floor":[74,48,37,37,37,37,43,49,49,55,61,67,41,49,71,34,65,59,59,59,38,46,46,14,14],"gold":113,"neow_bonus":"THREE_ENEMY_KILL","is_daily":false,"chose_seed":false,"campfire_upgraded":2,"win_rate":0.0,"timestamp":1608657106,"path_taken":["M","?","?","$","?","R","E","M","T","M","M","?","E","M","R","BOSS","M","?","?","?","M","R","E"],"items_purchased_type":["Relic","Card"],"build_version":"2020-12-13","purchased_purges":0,"victory":false,"max_hp_per_floor":[75,75,75,75,75,75,75,75,75,75,75,75,75,75,75,75,75,75,75,75,80,80,80,80,80],"card_choices":[{"not_picked":["Warcry","Wild Strike"],"picked":"Cleave","floor":1.0},{"not_picked":["Flex","Perfected Strike"],"picked":"Ghostly Armor","floor":7.0},{"not_picked":["Clothesline","Shockwave"],"picked":"Flame Barrier","floor":8.0},{"not_picked":["True Grit","Entrench","Warcry"],"picked":"SKIP","floor":10.0},{"not_picked":["Armaments","Body Slam"],"picked":"Juggernaut","floor":11.0},{"not_picked":["Perfected Strike","Disarm"],"picked":"Dropkick","floor":12.0},{"not_picked":["Thunderclap","hubris:ReadiedAction","Intimidate"],"picked":"SKIP","floor":13.0},{"not_picked":["Disarm","Entrench"],"picked":"Carnage","floor":14.0},{"not_picked":["Berserk","Fiend Fire"],"picked":"Double Tap","floor":16},{"not_picked":["True Grit","Wild Strike"],"picked":"Iron Wave","floor":18},{"not_picked":["Cleave","Pommel Strike"],"picked":"Iron Wave","floor":22}],"player_experience":547481,"relics_obtained":[{"floor":7.0,"key":"MealTicket"},{"floor":9.0,"key":"hubris:PeanutButter"},{"floor":13.0,"key":"Blood Vial"}],"event_choices":[{"damage_healed":0.0,"max_hp_gain":0.0,"max_hp_loss":0.0,"gold_gain":0.0,"event_name":"Scrap Ooze","player_choice":"Success","floor":2.0,"gold_loss":0.0,"damage_taken":26.0,"relics_obtained":["Bag of Marbles"]},{"damage_healed":0.0,"max_hp_gain":0.0,"max_hp_loss":0.0,"gold_gain":75.0,"event_name":"World of Goop","player_choice":"Gather Gold","floor":3.0,"gold_loss":0.0,"damage_taken":11.0},{"cards_removed":["Cleave"],"damage_healed":0.0,"max_hp_gain":0.0,"max_hp_loss":0.0,"gold_gain":0.0,"event_name":"WeMeetAgain","player_choice":"Gave Card","floor":5.0,"gold_loss":0.0,"damage_taken":0.0,"relics_obtained":["Ice Cream"]},{"cards_removed":["hubris:ReadiedAction"],"damage_healed":0,"gold_gain":0,"player_choice":"Gave Gold","damage_taken":0,"max_hp_gain":0,"max_hp_loss":0,"event_name":"Beggar","floor":19,"gold_loss":75},{"damage_healed":0,"gold_gain":0,"player_choice":"Read","damage_taken":0,"max_hp_gain":0,"max_hp_loss":0,"event_name":"The Library","floor":20,"gold_loss":0,"cards_obtained":["Uppercut"]},{"damage_healed":0,"gold_gain":0,"player_choice":"Shed Blood","damage_taken":26,"max_hp_gain":5,"max_hp_loss":0,"event_name":"Forgotten Altar","floor":21,"gold_loss":0}],"is_beta":false,"boss_relics":[{"not_picked":["Black Blood","SlaversCollar"],"picked":"hubris:BlackHole"}],"items_purged_floors":[],"is_endless":false,"potions_floor_spawned":[7,8,11,16],"killed_by":"Slavers","ascension_level":20}}