{"host":"h78e02h09yhg9y5r","time":1608610986,"event":{"mods":["ATMod(阿瑾Mod)","AchievementEnabler","Act Like it!","Aspiration","BaseMod","BetterRewards","Dota2Spire","Downfall","Hermit","KinomotoSakuraMod(木之本樱)","Minty Spire (QoL Compilation)","MostiFishMod","RumiaBox-露米娅的神秘盒子","Shop Mod","Spicy Shops","StSLib","The Runesmith","TheWitcher","【功能Mod】混沌之环修复补丁"],"gold_per_floor":[166,234,272,272,272,322,322,423,423,463,463,523,640,691,691,811,811,903,903,939,1027,1096,1199,821,930,930,971,1041,1151,1196,745,745,925,925,1019,1019,1057,1174,1249,1374,1409,1464,1464,1508,1508,791,929,979,991,1053,1065,1077,941,1018,1043],"floor_reached":56,"playtime":1491,"items_purged":["Defend_B","Hyperbeam+1","Biased Cognition+1","Defend_B+1"],"score":2879,"play_id":"fef26dfb-8a17-4625-a6fe-a4326f70ac20","local_time":"20201222122306","is_ascension_mode":true,"campfire_choices":[{"data":"Zap","floor":7,"key":"SMITH"},{"data":"AT_ThunderBolt","floor":15,"key":"SMITH"},{"data":"Dualcast","floor":32,"key":"SMITH"},{"floor":49,"key":"RECALL"},{"floor":52,"key":"DIG"}],"circlet_count":0,"master_deck":["Strike_B","Defend_B+1","Zap+1","Dualcast+1","AT_ShrugMaster","Gash","Ball Lightning","AT_ThunderBolt+1","MostiFishMod:DeathFromBelow","Aggregate+1","Rip and Tear+1","AT_WaterDrop+1","Sweeping Beam+1","MostiFishMod:NightSea"],"relics":["Cracked Core","DaveBox","AT_ATBox","CombinedTypeHook","Membership Card","Civilization","AT_MibuBalloonWealth","Question Card","Centennial Puzzle","Dota2Spire:UrnOfShadows","Meat on the Bone","GremlinMask","Darkstone Periapt","Art of War","ImportantClient","Astrolabe","AT_GoldPhoenixTree","MerchantsRug","Turnip","Dota2Spire:EyeOfSkadi","Question Card","Torii","SecretRecord","Incense Burner","Bag of Marbles","Sling","HaiYi:Twilight","Dota2Spire:DivineRapier","Shovel","Oddly Smooth Stone","Dota2Spire:LinkenSphere","SnafuTest:BearRelic","Mercury Hourglass","Dota2Spire:PowerTreads","ClockworkSouvenir","TheAbacus","AT_Manta","MawBank","Sundial","Dota2Spire:MaskOfMadness","Lantern","Orichalcum","Dota2Spire:ArcaneBoots"],"acts_visited":["Exordium","TheCity","TheBeyond","TheEnding"],"potions_floor_usage":[29],"damage_taken":[{"damage":6,"enemies":"Small Slimes","floor":1,"turns":2},{"damage":0,"enemies":"2 Louse","floor":2,"turns":1},{"damage":0,"enemies":"Cultist","floor":3,"turns":2},{"damage":5,"enemies":"Gremlin Nob","floor":6,"turns":3},{"damage":0,"enemies":"3 Sentries","floor":8,"turns":4},{"damage":0,"enemies":"Red Slaver","floor":10,"turns":1},{"damage":0,"enemies":"Lagavulin","floor":12,"turns":2},{"damage":0,"enemies":"Gremlin Gang","floor":13,"turns":2},{"damage":0,"enemies":"Gremlin Nob","floor":14,"turns":2},{"damage":36,"enemies":"Hexaghost","floor":16,"turns":2},{"damage":0,"enemies":"3 Byrds","floor":18,"turns":1},{"damage":14,"enemies":"Shell Parasite","floor":20,"turns":2},{"damage":0,"enemies":"3 Cultists","floor":21,"turns":2},{"damage":0,"enemies":"Chosen and Byrds","floor":22,"turns":1},{"damage":29,"enemies":"Slavers","floor":23,"turns":2},{"damage":0,"enemies":"Gremlin Leader","floor":25,"turns":2},{"damage":0,"enemies":"Snecko","floor":27,"turns":2},{"damage":0,"enemies":"Centurion and Healer","floor":28,"turns":1},{"damage":0,"enemies":"Slavers","floor":29,"turns":1},{"damage":0,"enemies":"Snake Plant","floor":30,"turns":1},{"damage":0,"enemies":"Collector","floor":33,"turns":2},{"damage":0,"enemies":"3 Shapes","floor":35,"turns":2},{"damage":0,"enemies":"Orb Walker","floor":37,"turns":1},{"damage":0,"enemies":"4 Shapes","floor":38,"turns":1},{"damage":0,"enemies":"Mind Bloom Boss Battle","floor":39,"turns":1},{"damage":0,"enemies":"Reptomancer","floor":40,"turns":2},{"damage":44,"enemies":"Writhing Mass","floor":41,"turns":1},{"damage":0,"enemies":"Giant Head","floor":42,"turns":2},{"damage":0,"enemies":"Transient","floor":44,"turns":3},{"damage":0,"enemies":"3 Darklings","floor":47,"turns":1},{"damage":0,"enemies":"Nemesis","floor":48,"turns":1},{"damage":0,"enemies":"Donu and Deca","floor":50,"turns":2},{"damage":0,"enemies":"Shield and Spear","floor":54,"turns":1},{"damage":6,"enemies":"The Heart","floor":55,"turns":3}],"seed_played":"2117707977194775742","potions_obtained":[{"floor":2,"key":"AttackPotion"},{"floor":8,"key":"Dota2Spire:Clarity"},{"floor":10,"key":"AttackPotion"},{"floor":30,"key":"PowerPotion"}],"is_trial":false,"path_per_floor":["M","M","M","?","?","E","R","E","T","M","?","E","M","E","R","B",null,"M","?","M","M","M","E","$","E","T","M","M","E","M","$","R","B",null,"M","?","M","M","?","E","M","E","T","M","?","$","M","E","R","B",null,"R","$","E","B",null],"character_chosen":"DEFECT","items_purchased":["Membership Card","Civilization","AT_MibuBalloonWealth","MerchantsRug","Turnip","Dota2Spire:EyeOfSkadi","SecretRecord","Incense Burner","Bag of Marbles","Sling","SnafuTest:BearRelic","MostiFishMod:NightSea","Mercury Hourglass","Dota2Spire:PowerTreads","ClockworkSouvenir","TheAbacus","AT_Manta","Dota2Spire:MaskOfMadness","Lantern","Orichalcum"],"campfire_rested":0,"item_purchase_floors":[0,0,0,24,24,24,31,31,31,31,46,46,46,46,46,46,46,53,53,53],"current_hp_per_floor":[64,68,73,66,49,50,50,59,59,69,69,83,98,114,114,95,151,171,165,172,196,222,222,227,259,259,292,327,365,404,404,404,446,497,542,531,577,627,678,733,745,802,802,860,860,860,924,989,989,1056,1089,1089,1089,1158,1222],"gold":1043,"neow_bonus":"","is_daily":false,"chose_seed":false,"campfire_upgraded":3,"win_rate":0.0,"timestamp":1608610986,"path_taken":["M","M","M","?","?","E","R","E","T","M","?","E","M","E","R","BOSS","M","?","?","?","M","E","$","E","T","M","M","E","M","?","R","BOSS","M","?","M","M","?","E","M","E","T","M","?","$","?","E","R","BOSS","R","$","E","BOSS"],"items_purchased_type":["Relic","Relic","Relic","Relic","Relic","Relic","Relic","Relic","Relic","Relic","Relic","Card","Relic","Relic","Relic","Relic","Relic","Relic","Relic","Relic"],"build_version":"2020-12-13","purchased_purges":4,"victory":true,"max_hp_per_floor":[77,81,86,86,86,92,92,101,101,111,111,122,137,153,153,170,170,190,190,211,235,261,290,295,327,327,360,395,433,472,472,472,514,514,559,531,577,627,678,733,789,846,846,904,904,904,968,1033,1033,1100,1100,1100,1100,1169,1239],"card_choices":[{"not_picked":["Barrage","Beam Cell","MostiFishMod:ReprogramOld"],"picked":"SKIP","floor":1},{"not_picked":["Conserve Battery","Cold Snap","Aggregate","Compile Driver"],"picked":"SKIP","floor":2},{"not_picked":["Defragment","Stack","Coolheaded","Darkness"],"picked":"SKIP","floor":3},{"not_picked":["Turbo","Self Repair","Go for the Eyes","Hologram"],"picked":"SKIP","floor":6},{"not_picked":["MostiFishMod:LinkProtocol","Steam","Cold Snap"],"picked":"Gash","floor":8},{"not_picked":["Go for the Eyes","Conserve Battery","Leap"],"picked":"Ball Lightning","floor":10},{"not_picked":["Coolheaded","Rebound","Storm","Undo"],"picked":"SKIP","floor":12},{"not_picked":["Barrage","Leap","Genetic Algorithm","Go for the Eyes"],"picked":"SKIP","floor":13},{"not_picked":["Conserve Battery","Coolheaded","AT_HeatAcrobatics"],"picked":"AT_ThunderBolt","floor":14},{"not_picked":["MostiFishMod:ActiveDefenseSystem","MostiFishMod:Exploitation","MostiFishMod:UniBlue"],"picked":"MostiFishMod:DeathFromBelow","floor":16},{"not_picked":["FTL","Coolheaded+1","Beam Cell","Stack+1"],"picked":"SKIP","floor":18},{"not_picked":["Redo","Sweeping Beam","Leap+1","Chaos"],"picked":"SKIP","floor":20},{"not_picked":["Defragment","Stack","Go for the Eyes"],"picked":"Rip and Tear+1","floor":21},{"not_picked":["Force Field","MostiFishMod:ReadyAimFire","Double Energy","Ball Lightning"],"picked":"SKIP","floor":22},{"not_picked":["Ball Lightning","Turbo+1","Amplify","AT_ThunderBolt"],"picked":"SKIP","floor":23},{"not_picked":["Cold Snap","Ball Lightning","Steam Power","AT_HeatAcrobatics"],"picked":"SKIP","floor":25},{"not_picked":["Double Energy","AT_StudyProgram","Recycle","Heatsinks+1","FTL+1"],"picked":"SKIP","floor":27},{"not_picked":["Gash","AT_HeatAcrobatics+1","Rebound","Cold Snap+1","Heatsinks"],"picked":"SKIP","floor":28},{"not_picked":["MostiFishMod:Exploitation","Storm","AT_HeatAcrobatics","Heatsinks","Undo"],"picked":"SKIP","floor":29},{"not_picked":["Rebound","Cold Snap","Gash","Capacitor","Conserve Battery"],"picked":"SKIP","floor":30},{"not_picked":["Core Surge","Biased Cognition","MostiFishMod:FourSeasons","Meteor Strike"],"picked":"AT_WaterDrop","floor":33},{"not_picked":["Conserve Battery","Compile Driver+1","Cold Snap","Coolheaded+1","Streamline+1"],"picked":"SKIP","floor":35},{"not_picked":["Compile Driver","Gash","AT_DarkMatter","Steam+1","Hologram+1"],"picked":"SKIP","floor":37},{"not_picked":["Redo","Fusion+1","Turbo+1","Stack+1","Coolheaded+1"],"picked":"SKIP","floor":38},{"not_picked":["Rebound+1","Fission","Conserve Battery","AT_HeatAcrobatics+1"],"picked":"Sweeping Beam+1","floor":40},{"not_picked":["Barrage+1","Blizzard","Compile Driver","Rip and Tear","Consume+1"],"picked":"SKIP","floor":41},{"not_picked":["Static Discharge+1","Sweeping Beam","AT_HeatAcrobatics+1","Chill+1","Steam"],"picked":"SKIP","floor":42},{"not_picked":["Gash","Beam Cell","Barrage","Storm","Coolheaded+1"],"picked":"SKIP","floor":44},{"not_picked":["Loop+1","Hologram+1","MostiFishMod:ReprogramOld+1","Turbo","Genetic Algorithm"],"picked":"SKIP","floor":47},{"not_picked":["Cold Snap","Leap+1","Auto Shields+1","AT_HeatAcrobatics","FTL+1"],"picked":"SKIP","floor":48},{"not_picked":["Genetic Algorithm","Recycle","Fission","Go for the Eyes+1","Scrape"],"picked":"SKIP","floor":54}],"player_experience":535850,"relics_obtained":[{"floor":1,"key":"Question Card"},{"floor":6,"key":"Centennial Puzzle"},{"floor":8,"key":"Dota2Spire:UrnOfShadows"},{"floor":9,"key":"Meat on the Bone"},{"floor":12,"key":"Darkstone Periapt"},{"floor":14,"key":"Art of War"},{"floor":16,"key":"ImportantClient"},{"floor":23,"key":"AT_GoldPhoenixTree"},{"floor":25,"key":"Question Card"},{"floor":29,"key":"Torii"},{"floor":39,"key":"Dota2Spire:DivineRapier"},{"floor":40,"key":"Shovel"},{"floor":42,"key":"Oddly Smooth Stone"},{"floor":43,"key":"Dota2Spire:LinkenSphere"},{"floor":48,"key":"MawBank"},{"floor":52,"key":"Sundial"},{"floor":54,"key":"Dota2Spire:ArcaneBoots"}],"event_choices":[{"cards_removed":["Strike_B"],"damage_healed":0,"gold_gain":0,"player_choice":"Card Removal","damage_taken":7,"max_hp_gain":0,"max_hp_loss":0,"event_name":"Golden Wing","floor":4,"gold_loss":0},{"damage_healed":0,"gold_gain":0,"player_choice":"Entered Light","damage_taken":17,"max_hp_gain":0,"max_hp_loss":0,"event_name":"Shining Light","floor":5,"gold_loss":0,"cards_upgraded":["Defend_B","Defend_B"]},{"damage_healed":0,"gold_gain":0,"player_choice":"Trade","damage_taken":0,"relics_obtained":["GremlinMask"],"max_hp_gain":0,"max_hp_loss":0,"event_name":"FaceTrader","floor":11,"gold_loss":0},{"damage_healed":0,"gold_gain":0,"player_choice":"","damage_taken":6,"max_hp_gain":0,"max_hp_loss":0,"event_name":"Knowing Skull","floor":19,"potions_obtained":[],"gold_loss":0,"cards_obtained":[]},{"damage_healed":0,"gold_gain":0,"player_choice":"Max HP","damage_taken":0,"max_hp_gain":0,"max_hp_loss":28,"event_name":"Winding Halls","floor":36,"gold_loss":0},{"damage_healed":0,"gold_gain":0,"player_choice":"Fight","damage_taken":0,"max_hp_gain":0,"max_hp_loss":0,"event_name":"MindBloom","floor":39,"gold_loss":0},{"damage_healed":0,"gold_gain":0,"player_choice":"Upgraded","damage_taken":0,"max_hp_gain":0,"max_hp_loss":0,"event_name":"Upgrade Shrine","floor":45,"gold_loss":0,"cards_upgraded":["AT_WaterDrop"]}],"is_beta":false,"boss_relics":[{"not_picked":["aspiration:BursterCore","BloodWine"],"picked":"Astrolabe"},{"not_picked":["AddBug","xbg"],"picked":"HaiYi:Twilight"}],"items_purged_floors":[0,24,31,46],"is_endless":false,"potions_floor_spawned":[2,8,10,12,16,18,22,27,28,30,39,41,42,47,48],"ascension_level":9}}