{"host":"lctcqud4f9t1q6q5","time":1608613746,"event":{"mods":["BaseMod","Better Vampires","Block Reminder","Colored Map","Colored Powertips","Downfall","Highlight Path","KinomotoSakuraMod(木之本樱)","Lobotomy","LobotomyExtend","Marisa（F雨　魔理沙）","Minty Spire (QoL Compilation)","Quick Restart","Reimu（博丽灵梦）","Relic Stats","Replay The Spire","RumiaBox-露米娅的神秘盒子","Shop Mod","Spicy Shops","StSLib","TestMod","The Bug Knight","Thieving Mod","WarShipGirlsR/战舰少女R mod","vexMod","【功能Mod】混沌之环修复补丁","篝火指南"],"gold_per_floor":[114,131,149,149,224,258,276,276,276,276,140,183,183,183,183,302,302,321,208,208,53,71,71,107,120,198,237,213,227,227,242,242,367,367,383,383,383,383,406,470,488,526,551,574,574,609,488,513,59,59,59,59,37,72,72,72],"floor_reached":55,"playtime":3473,"items_purged":["ReplayTheSpireMod:Restless Dread"],"score":1234,"play_id":"4db91670-beaf-4cf8-a6b3-9b5c43d48278","local_time":"20201222130906","is_ascension_mode":true,"campfire_choices":[{"data":"Pot Of Greed","floor":8.0,"key":"SMITH"},{"floor":15.0,"key":"REST"},{"data":"rmod:secretscript","floor":23.0,"key":"SMITH"},{"data":"rmod:goodfighter","floor":32.0,"key":"SMITH"},{"floor":45.0,"key":"RECALL"},{"data":"rmod:robin","floor":52,"key":"SMITH"}],"circlet_count":0,"master_deck":["rmod:defend+1","rmod:defend+1","rmod:basicallowance","rmod:maingunfire","rmod:openingtorpedo","Pot Of Greed","rmod:firesupport","Pot Of Greed+1","rmod:fletcherpendant","rmod:secretscript+1","rmod:firesupport+1","Bite","Bite","Bite","Bite","rmod:goodfighter+1","rmod:fletcherpendant","rmod:fletcher","RitualDagger","rmod:ammunitionsupply+1","rmod:aluminumsupply+1","Dramatic Entrance","rmod:circuitoustactics+1","rmod:fletcherpendant+1","rmod:robin+1","rmod:windflower+1","rmod:chargemoney+1","rmod:steelsupply+1"],"relics":["testmod-TestBox","testmod-Hope","LetterFromLob","Toy Ornithopter","Ccalipers","Golden Idol","MerchantsRug","vexMod:BarristanHead","ReplayTheSpireMod:CursedCoin","Mirror","GodSword5","testmod-TurbochargingSystem","MagicDraw3","Bottled Flame","rmod:monthlycard","White Beast Statue","Centennial Puzzle","RuthlessExorcism:ReiMu","testmod-Register","GodSword1","HornCleat","Lantern","Strange Spoon","Ginger","War Paint"],"acts_visited":["Exordium","TheCity","TheBeyond","TheEnding"],"potions_floor_usage":[55,55],"damage_taken":[{"damage":0.0,"enemies":"Jaw Worm","floor":1.0,"turns":2.0},{"damage":0.0,"enemies":"Small Slimes","floor":2.0,"turns":1.0},{"damage":0.0,"enemies":"2 Louse","floor":3.0,"turns":1.0},{"damage":20.0,"enemies":"Replay:BlueRogue","floor":6.0,"turns":2.0},{"damage":14.0,"enemies":"Large Slime","floor":7.0,"turns":4.0},{"damage":23.0,"enemies":"Lagavulin","floor":12.0,"turns":5.0},{"damage":2.0,"enemies":"Slime Boss","floor":16.0,"turns":8.0},{"damage":3.0,"enemies":"3 Byrds","floor":18.0,"turns":5.0},{"damage":12.0,"enemies":"Chosen","floor":22.0,"turns":3.0},{"damage":27.0,"enemies":"Replay:Snechameleon","floor":24.0,"turns":5.0},{"damage":16.0,"enemies":"Shelled Parasite and Fungi","floor":25.0,"turns":4.0},{"damage":42.0,"enemies":"HollowMod:Nosk","floor":27.0,"turns":6.0},{"damage":16.0,"enemies":"Snecko","floor":29.0,"turns":4.0},{"damage":11.0,"enemies":"Sentry and Sphere","floor":31.0,"turns":5.0},{"damage":70.0,"enemies":"Collector","floor":33.0,"turns":4.0},{"damage":0.0,"enemies":"3 Shapes","floor":35.0,"turns":2.0},{"damage":0.0,"enemies":"3 Darklings","floor":39.0,"turns":1.0},{"damage":104.0,"enemies":"R_Hoarder","floor":40.0,"turns":9.0},{"damage":4.0,"enemies":"Sphere and 2 Shapes","floor":41.0,"turns":1.0},{"damage":0.0,"enemies":"Giant Head","floor":42.0,"turns":9.0},{"damage":12.0,"enemies":"Jaw Worm Horde","floor":44.0,"turns":2.0},{"damage":39,"enemies":"Nemesis","floor":46,"turns":3},{"damage":36,"enemies":"Maw","floor":48,"turns":6},{"damage":80,"enemies":"Awakened One","floor":50,"turns":6},{"damage":32,"enemies":"Shield and Spear","floor":54,"turns":6},{"damage":139,"enemies":"The Heart","floor":55,"turns":6}],"seed_played":"-664407765213182029","potions_obtained":[{"floor":1.0,"key":"AttackPotion"},{"floor":3.0,"key":"Milkshake"},{"floor":5.0,"key":"Death Potion"},{"floor":5.0,"key":"testmod-SpacePotion"},{"floor":7.0,"key":"Guardian:BlockOnCardUsePotion"},{"floor":12.0,"key":"FearPotion"},{"floor":22.0,"key":"FairyPotion"},{"floor":24.0,"key":"LiquidMemories"},{"floor":25.0,"key":"Slimebound:ThreeZeroPotion"},{"floor":29.0,"key":"champ:CounterPotion"},{"floor":35.0,"key":"LiquidMemories"},{"floor":39.0,"key":"DistilledChaos"},{"floor":41.0,"key":"Languid Potion"},{"floor":42.0,"key":"EssenceOfSteel"},{"floor":44.0,"key":"testmod-SpacePotion"},{"floor":46,"key":"FearPotion"},{"floor":48,"key":"PowerPotion"},{"floor":54,"key":"champ:CounterPotion"}],"is_trial":false,"path_per_floor":["M","M","M","?","?","E","M","R","T","?","R","E","?","?","R","B",null,"M","$","?","$","M","R","E","M","T","E","$","M","?","M","R_BF","B",null,"M","?","?","?","M","E","M","E","T","M","R","E","$","M","R_BF","B",null,"R","$","E","B"],"character_chosen":"PRAEFECT","items_purchased":["MerchantsRug","vexMod:BarristanHead","ReplayTheSpireMod:CursedCoin","GodSword5","vexMod:Spyglass","Bottled Flame","testmod-Register","rmod:windflower+1","GodSword1","HornCleat","Lantern","Strange Spoon","Ginger"],"campfire_rested":1,"item_purchase_floors":[11,11,11,19,21,28,47,47,49,49,49,53,53],"current_hp_per_floor":[68,68,68,68,73,58,44,44,44,44,44,21,21,14,36,39,150,147,147,114,114,108,108,99,95,95,61,61,53,47,114,114,48,110,110,110,110,110,114,20,22,44,44,36,42,11,11,114,114,49,110,110,110,90,0,0],"gold":72,"neow_bonus":"BOSS_RELIC","is_daily":false,"chose_seed":false,"campfire_upgraded":4,"win_rate":0.0,"timestamp":1608613746,"path_taken":["M","M","M","?","?","E","M","R","T","?","R","E","?","?","R","BOSS","M","$","?","?","M","R","E","M","T","E","$","M","?","M","R_BF","BOSS","M","?","?","?","M","E","M","E","T","?","R","E","$","M","R_BF","BOSS","R","$","E","BOSS"],"items_purchased_type":["Relic","Relic","Relic","Relic","Relic","Relic","Relic","Card","Relic","Relic","Card","Relic","Relic"],"build_version":"2020-12-13","purchased_purges":1,"victory":false,"max_hp_per_floor":[75,75,75,75,75,75,75,75,75,75,75,75,75,75,75,75,150,150,150,114,114,114,114,114,114,114,114,114,114,114,114,114,114,114,114,114,114,114,114,114,114,114,114,114,114,114,114,114,114,114,114,114,114,114,114,114],"relic_stats":{"Strange Spoon":[15],"Centennial Puzzle":[18],"counters":[26,110],"Golden Idol":169,"Ginger":[2],"War Paint":["rmod:defend","rmod:defend"],"obtain_stats":[{"Lantern":49,"Ginger":53,"vexMod:Spyglass":21,"MagicDraw3":27,"Centennial Puzzle":42,"HornCleat":49,"Ccalipers":9,"vexMod:NewClearReactor":0,"MerchantsRug":11,"testmod-TestBox":0,"Golden Idol":10,"ReplayTheSpireMod:CursedCoin":11,"testmod-Register":47,"testmod-HarvestTotem":17,"testmod-TurbochargingSystem":24,"War Paint":54,"White Beast Statue":40,"Du-Vu Doll":46,"Strange Spoon":53,"Bottled Flame":28,"vexMod:BarristanHead":11,"testmod-Hope":0,"rmod:firstchargereward":0,"LetterFromLob":1,"GodSword5":19,"Grinning Jar":6,"Mirror":12,"Toy Ornithopter":5,"rmod:monthlycard":34,"RuthlessExorcism:ReiMu":43,"GodSword1":49},{"Lantern":23,"Ginger":24,"vexMod:Spyglass":8,"MagicDraw3":12,"Centennial Puzzle":20,"HornCleat":23,"Ccalipers":5,"vexMod:NewClearReactor":0,"MerchantsRug":5,"testmod-TestBox":0,"Golden Idol":5,"ReplayTheSpireMod:CursedCoin":5,"testmod-Register":22,"testmod-HarvestTotem":7,"testmod-TurbochargingSystem":10,"War Paint":25,"White Beast Statue":18,"Du-Vu Doll":22,"Strange Spoon":24,"Bottled Flame":12,"vexMod:BarristanHead":5,"testmod-Hope":0,"rmod:firstchargereward":0,"LetterFromLob":1,"GodSword5":8,"Grinning Jar":4,"Mirror":6,"Toy Ornithopter":3,"rmod:monthlycard":15,"RuthlessExorcism:ReiMu":20,"GodSword1":23},{"Lantern":92,"Ginger":98,"vexMod:Spyglass":28,"MagicDraw3":46,"Centennial Puzzle":81,"HornCleat":92,"Ccalipers":10,"vexMod:NewClearReactor":0,"MerchantsRug":10,"testmod-TestBox":0,"Golden Idol":10,"ReplayTheSpireMod:CursedCoin":10,"testmod-Register":86,"testmod-HarvestTotem":23,"testmod-TurbochargingSystem":36,"War Paint":104,"White Beast Statue":71,"Du-Vu Doll":86,"Strange Spoon":98,"Bottled Flame":46,"vexMod:BarristanHead":10,"testmod-Hope":0,"rmod:firstchargereward":0,"LetterFromLob":2,"GodSword5":28,"Grinning Jar":6,"Mirror":15,"Toy Ornithopter":4,"rmod:monthlycard":59,"RuthlessExorcism:ReiMu":81,"GodSword1":92}],"Toy Ornithopter":43},"card_choices":[{"not_picked":["rmod:capitalist","rmod:fletcherpendant"],"picked":"rmod:openingtorpedo","floor":1.0},{"not_picked":["rmod:unsinkable","rmod:garrisonisland","rmod:supportescort"],"picked":"SKIP","floor":2.0},{"not_picked":["rmod:tearstotiara","rmod:circuitoustactics","rmod:intelligenceanalysis"],"picked":"SKIP","floor":3.0},{"not_picked":["rmod:maintain","rmod:acesubmarine"],"picked":"rmod:firesupport","floor":6.0},{"not_picked":["rmod:unsinkable","rmod:intelligenceanalysis"],"picked":"rmod:fletcherpendant","floor":7.0},{"not_picked":["rmod:fuelsupply","rmod:u235","rmod:steelsupply"],"picked":"SKIP","floor":12.0},{"not_picked":["rmod:acesubmarine","rmod:windflower"],"picked":"rmod:secretscript","floor":16.0},{"not_picked":["rmod:circuitoustactics","rmod:bulid"],"picked":"rmod:firesupport+1","floor":18.0},{"not_picked":["rmod:goodsister","rmod:diaomin","rmod:fuelsupply"],"picked":"SKIP","floor":22.0},{"not_picked":["rmod:victimresponsibility","rmod:goodsister"],"picked":"rmod:goodfighter","floor":24.0},{"not_picked":["rmod:victimresponsibility","rmod:garrisonisland"],"picked":"rmod:fletcherpendant","floor":25.0},{"not_picked":["rmod:ammunitionsupply","rmod:slowdown+1"],"picked":"rmod:fletcher","floor":27.0},{"not_picked":["rmod:intelligenceanalysis","rmod:garrisonisland","rmod:victimresponsibility+1"],"picked":"SKIP","floor":29.0},{"not_picked":["rmod:tearstotiara","rmod:fuelsupply"],"picked":"rmod:ammunitionsupply+1","floor":31.0},{"not_picked":["rmod:intelligenceanalysis+1","rmod:firesupport"],"picked":"rmod:aluminumsupply+1","floor":35.0},{"not_picked":["vexMod:EmailVexCard","Specialist"],"picked":"Dramatic Entrance","floor":36.0},{"not_picked":["rmod:wolves+1","rmod:chargemoney","rmod:ammunitionsupply"],"picked":"SKIP","floor":39.0},{"not_picked":["rmod:firesupport","rmod:tearstotiara","rmod:stealaluminum"],"picked":"SKIP","floor":40.0},{"not_picked":["rmod:bulid","rmod:luckystar"],"picked":"rmod:circuitoustactics+1","floor":41.0},{"not_picked":["rmod:unsinkable+1","rmod:capitalist","rmod:heivgo+1"],"picked":"SKIP","floor":42.0},{"not_picked":["rmod:fuelsupply","rmod:mineteam+1"],"picked":"rmod:fletcherpendant+1","floor":44.0},{"not_picked":["rmod:supportescort","rmod:tearstotiara+1"],"picked":"rmod:robin","floor":46},{"not_picked":["rmod:unsinkable","rmod:victimresponsibility"],"picked":"rmod:chargemoney+1","floor":48},{"not_picked":["rmod:bulid+1","rmod:windflower"],"picked":"rmod:steelsupply+1","floor":54}],"player_experience":345373,"relics_obtained":[{"floor":1.0,"key":"LetterFromLob"},{"floor":5.0,"key":"Toy Ornithopter"},{"floor":6.0,"key":"Grinning Jar"},{"floor":9.0,"key":"Ccalipers"},{"floor":12.0,"key":"Mirror"},{"floor":24.0,"key":"testmod-TurbochargingSystem"},{"floor":27.0,"key":"MagicDraw3"},{"floor":40.0,"key":"White Beast Statue"},{"floor":42.0,"key":"Centennial Puzzle"},{"floor":43.0,"key":"RuthlessExorcism:ReiMu"},{"floor":46,"key":"Du-Vu Doll"},{"floor":54,"key":"War Paint"}],"event_choices":[{"damage_healed":0.0,"max_hp_gain":0.0,"max_hp_loss":0.0,"gold_gain":0.0,"event_name":"Golden Idol","player_choice":"Take Wound","floor":10.0,"gold_loss":0.0,"damage_taken":0.0,"relics_obtained":["Golden Idol"],"cards_obtained":["Injury"]},{"cards_removed":["ReplayTheSpireMod:Splinters"],"damage_healed":0.0,"max_hp_gain":0.0,"max_hp_loss":0.0,"gold_gain":0.0,"event_name":"Living Wall","player_choice":"Forget","floor":13.0,"gold_loss":0.0,"damage_taken":0.0},{"cards_removed":["Injury"],"damage_healed":0.0,"max_hp_gain":0.0,"max_hp_loss":0.0,"gold_gain":0.0,"event_name":"Golden Wing","player_choice":"Card Removal","floor":14.0,"gold_loss":0.0,"damage_taken":7.0},{"damage_healed":0.0,"max_hp_gain":0.0,"max_hp_loss":36.0,"gold_gain":0.0,"event_name":"Vampires","player_choice":"Became a vampire","floor":20.0,"gold_loss":0.0,"damage_taken":0.0,"cards_obtained":["Bite","Bite","Bite","Bite"]},{"damage_healed":0.0,"max_hp_gain":0.0,"max_hp_loss":0.0,"gold_gain":0.0,"event_name":"Nest","player_choice":"Joined the Cult","floor":30.0,"gold_loss":0.0,"damage_taken":6.0,"cards_obtained":["RitualDagger"]},{"damage_healed":0.0,"max_hp_gain":0.0,"max_hp_loss":0.0,"gold_gain":0.0,"event_name":"SensoryStone","player_choice":"Memory 1","floor":36.0,"gold_loss":0.0,"damage_taken":0.0},{"cards_removed":["rmod:defend"],"damage_healed":0.0,"max_hp_gain":0.0,"max_hp_loss":0.0,"gold_gain":0.0,"event_name":"Purifier","player_choice":"Purged","floor":38.0,"gold_loss":0.0,"damage_taken":0.0}],"is_beta":false,"boss_relics":[{"not_picked":["vexMod:TanglingVine","Fusion Hammer"],"picked":"testmod-HarvestTotem"},{"not_picked":["Velvet Choker","Replay:Drink Me"],"picked":"rmod:monthlycard"}],"items_purged_floors":[11],"is_endless":false,"potions_floor_spawned":[1,3,7,12,22,24,25,29,35,39,41,42,44,46,48,54],"killed_by":"The Heart","ascension_level":7}}