{"host":"65a95dzim48ko8ke","time":1608628828,"event":{"mods":["Act Like it!","BaseMod","Minty Spire (QoL Compilation)","StSLib","The Cursed","The Jungle"],"gold_per_floor":[114,129,141,160,173,201,201,259,282,312,312,328,328,340,340,445,445,456,468,468,487,501,501,528,528,528,545,172,191,191,202,202,302,302,314,314,328,347,367,398,412,412,460,460,495,8,18,32,32,32],"floor_reached":51,"playtime":5813,"items_purged":["TheCursedMod:Defend_TheCursed"],"score":746,"play_id":"ba27d4e1-310e-4296-ab08-ef2de09489e5","local_time":"20201222182028","is_ascension_mode":false,"campfire_choices":[{"data":"TheCursedMod:LuckyCharm","floor":7.0,"key":"SMITH"},{"data":"TheCursedMod:SpitefulPlan","floor":15.0,"key":"SMITH"},{"data":"TheCursedMod:HellfireBreathing","floor":23.0,"key":"SMITH"},{"data":"TheCursedMod:ForbiddenAlchemy","floor":25.0,"key":"SMITH"},{"data":"TheCursedMod:DoubleShield","floor":32.0,"key":"SMITH"},{"data":"TheCursedMod:CircleOfFocus","floor":42.0,"key":"SMITH"},{"data":"TheCursedMod:VoidForm","floor":49,"key":"SMITH"}],"circlet_count":0,"master_deck":["TheCursedMod:Strike_TheCursed","TheCursedMod:Strike_TheCursed","TheCursedMod:CursedWand","TheCursedMod:CleanUpWorkshop","TheCursedMod:Dregs","TheCursedMod:ShockAndAwe","TheCursedMod:SurpriseAttack","TheCursedMod:CursedSpellbook","TheCursedMod:SoulReap","TheCursedMod:StunningStrike","TheCursedMod:CircleOfFocus+1","TheCursedMod:LuckyCharm+1","TheCursedMod:SpitefulPlan+1","TheCursedMod:RapidMovement","TheCursedMod:Evocation","TheCursedMod:ReleasedKnowledge","TheCursedMod:ForbiddenAlchemy","TheCursedMod:CursedShiv","TheCursedMod:CursedShiv","TheCursedMod:ForbiddenAlchemy+1","TheCursedMod:HellfireBreathing+1","TheCursedMod:SmokeScreen+1","TheCursedMod:FuryStrike+1","TheCursedMod:Obscuration","TheCursedMod:ForbiddenAlchemy","Forethought","TheCursedMod:SoulCrush","TheCursedMod:DoubleShield+1","TheCursedMod:DemonSword","CurseOfTheBell","TheCursedMod:Grudge+1","TheCursedMod:BlessingInDisguise","TheCursedMod:TacticalStrike+1","TheCursedMod:ManaBullet+1","TheCursedMod:HellfireBreathing+1","TheCursedMod:CursedBlade","TheCursedMod:Defend_TheCursed","TheCursedMod:LuckyCharm","TheCursedMod:CursedRelics","TheCursedMod:CursedBoomerang","TheCursedMod:CursedMace+1","TheCursedMod:VoidForm+1"],"relics":["TheCursedMod:BlackMagic101","PreservedInsect","Bag of Marbles","Toy Ornithopter","MealTicket","HornCleat","Philosopher\u0027s Stone","Gremlin Horn","Ornamental Fan","theJungle:SpiritDisease","Calling Bell","Bronze Scales","Shuriken","Calipers","Orichalcum","Spirit Poop","Dream Catcher","Torii"],"acts_visited":["Exordium","theJungle:Jungle","TheBeyond"],"potions_floor_usage":[48,50,50,50,50,50,50,50,50,50,50,50,50,50],"damage_taken":[{"damage":0.0,"enemies":"2 Louse","floor":1.0,"turns":3.0},{"damage":0.0,"enemies":"Small Slimes","floor":2.0,"turns":2.0},{"damage":0.0,"enemies":"Cultist","floor":3.0,"turns":2.0},{"damage":10.0,"enemies":"Lots of Slimes","floor":4.0,"turns":5.0},{"damage":0.0,"enemies":"Exordium Wildlife","floor":5.0,"turns":3.0},{"damage":0.0,"enemies":"Gremlin Nob","floor":6.0,"turns":2.0},{"damage":5.0,"enemies":"3 Sentries","floor":8.0,"turns":5.0},{"damage":1.0,"enemies":"Lagavulin","floor":10.0,"turns":3.0},{"damage":14.0,"enemies":"Exordium Thugs","floor":12.0,"turns":5.0},{"damage":3.0,"enemies":"Red Slaver","floor":14.0,"turns":4.0},{"damage":41.0,"enemies":"Slime Boss","floor":16.0,"turns":11.0},{"damage":30.0,"enemies":"theJungle:Flameango_and_Byrd","floor":18.0,"turns":8.0},{"damage":6.0,"enemies":"theJungle:5_Spyders","floor":19.0,"turns":8.0},{"damage":2.0,"enemies":"theJungle:Snecko_Cultist_And_Trap","floor":21.0,"turns":6.0},{"damage":0.0,"enemies":"Snake Plant","floor":22.0,"turns":3.0},{"damage":2.0,"enemies":"theJungle:Cassacara","floor":24.0,"turns":6.0},{"damage":0.0,"enemies":"theJungle:JungleHuntersEncounter","floor":27.0,"turns":5.0},{"damage":1.0,"enemies":"theJungle:SlimyTreeVines","floor":29.0,"turns":4.0},{"damage":0.0,"enemies":"Snake Plant","floor":31.0,"turns":4.0},{"damage":11.0,"enemies":"theJungle:FunGuy","floor":33.0,"turns":8.0},{"damage":2.0,"enemies":"3 Darklings","floor":35.0,"turns":5.0},{"damage":11.0,"enemies":"3 Shapes","floor":37.0,"turns":5.0},{"damage":2.0,"enemies":"Writhing Mass","floor":38.0,"turns":5.0},{"damage":3.0,"enemies":"Jaw Worm Horde","floor":39.0,"turns":4.0},{"damage":5.0,"enemies":"Giant Head","floor":40.0,"turns":7.0},{"damage":20.0,"enemies":"Sphere and 2 Shapes","floor":41.0,"turns":4.0},{"damage":4.0,"enemies":"Nemesis","floor":45.0,"turns":4.0},{"damage":2.0,"enemies":"Transient","floor":47.0,"turns":5.0},{"damage":0,"enemies":"Jaw Worm Horde","floor":48,"turns":3},{"damage":14,"enemies":"Donu and Deca","floor":50,"turns":7}],"seed_played":"5607561656075124718","potions_obtained":[{"floor":2.0,"key":"ColorlessPotion"},{"floor":3.0,"key":"Explosive Potion"},{"floor":4.0,"key":"ColorlessPotion"},{"floor":8.0,"key":"LiquidBronze"},{"floor":19.0,"key":"Ancient Potion"},{"floor":20.0,"key":"EntropicBrew"},{"floor":24.0,"key":"Dexterity Potion"},{"floor":38.0,"key":"Block Potion"},{"floor":41.0,"key":"DuplicationPotion"},{"floor":45.0,"key":"Energy Potion"},{"floor":47,"key":"DuplicationPotion"}],"is_trial":false,"path_per_floor":["M","M","M","M","M","E","R","?","T","E","?","M","?","M","R","B",null,"M","M","?","M","M","R","E","R","T","M","$","M","?","M","R","B",null,"M","?","M","M","M","E","M","R","T","?","E","$","M","M","R","B",null],"character_chosen":"THE_CURSED","items_purchased":["TheCursedMod:Obscuration","TheCursedMod:ForbiddenAlchemy","Forethought","TheCursedMod:CursedRelics","Torii","TheCursedMod:CursedBoomerang"],"campfire_rested":0,"item_purchase_floors":[28,28,28,46,46,46],"current_hp_per_floor":[68,68,68,63,68,68,68,63,63,67,60,49,37,39,39,3,68,63,58,58,66,68,68,68,68,68,68,68,68,68,68,68,67,68,66,66,62,68,68,65,59,59,59,59,65,68,68,68,68,68],"gold":32,"neow_bonus":"THREE_RARE_CARDS","is_daily":false,"chose_seed":false,"campfire_upgraded":7,"win_rate":0.0,"timestamp":1608628828,"path_taken":["M","M","M","M","M","E","R","?","T","E","?","M","?","M","R","BOSS","M","M","?","?","M","R","E","R","T","?","$","M","?","M","R","BOSS","M","?","M","?","M","E","M","R","T","?","E","$","M","M","R","BOSS"],"items_purchased_type":["Card","Card","Card","Card","Relic","Card"],"build_version":"2020-12-13","purchased_purges":1,"victory":true,"max_hp_per_floor":[68,68,68,68,68,68,68,68,68,68,68,68,68,68,68,68,68,68,68,68,68,68,68,68,68,68,68,68,68,68,68,68,68,68,68,68,68,68,68,68,68,68,68,68,68,68,68,68,68,68],"card_choices":[{"not_picked":["TheCursedMod:OutForBlood","TheCursedMod:DarkBarrier"],"picked":"TheCursedMod:ShockAndAwe","floor":0.0},{"not_picked":["TheCursedMod:Stigma","TheCursedMod:CursedMace"],"picked":"TheCursedMod:SurpriseAttack","floor":1.0},{"not_picked":["TheCursedMod:Wield","TheCursedMod:TacticalStrike"],"picked":"TheCursedMod:CursedSpellbook","floor":2.0},{"not_picked":["TheCursedMod:Mangle","TheCursedMod:FleshFromBone"],"picked":"TheCursedMod:SoulReap","floor":3.0},{"not_picked":["TheCursedMod:RavingStaff","TheCursedMod:RapidMovement"],"picked":"TheCursedMod:StunningStrike","floor":4.0},{"not_picked":["TheCursedMod:CursedBlade","TheCursedMod:TacticalStrike"],"picked":"TheCursedMod:CircleOfFocus","floor":5.0},{"not_picked":["TheCursedMod:CursedShiv","TheCursedMod:AbyssShockwave"],"picked":"TheCursedMod:LuckyCharm","floor":6.0},{"not_picked":["TheCursedMod:CursedShiv","TheCursedMod:RapidMovement"],"picked":"TheCursedMod:SpitefulPlan","floor":8.0},{"not_picked":["TheCursedMod:Stretching","TheCursedMod:ParallelWorld"],"picked":"TheCursedMod:RapidMovement","floor":10.0},{"not_picked":["TheCursedMod:Stigma","TheCursedMod:CursedStaff"],"picked":"TheCursedMod:Evocation","floor":12.0},{"not_picked":["TheCursedMod:Stretching","TheCursedMod:PrepareRite"],"picked":"TheCursedMod:ReleasedKnowledge","floor":14.0},{"not_picked":["TheCursedMod:NeowsMight","TheCursedMod:ShockAndAwe"],"picked":"TheCursedMod:ForbiddenAlchemy","floor":16.0},{"not_picked":["TheCursedMod:CircleOfFlame","TheCursedMod:VitalStrike+1"],"picked":"TheCursedMod:CursedShiv","floor":18.0},{"not_picked":["TheCursedMod:VitalStrike+1","TheCursedMod:TacticalStrike"],"picked":"TheCursedMod:CursedShiv","floor":19.0},{"not_picked":["TheCursedMod:AbyssShockwave","TheCursedMod:Stigma+1"],"picked":"TheCursedMod:ForbiddenAlchemy","floor":21.0},{"not_picked":["TheCursedMod:FleshFromBone","TheCursedMod:CircleOfAmplification"],"picked":"TheCursedMod:HellfireBreathing","floor":22.0},{"not_picked":["TheCursedMod:RavingStaff","TheCursedMod:CursedAmulet+1"],"picked":"TheCursedMod:SmokeScreen+1","floor":24.0},{"not_picked":["TheCursedMod:RavingStaff","TheCursedMod:RapidMovement"],"picked":"TheCursedMod:FuryStrike+1","floor":27.0},{"not_picked":["TheCursedMod:PrepareRite","TheCursedMod:RapidMovement+1"],"picked":"TheCursedMod:SoulCrush","floor":29.0},{"not_picked":["TheCursedMod:ReleasedKnowledge","TheCursedMod:CircleOfFlame"],"picked":"TheCursedMod:DoubleShield","floor":31.0},{"not_picked":["TheCursedMod:NeowsMight","TheCursedMod:UltimatePain"],"picked":"TheCursedMod:DemonSword","floor":33.0},{"not_picked":["TheCursedMod:CursedShiv","TheCursedMod:SoulReap+1"],"picked":"TheCursedMod:Grudge+1","floor":35.0},{"not_picked":["TheCursedMod:FuryStrike+1","TheCursedMod:Stigma+1"],"picked":"TheCursedMod:TacticalStrike+1","floor":37.0},{"not_picked":["TheCursedMod:WearCloak","TheCursedMod:SmokeScreen"],"picked":"TheCursedMod:ManaBullet+1","floor":38.0},{"not_picked":["TheCursedMod:SpitefulStrike","TheCursedMod:Hemoplague+1"],"picked":"TheCursedMod:HellfireBreathing+1","floor":39.0},{"not_picked":["TheCursedMod:BlessingInDisguise","TheCursedMod:RavingStaff","TheCursedMod:VitalStrike"],"picked":"SKIP","floor":40.0},{"not_picked":["TheCursedMod:Obscuration","TheCursedMod:StingEye"],"picked":"TheCursedMod:CursedBlade","floor":41.0},{"not_picked":["TheCursedMod:FleshFromBone+1","TheCursedMod:EmpowerCircles"],"picked":"TheCursedMod:LuckyCharm","floor":45.0},{"not_picked":["TheCursedMod:TacticalStrike","TheCursedMod:RapidMovement"],"picked":"TheCursedMod:CursedMace+1","floor":47},{"not_picked":["TheCursedMod:TacticalStrike","TheCursedMod:WearCloak"],"picked":"TheCursedMod:VoidForm","floor":48}],"player_experience":266330,"relics_obtained":[{"floor":6.0,"key":"PreservedInsect"},{"floor":8.0,"key":"Bag of Marbles"},{"floor":9.0,"key":"Toy Ornithopter"},{"floor":10.0,"key":"MealTicket"},{"floor":24.0,"key":"Gremlin Horn"},{"floor":26.0,"key":"Ornamental Fan"},{"floor":34.0,"key":"Bronze Scales"},{"floor":34.0,"key":"Shuriken"},{"floor":34.0,"key":"Calipers"},{"floor":40.0,"key":"Orichalcum"},{"floor":43.0,"key":"Spirit Poop"},{"floor":45.0,"key":"Dream Catcher"}],"event_choices":[{"damage_healed":0.0,"max_hp_gain":0.0,"max_hp_loss":0.0,"gold_gain":30.0,"event_name":"Dead Adventurer","player_choice":"Searched \u00273\u0027 times","floor":8.0,"gold_loss":0.0,"damage_taken":0.0},{"cards_removed":["TheCursedMod:Strike_TheCursed"],"damage_healed":0.0,"max_hp_gain":0.0,"max_hp_loss":0.0,"gold_gain":0.0,"event_name":"Golden Wing","player_choice":"Card Removal","floor":11.0,"gold_loss":0.0,"damage_taken":7.0},{"damage_healed":0.0,"max_hp_gain":0.0,"max_hp_loss":0.0,"gold_gain":0.0,"event_name":"Scrap Ooze","player_choice":"Success","floor":13.0,"gold_loss":0.0,"damage_taken":12.0,"relics_obtained":["HornCleat"]},{"damage_healed":0.0,"max_hp_gain":0.0,"max_hp_loss":0.0,"gold_gain":0.0,"event_name":"Lab","player_choice":"Got Potions","floor":20.0,"gold_loss":0.0,"damage_taken":0.0},{"damage_healed":0.0,"max_hp_gain":0.0,"max_hp_loss":0.0,"gold_gain":0.0,"event_name":"Match and Keep!","player_choice":"1 cards matched","floor":36.0,"gold_loss":0.0,"damage_taken":0.0,"cards_obtained":["TheCursedMod:BlessingInDisguise"]},{"cards_removed":["TheCursedMod:Defend_TheCursed"],"damage_healed":0.0,"max_hp_gain":0.0,"max_hp_loss":0.0,"gold_gain":0.0,"event_name":"NoteForYourself","player_choice":"Took Card","floor":44.0,"gold_loss":0.0,"damage_taken":0.0,"cards_obtained":["TheCursedMod:Defend_TheCursed"]}],"is_beta":false,"boss_relics":[{"not_picked":["Runic Dome","Velvet Choker"],"picked":"Philosopher\u0027s Stone"},{"not_picked":["Empty Cage","Snecko Eye"],"picked":"Calling Bell"}],"items_purged_floors":[28],"is_endless":false,"potions_floor_spawned":[2,3,4,8,19,21,24,37,38,41,45,47],"ascension_level":0}}