{"host":"x039aayur7qovk2d","time":1608619270,"event":{"mods":["AchievementEnabler","BaseMod","Block Reminder","Colored Map","Colored Powertips","DeckTracker","Googly Eyes","Highlight Path","Minty Spire (QoL Compilation)","Permanent Neow","Quick Restart","Rare Cards Sparkle","Relic Sorter","Relic Stats"],"gold_per_floor":[118,137,153,169,169,196,216,229,252,281,281,294,6,16,16,115,115,135,145,125,145,159,185,202,212,212,237,237,268,283,302,302,405,405,420,470,482,499,499,529,529,574,574,574,592,612,246,264,264,264],"floor_reached":51,"playtime":4585,"items_purged":["Sword Boomerang"],"score":859,"play_id":"6009e03f-0e8e-42af-bb36-de7eeaac2ee8","local_time":"20201221224110","is_ascension_mode":false,"campfire_choices":[{"data":"Pommel Strike","floor":11.0,"key":"SMITH"},{"data":"Immolate","floor":15,"key":"SMITH"},{"floor":28,"key":"REST"},{"floor":32,"key":"REST"},{"data":"Armaments","floor":41,"key":"SMITH"},{"data":"Ghostly Armor","floor":49,"key":"SMITH"}],"circlet_count":0,"master_deck":["Bash","Immolate+1","Pommel Strike+1","Armaments","Ghostly Armor+1","Feed","Decay","Perfected Strike+1","Shrug It Off","Feed","Power Through","Clothesline","Cleave","Juggernaut+1","True Grit","Brutality+1","Metallicize+1","Immolate","Fire Breathing+1","Flame Barrier","Dark Embrace+1","Armaments+1","Metallicize+1","Iron Wave+1","Impervious","Anger","Clash+1","Intimidate+1","Wild Strike","Dropkick+1","Blood for Blood","Rage","Limit Break","Pommel Strike+1","Inflame+1","Combust+1","Headbutt","Heavy Blade","Writhe","Discovery","Secret Technique","Chrysalis","Rampage"],"relics":["Burning Blood","Centennial Puzzle","Ginger","Pen Nib","Happy Flower","Art of War","Frozen Egg 2","Whetstone","Du-Vu Doll","Pandora\u0027s Box","Ancient Tea Set","Bottled Lightning","Cursed Key","Lizard Tail","Peace Pipe","Brimstone"],"acts_visited":["Exordium","TheCity","TheBeyond"],"potions_floor_usage":[22,23,27,27,27,29,33,33,40,42,46,46,46,50,50,50],"damage_taken":[{"damage":6.0,"enemies":"Cultist","floor":1.0,"turns":3.0},{"damage":0.0,"enemies":"2 Louse","floor":2.0,"turns":1.0},{"damage":0.0,"enemies":"Small Slimes","floor":3.0,"turns":2.0},{"damage":4.0,"enemies":"2 Fungi Beasts","floor":4.0,"turns":3.0},{"damage":20.0,"enemies":"Lagavulin","floor":6.0,"turns":5.0},{"damage":0.0,"enemies":"Large Slime","floor":7.0,"turns":5.0},{"damage":2.0,"enemies":"Exordium Wildlife","floor":8.0,"turns":2.0},{"damage":22.0,"enemies":"Gremlin Nob","floor":10.0,"turns":4.0},{"damage":2.0,"enemies":"Red Slaver","floor":12.0,"turns":3.0},{"damage":0,"enemies":"Lots of Slimes","floor":14,"turns":1},{"damage":41,"enemies":"Slime Boss","floor":16,"turns":10},{"damage":31,"enemies":"Shell Parasite","floor":18,"turns":4},{"damage":15,"enemies":"2 Thieves","floor":19,"turns":3},{"damage":17,"enemies":"Snake Plant","floor":21,"turns":5},{"damage":0,"enemies":"Sentry and Sphere","floor":22,"turns":1},{"damage":20,"enemies":"Gremlin Leader","floor":23,"turns":6},{"damage":12,"enemies":"3 Cultists","floor":24,"turns":5},{"damage":19,"enemies":"Snake Plant","floor":25,"turns":5},{"damage":17,"enemies":"Slavers","floor":27,"turns":2},{"damage":4,"enemies":"Gremlin Leader","floor":29,"turns":5},{"damage":10,"enemies":"Shelled Parasite and Fungi","floor":30,"turns":7},{"damage":20,"enemies":"Centurion and Healer","floor":31,"turns":6},{"damage":41,"enemies":"Champ","floor":33,"turns":10},{"damage":15,"enemies":"3 Shapes","floor":35,"turns":5},{"damage":5,"enemies":"Mind Bloom Boss Battle","floor":36,"turns":6},{"damage":1,"enemies":"Orb Walker","floor":37,"turns":2},{"damage":5,"enemies":"Jaw Worm Horde","floor":38,"turns":4},{"damage":4,"enemies":"Reptomancer","floor":40,"turns":5},{"damage":30,"enemies":"2 Orb Walkers","floor":42,"turns":5},{"damage":26,"enemies":"Sphere and 2 Shapes","floor":45,"turns":4},{"damage":17,"enemies":"Spire Growth","floor":46,"turns":5},{"damage":6,"enemies":"4 Shapes","floor":48,"turns":2},{"damage":100,"enemies":"Awakened One","floor":50,"turns":9}],"seed_played":"-936601347854154321","potions_obtained":[{"floor":2.0,"key":"LiquidBronze"},{"floor":3.0,"key":"SteroidPotion"},{"floor":4.0,"key":"LiquidBronze"},{"floor":12.0,"key":"SteroidPotion"},{"floor":14,"key":"CultistPotion"},{"floor":20,"key":"DistilledChaos"},{"floor":23,"key":"Fire Potion"},{"floor":24,"key":"Strength Potion"},{"floor":27,"key":"Swift Potion"},{"floor":29,"key":"PowerPotion"},{"floor":30,"key":"SteroidPotion"},{"floor":33,"key":"Block Potion"},{"floor":35,"key":"Explosive Potion"},{"floor":37,"key":"AttackPotion"},{"floor":45,"key":"EntropicBrew"}],"is_trial":false,"path_per_floor":["M","M","M","M","?","E","M","M","T","E","R","M","$","M","R","B",null,"M","M","?","M","M","E","M","M","T","E","R","E","M","M","R","B",null,"M","?","M","M","?","E","R","?","T","?","M","M","$","M","R","B",null],"character_chosen":"IRONCLAD","items_purchased":["Du-Vu Doll","Brimstone","Regen Potion","EssenceOfSteel"],"campfire_rested":2,"item_purchase_floors":[13,47,47,47],"current_hp_per_floor":[56,62,68,70,70,59,68,75,75,62,62,66,66,75,75,43,98,73,67,67,56,65,51,48,38,38,27,60,62,61,53,88,53,119,110,111,116,120,120,122,122,98,98,88,71,60,60,64,64,49],"gold":264,"neow_bonus":"THREE_RARE_CARDS","is_daily":false,"chose_seed":false,"campfire_upgraded":4,"win_rate":0.0,"timestamp":1608619270,"path_taken":["M","M","M","M","?","E","M","M","T","E","R","M","$","?","R","BOSS","M","M","?","?","M","E","M","M","T","E","R","E","M","M","R","BOSS","M","?","M","M","?","E","R","?","T","?","?","M","$","M","R","BOSS"],"items_purchased_type":["Relic","Relic","Potion","Potion"],"build_version":"2020-12-13","purchased_purges":1,"victory":true,"max_hp_per_floor":[80,80,80,80,80,83,86,89,89,92,92,92,92,95,95,98,98,98,101,101,101,104,104,107,110,110,110,110,110,113,119,119,119,119,119,119,119,122,122,122,122,122,122,122,125,125,125,129,129,129],"relic_stats":{"Happy Flower":[40],"counters":[33,145],"Pen Nib":[11],"Ginger":[0],"Whetstone":["Strike_R","Perfected Strike"],"Cursed Key":1,"Burning Blood":198,"Peace Pipe":0,"Centennial Puzzle":[12],"Lizard Tail":64,"Pandora\u0027s Box":["True Grit","Brutality","Metallicize","Sword Boomerang","Immolate","Fire Breathing","Flame Barrier","Dark Embrace","Armaments"],"Art of War":[9],"obtain_stats":[{"Happy Flower":10,"Pen Nib":29,"Whetstone":9,"Ginger":40,"Frozen Egg 2":6,"Ancient Tea Set":23,"Cursed Key":34,"Burning Blood":0,"Du-Vu Doll":13,"Peace Pipe":42,"Lizard Tail":36,"Centennial Puzzle":43,"Brimstone":47,"Pandora\u0027s Box":17,"Art of War":27,"Bottled Lightning":26},{"Happy Flower":8,"Pen Nib":20,"Whetstone":7,"Ginger":28,"Frozen Egg 2":5,"Ancient Tea Set":16,"Cursed Key":23,"Burning Blood":0,"Du-Vu Doll":9,"Peace Pipe":29,"Lizard Tail":25,"Centennial Puzzle":29,"Brimstone":31,"Pandora\u0027s Box":11,"Art of War":19,"Bottled Lightning":18},{"Happy Flower":25,"Pen Nib":75,"Whetstone":21,"Ginger":120,"Frozen Egg 2":14,"Ancient Tea Set":58,"Cursed Key":98,"Burning Blood":0,"Du-Vu Doll":28,"Peace Pipe":125,"Lizard Tail":109,"Centennial Puzzle":125,"Brimstone":134,"Pandora\u0027s Box":39,"Art of War":70,"Bottled Lightning":68}]},"card_choices":[{"not_picked":["Reaper","Offering"],"picked":"Immolate","floor":0.0},{"not_picked":["Sword Boomerang","Anger"],"picked":"Pommel Strike","floor":1.0},{"not_picked":["Iron Wave","Clash"],"picked":"Armaments","floor":2.0},{"not_picked":["Heavy Blade","Thunderclap"],"picked":"Ghostly Armor","floor":3.0},{"not_picked":["Spot Weakness","Hemokinesis"],"picked":"Feed","floor":4.0},{"not_picked":["Heavy Blade","Wild Strike"],"picked":"Shrug It Off","floor":6.0},{"not_picked":["Shrug It Off","Pommel Strike"],"picked":"Feed","floor":7.0},{"not_picked":["Havoc","Entrench","Sword Boomerang"],"picked":"SKIP","floor":8.0},{"not_picked":["True Grit","Fire Breathing+1"],"picked":"Power Through","floor":10.0},{"not_picked":["Second Wind","Rampage"],"picked":"Clothesline","floor":12.0},{"not_picked":["Sentinel","Iron Wave"],"picked":"Cleave","floor":14},{"not_picked":["Bludgeon","Fiend Fire"],"picked":"Juggernaut+1","floor":16},{"not_picked":["Headbutt","Bloodletting"],"picked":"Metallicize+1","floor":18},{"not_picked":["Havoc","Cleave"],"picked":"Iron Wave+1","floor":19},{"not_picked":["True Grit+1","Sword Boomerang+1"],"picked":"Wild Strike+1","floor":21},{"not_picked":["Power Through","Infernal Blade"],"picked":"Impervious","floor":22},{"not_picked":["Flex","Evolve+1"],"picked":"Anger","floor":23},{"not_picked":["Perfected Strike","Wild Strike"],"picked":"Clash+1","floor":24},{"not_picked":["Flame Barrier","Flex"],"picked":"Intimidate+1","floor":25},{"not_picked":["Reaper","Bloodletting"],"picked":"Wild Strike","floor":27},{"not_picked":["Fire Breathing+1","Armaments"],"picked":"Dropkick+1","floor":29},{"not_picked":["True Grit","Warcry"],"picked":"Blood for Blood","floor":30},{"not_picked":["Headbutt","Searing Blow"],"picked":"Rage","floor":31},{"not_picked":["Juggernaut+1","Immolate"],"picked":"Limit Break","floor":33},{"not_picked":["True Grit+1","Sentinel+1","Perfected Strike+1"],"picked":"SKIP","floor":35},{"not_picked":["Cleave","Thunderclap"],"picked":"Pommel Strike+1","floor":36},{"not_picked":["Battle Trance+1","Clothesline"],"picked":"Inflame+1","floor":37},{"not_picked":["Perfected Strike","Iron Wave"],"picked":"Combust+1","floor":38},{"not_picked":["Armaments","Warcry"],"picked":"Headbutt","floor":40},{"not_picked":["Hemokinesis+1","Havoc"],"picked":"Heavy Blade","floor":42},{"not_picked":["Finesse","Bandage Up"],"picked":"Discovery","floor":44},{"not_picked":["Apotheosis","HandOfGreed"],"picked":"Secret Technique","floor":44},{"not_picked":["Flash of Steel","Blind"],"picked":"Chrysalis","floor":44},{"not_picked":["Cleave","Combust+1"],"picked":"Rampage","floor":45},{"not_picked":["True Grit+1","Headbutt","Clothesline+1"],"picked":"SKIP","floor":46},{"not_picked":["Havoc+1","Body Slam","Spot Weakness"],"picked":"SKIP","floor":48}],"player_experience":181722,"relics_obtained":[{"floor":6.0,"key":"Frozen Egg 2"},{"floor":9.0,"key":"Whetstone"},{"floor":10.0,"key":"Happy Flower"},{"floor":23,"key":"Ancient Tea Set"},{"floor":26,"key":"Bottled Lightning"},{"floor":27,"key":"Art of War"},{"floor":29,"key":"Pen Nib"},{"floor":36,"key":"Lizard Tail"},{"floor":40,"key":"Ginger"},{"floor":42,"key":"Peace Pipe"},{"floor":43,"key":"Centennial Puzzle"}],"event_choices":[{"damage_healed":0.0,"max_hp_gain":0.0,"max_hp_loss":0.0,"gold_gain":0.0,"event_name":"Match and Keep!","player_choice":"2 cards matched","floor":5.0,"gold_loss":0.0,"damage_taken":0.0,"cards_obtained":["Decay","Perfected Strike"]},{"damage_healed":0,"gold_gain":0,"player_choice":"Bought 1 Potion","damage_taken":0,"max_hp_gain":0,"max_hp_loss":0,"event_name":"The Woman in Blue","floor":20,"gold_loss":0},{"damage_healed":0,"gold_gain":0,"player_choice":"Fight","damage_taken":0,"max_hp_gain":0,"max_hp_loss":0,"event_name":"MindBloom","floor":36,"gold_loss":0},{"cards_removed":["Wild Strike"],"damage_healed":0,"gold_gain":0,"player_choice":"Removed Attack","damage_taken":0,"max_hp_gain":0,"max_hp_loss":0,"event_name":"Falling","floor":39,"gold_loss":0},{"damage_healed":0,"gold_gain":0,"player_choice":"Fight","damage_taken":0,"max_hp_gain":0,"max_hp_loss":0,"event_name":"Mysterious Sphere","floor":42,"gold_loss":0},{"damage_healed":0,"gold_gain":0,"player_choice":"Memory 3","damage_taken":10,"max_hp_gain":0,"max_hp_loss":0,"event_name":"SensoryStone","floor":44,"gold_loss":0}],"is_beta":false,"boss_relics":[{"not_picked":["Calling Bell","Tiny House"],"picked":"Pandora\u0027s Box"},{"not_picked":["Philosopher\u0027s Stone","Mark of Pain"],"picked":"Cursed Key"}],"items_purged_floors":[47],"is_endless":false,"potions_floor_spawned":[2,3,4,12,14,23,24,27,29,30,33,35,37,45,48],"ascension_level":0}}