{"host":"FirstDane","time":1608602319,"event":{"mods":["BaseMod","Bestiary","Highlight Path","Minty Spire (QoL Compilation)","Relic Stats","Slay the Relics Exporter"],"gold_per_floor":[11,27,27,27,42,72,72,99,122,122,153,153,164,178,178,254,254,274,287,306,59,90,90,116,116,116,134,149,149,149,179,179,258,258,272,292,292,64,79,104,104,134,210,227,258,258,274,290,290,290,290],"floor_reached":50,"playtime":6882,"items_purged":["Strike_R"],"score":1284,"play_id":"c0a741a7-2c71-4a4e-9693-2885aae7a0f6","local_time":"20201221195839","is_ascension_mode":true,"campfire_choices":[{"data":"Hemokinesis","floor":7,"key":"SMITH"},{"floor":10,"key":"REST"},{"data":"Disarm","floor":12,"key":"SMITH"},{"data":"Shockwave","floor":15,"key":"SMITH"},{"data":"Whirlwind","floor":23,"key":"SMITH"},{"floor":25,"key":"REST"},{"floor":29,"key":"REST"},{"data":"Sword Boomerang","floor":32,"key":"SMITH"},{"floor":41,"key":"REST"},{"floor":46,"key":"REST"},{"floor":49,"key":"RECALL"}],"circlet_count":0,"master_deck":["AscendersBane","Strike_R","Strike_R+1","Defend_R+1","Defend_R","Bash","Hemokinesis+1","Carnage+1","Shockwave+1","Shrug It Off+1","Shockwave+1","Battle Trance","Disarm+1","Offering","Feel No Pain+1","Whirlwind+1","Spot Weakness+1","Sword Boomerang+1","Seeing Red","Brutality","Shrug It Off","Sword Boomerang","Headbutt","Dark Embrace"],"relics":["Burning Blood","War Paint","Bronze Scales","Whetstone","Oddly Smooth Stone","Empty Cage","Medical Kit","Red Mask","Mercury Hourglass","Shuriken","Pen Nib","Sozu","Chemical X","CaptainsWheel","Charon\u0027s Ashes","InkBottle"],"acts_visited":["Exordium","TheCity","TheBeyond"],"potions_floor_usage":[13,28,31,46],"damage_taken":[{"damage":12.0,"enemies":"Jaw Worm","floor":1.0,"turns":3.0},{"damage":2.0,"enemies":"Cultist","floor":2.0,"turns":3.0},{"damage":2.0,"enemies":"2 Louse","floor":5.0,"turns":2.0},{"damage":46.0,"enemies":"Lagavulin","floor":6.0,"turns":8.0},{"damage":12,"enemies":"Gremlin Nob","floor":8,"turns":3},{"damage":17,"enemies":"Lagavulin","floor":11,"turns":4},{"damage":7,"enemies":"Exordium Thugs","floor":13,"turns":7},{"damage":6,"enemies":"Gremlin Gang","floor":14,"turns":5},{"damage":14,"enemies":"The Guardian","floor":16,"turns":14},{"damage":0,"enemies":"3 Byrds","floor":18,"turns":4},{"damage":8,"enemies":"Chosen","floor":19,"turns":3},{"damage":8,"enemies":"Centurion and Healer","floor":20,"turns":7},{"damage":22,"enemies":"Masked Bandits","floor":22,"turns":6},{"damage":28,"enemies":"Book of Stabbing","floor":24,"turns":6},{"damage":26,"enemies":"Snecko","floor":27,"turns":3},{"damage":8,"enemies":"Cultist and Chosen","floor":28,"turns":5},{"damage":29,"enemies":"Slavers","floor":31,"turns":3},{"damage":24,"enemies":"Champ","floor":33,"turns":11},{"damage":3,"enemies":"Orb Walker","floor":35,"turns":2},{"damage":17,"enemies":"3 Darklings","floor":36,"turns":4},{"damage":8,"enemies":"Transient","floor":39,"turns":6},{"damage":30,"enemies":"Giant Head","floor":40,"turns":7},{"damage":11,"enemies":"Reptomancer","floor":42,"turns":4},{"damage":26,"enemies":"Writhing Mass","floor":44,"turns":7},{"damage":16,"enemies":"Giant Head","floor":45,"turns":5},{"damage":26,"enemies":"Maw","floor":47,"turns":6},{"damage":8,"enemies":"Transient","floor":48,"turns":6},{"damage":29,"enemies":"Donu and Deca","floor":50,"turns":4}],"seed_played":"-7624716578387348598","potions_obtained":[{"floor":8,"key":"Explosive Potion"},{"floor":11,"key":"Regen Potion"},{"floor":13,"key":"Dexterity Potion"},{"floor":20,"key":"Dexterity Potion"},{"floor":24,"key":"AttackPotion"},{"floor":33,"key":"Fruit Juice"}],"is_trial":false,"path_per_floor":["M","M","?","?","M","E","R","E","T","R","E","R","M","M","R","B",null,"M","M","M","$","?","R","E","R","T","M","M","R","?","E","R","B",null,"M","M","?","$","M","E","R","E","T","M","E","R","M","M","R","B"],"character_chosen":"IRONCLAD","items_purchased":["Medical Kit","Chemical X","Shrug It Off"],"campfire_rested":5,"item_purchase_floors":[21,38,38],"current_hp_per_floor":[62,66,66,66,70,30,30,24,24,46,35,35,49,49,49,41,67,73,71,69,69,53,53,31,53,53,33,31,53,53,30,30,12,59,62,51,51,51,49,25,47,42,42,22,12,41,21,19,19,0,0],"gold":290,"neow_bonus":"TRANSFORM_TWO_CARDS","is_daily":false,"chose_seed":false,"campfire_upgraded":5,"win_rate":0.0,"timestamp":1608602319,"path_taken":["M","M","?","?","M","E","R","E","T","R","E","R","M","M","R","BOSS","M","?","?","$","?","R","E","R","T","M","M","R","?","E","R","BOSS","M","M","?","$","M","E","R","E","T","?","E","R","M","M","R","BOSS"],"items_purchased_type":["Relic","Relic","Card"],"build_version":"2020-12-18","purchased_purges":1,"victory":false,"max_hp_per_floor":[75,75,75,75,75,75,75,75,75,75,75,75,75,75,75,75,75,75,75,75,75,75,75,75,75,75,75,75,75,75,75,75,75,75,75,75,75,75,75,75,75,75,75,75,75,80,80,80,80,80,80],"relic_stats":{"counters":[28,148],"Pen Nib":[9],"Charon\u0027s Ashes":[78],"Whetstone":["Strike_R","Carnage"],"War Paint":["Shrug It Off","Defend_R"],"Medical Kit":[6],"Burning Blood":162,"Mercury Hourglass":[237],"Sozu":5,"Shuriken":[16],"Bronze Scales":[425],"Chemical X":[16],"obtain_stats":[{"Oddly Smooth Stone":11,"Pen Nib":31,"Charon\u0027s Ashes":42,"Whetstone":9,"War Paint":6,"Empty Cage":17,"Medical Kit":21,"Burning Blood":0,"Mercury Hourglass":24,"Sozu":34,"CaptainsWheel":40,"Shuriken":26,"Bronze Scales":8,"Red Mask":22,"Chemical X":38,"InkBottle":45},{"Oddly Smooth Stone":6,"Pen Nib":17,"Charon\u0027s Ashes":23,"Whetstone":5,"War Paint":4,"Empty Cage":9,"Medical Kit":12,"Burning Blood":0,"Mercury Hourglass":14,"Sozu":18,"CaptainsWheel":22,"Shuriken":14,"Bronze Scales":5,"Red Mask":13,"Chemical X":20,"InkBottle":25},{"Oddly Smooth Stone":23,"Pen Nib":86,"Charon\u0027s Ashes":120,"Whetstone":19,"War Paint":16,"Empty Cage":49,"Medical Kit":63,"Burning Blood":0,"Mercury Hourglass":75,"Sozu":97,"CaptainsWheel":116,"Shuriken":75,"Bronze Scales":19,"Red Mask":69,"Chemical X":103,"InkBottle":132}],"InkBottle":[5]},"card_choices":[{"not_picked":["Clash","Clothesline"],"picked":"Shockwave","floor":1.0},{"not_picked":["Disarm","Sword Boomerang"],"picked":"Shrug It Off","floor":2.0},{"not_picked":["Dark Embrace","Havoc"],"picked":"Battle Trance","floor":5.0},{"not_picked":["Flame Barrier","Rampage"],"picked":"Disarm","floor":6},{"not_picked":["Clash","Dual Wield","Battle Trance"],"picked":"SKIP","floor":8},{"not_picked":["Flame Barrier","Flex","Warcry"],"picked":"SKIP","floor":11},{"not_picked":["Flame Barrier","Flex","Warcry"],"picked":"SKIP","floor":11},{"not_picked":["Flame Barrier","Flex","Warcry"],"picked":"SKIP","floor":11},{"not_picked":["Metallicize","Iron Wave","Uppercut"],"picked":"SKIP","floor":13},{"not_picked":["Barricade","Cleave","Fire Breathing"],"picked":"SKIP","floor":14},{"not_picked":["Exhume","Corruption"],"picked":"Offering","floor":16},{"not_picked":["Clash","Iron Wave","Body Slam"],"picked":"SKIP","floor":18},{"not_picked":["Body Slam","Clash","Heavy Blade"],"picked":"SKIP","floor":19},{"not_picked":["Clash","Sentinel"],"picked":"Feel No Pain+1","floor":20},{"not_picked":["Armaments","True Grit"],"picked":"Whirlwind","floor":22},{"not_picked":["Whirlwind","Armaments+1"],"picked":"Spot Weakness","floor":24},{"not_picked":["Fire Breathing","Clash","Iron Wave"],"picked":"SKIP","floor":27},{"not_picked":["Armaments","Thunderclap"],"picked":"Sword Boomerang","floor":28},{"not_picked":["Reckless Charge+1","Infernal Blade"],"picked":"Seeing Red","floor":31},{"not_picked":["Bludgeon","Immolate"],"picked":"Brutality","floor":33},{"not_picked":["True Grit","Iron Wave","Heavy Blade"],"picked":"SKIP","floor":35},{"not_picked":["Sentinel","Thunderclap","Havoc"],"picked":"SKIP","floor":36},{"not_picked":["Clothesline+1","Thunderclap","Cleave"],"picked":"SKIP","floor":39},{"not_picked":["Clothesline+1","Thunderclap","Cleave"],"picked":"SKIP","floor":39},{"not_picked":["Searing Blow","Twin Strike","Sever Soul+1"],"picked":"SKIP","floor":40},{"not_picked":["Entrench","Immolate"],"picked":"Sword Boomerang","floor":42},{"not_picked":["Anger","Whirlwind","Perfected Strike"],"picked":"SKIP","floor":44},{"not_picked":["Anger","Whirlwind","Perfected Strike"],"picked":"SKIP","floor":44},{"not_picked":["Anger","Whirlwind","Perfected Strike"],"picked":"SKIP","floor":44},{"not_picked":["Armaments","Twin Strike","Headbutt"],"picked":"SKIP","floor":45},{"not_picked":["Entrench","Sentinel"],"picked":"Headbutt","floor":47},{"not_picked":["Iron Wave","Clothesline"],"picked":"Dark Embrace","floor":48}],"player_experience":3778423,"relics_obtained":[{"floor":6,"key":"War Paint"},{"floor":8,"key":"Bronze Scales"},{"floor":9,"key":"Whetstone"},{"floor":11,"key":"Oddly Smooth Stone"},{"floor":22,"key":"Red Mask"},{"floor":24,"key":"Mercury Hourglass"},{"floor":26,"key":"Shuriken"},{"floor":31,"key":"Pen Nib"},{"floor":40,"key":"CaptainsWheel"},{"floor":42,"key":"Charon\u0027s Ashes"},{"floor":45,"key":"InkBottle"}],"event_choices":[{"damage_healed":0.0,"max_hp_gain":0.0,"max_hp_loss":0.0,"gold_gain":0.0,"cards_transformed":["Strike_R"],"event_name":"Living Wall","player_choice":"Change","floor":3.0,"gold_loss":0.0,"damage_taken":0.0,"cards_obtained":["Shockwave"]},{"damage_healed":0.0,"max_hp_gain":0.0,"max_hp_loss":0.0,"gold_gain":0.0,"event_name":"Wheel of Change","player_choice":"Cursed","floor":4.0,"gold_loss":0.0,"damage_taken":0.0,"cards_obtained":["Decay"]},{"damage_healed":0,"gold_gain":0,"player_choice":"Fought Bandits","damage_taken":0,"max_hp_gain":0,"max_hp_loss":0,"event_name":"Masked Bandits","floor":22,"gold_loss":0},{"damage_healed":0,"gold_gain":0,"player_choice":"Forge","damage_taken":0,"max_hp_gain":0,"max_hp_loss":0,"event_name":"Accursed Blacksmith","floor":30,"gold_loss":0,"cards_upgraded":["Spot Weakness"]},{"damage_healed":0,"gold_gain":0,"player_choice":"Upgraded","damage_taken":0,"max_hp_gain":0,"max_hp_loss":0,"event_name":"Upgrade Shrine","floor":37,"gold_loss":0,"cards_upgraded":["Shockwave"]}],"is_beta":true,"boss_relics":[{"not_picked":["Tiny House","Black Star"],"picked":"Empty Cage"},{"not_picked":["Calling Bell","SlaversCollar"],"picked":"Sozu"}],"items_purged_floors":[21],"is_endless":false,"potions_floor_spawned":[8,11,13,14,18,20,24,33,39,40,45,47,48],"killed_by":"Donu and Deca","ascension_level":20}}