{"host":"fdq5pmhluajjrf8d","time":1608595324,"event":{"mods":["BaseMod","Minty Spire (QoL Compilation)"],"gold_per_floor":[114,125,138,157,167,167,167,202,202,202,222,222,222,67,67,165,165,180,180,201,40,40,75,100,150,150,150,174,174,192,107,107,198,198,217,235,568,568,568,568,399,78,125,136,136,11,11,22,22,22],"floor_reached":51,"playtime":2718,"items_purged":["Injury","Parasite"],"score":1418,"play_id":"f269bc75-22a3-4208-a896-87c64698be6d","local_time":"20201221190204","is_ascension_mode":true,"campfire_choices":[{"data":"Darkness","floor":6.0,"key":"SMITH"},{"data":"Chill","floor":10.0,"key":"SMITH"},{"data":"Genetic Algorithm","floor":12.0,"key":"SMITH"},{"data":"Machine Learning","floor":15.0,"key":"SMITH"},{"floor":27.0,"key":"REST"},{"data":"Multi-Cast","floor":29.0,"key":"SMITH"},{"floor":32.0,"key":"REST"},{"data":"Loop","floor":40,"key":"SMITH"},{"floor":45,"key":"REST"},{"data":"Redo","floor":47,"key":"SMITH"},{"data":"Reinforced Body","floor":49,"key":"SMITH"}],"circlet_count":0,"master_deck":["AscendersBane","Strike_B+1","Strike_B","Defend_B","Defend_B","Defend_B","Zap","Dualcast","Genetic Algorithm+1","Self Repair","Darkness+1","Chill+1","Machine Learning+1","Doom and Gloom+1","Undo","Echo Form","Loop+1","Reinforced Body+1","Multi-Cast+1","Biased Cognition","Double Energy+1","Coolheaded+1","Creative AI+1","Core Surge","Redo+1"],"relics":["FrozenCore","Incense Burner","Pen Nib","Kunai","MutagenicStrength","White Beast Statue","Strawberry","Meat on the Bone","Bronze Scales","Astrolabe","MealTicket","Whetstone","Happy Flower"],"acts_visited":["Exordium","TheCity","TheBeyond"],"potions_floor_usage":[36,44,44,44,50,50],"damage_taken":[{"damage":8.0,"enemies":"Small Slimes","floor":1.0,"turns":3.0},{"damage":1.0,"enemies":"Jaw Worm","floor":2.0,"turns":4.0},{"damage":2.0,"enemies":"2 Louse","floor":3.0,"turns":3.0},{"damage":4.0,"enemies":"Blue Slaver","floor":4.0,"turns":4.0},{"damage":8.0,"enemies":"Large Slime","floor":5.0,"turns":6.0},{"damage":19.0,"enemies":"3 Sentries","floor":8.0,"turns":14.0},{"damage":17.0,"enemies":"Gremlin Gang","floor":11.0,"turns":7.0},{"damage":27.0,"enemies":"Hexaghost","floor":16.0,"turns":10.0},{"damage":13.0,"enemies":"3 Byrds","floor":18.0,"turns":7.0},{"damage":4.0,"enemies":"Spheric Guardian","floor":20.0,"turns":6.0},{"damage":57.0,"enemies":"Gremlin Leader","floor":23.0,"turns":8.0},{"damage":7.0,"enemies":"Centurion and Healer","floor":28.0,"turns":6.0},{"damage":20.0,"enemies":"Snake Plant","floor":30.0,"turns":5.0},{"damage":0.0,"enemies":"Champ","floor":33.0,"turns":7.0},{"damage":24.0,"enemies":"Orb Walker","floor":35.0,"turns":6.0},{"damage":17,"enemies":"3 Shapes","floor":36,"turns":7},{"damage":35,"enemies":"Writhing Mass","floor":44,"turns":6},{"damage":1,"enemies":"Maw","floor":48,"turns":7},{"damage":28,"enemies":"Time Eater","floor":50,"turns":10}],"seed_played":"381240213414498407","potions_obtained":[{"floor":1.0,"key":"Block Potion"},{"floor":4.0,"key":"BlessingOfTheForge"},{"floor":8.0,"key":"BlessingOfTheForge"},{"floor":18.0,"key":"Explosive Potion"},{"floor":20.0,"key":"SneckoOil"},{"floor":28.0,"key":"Swift Potion"},{"floor":30.0,"key":"EntropicBrew"},{"floor":36,"key":"AttackPotion"},{"floor":44,"key":"Weak Potion"}],"is_trial":false,"path_per_floor":["M","M","M","M","M","R","?","E","T","R","M","R","?","$","R","B",null,"M","?","M","$","?","E","T","?","T","R","M","R","M","?","R","B",null,"M","M","?","?","?","R","$","$","T","M","R","$","R","M","R","B",null],"character_chosen":"DEFECT","items_purchased":["Undo","Multi-Cast","MealTicket","Core Surge","Whetstone","Redo"],"campfire_rested":3,"item_purchase_floors":[14,21,41,42,42,46],"current_hp_per_floor":[56,55,60,63,62,62,62,50,50,50,40,40,61,61,61,41,58,52,64,64,64,64,7,14,14,14,35,40,40,39,39,60,67,70,60,50,50,50,50,50,50,65,65,49,70,68,68,67,67,46],"gold":22,"neow_bonus":"ONE_RARE_RELIC","is_daily":false,"chose_seed":false,"campfire_upgraded":8,"win_rate":0.0,"timestamp":1608595324,"path_taken":["M","M","M","M","M","R","?","E","T","R","M","R","?","?","R","BOSS","M","?","M","$","?","E","?","?","T","R","M","R","M","?","R","BOSS","M","M","?","?","?","R","?","$","T","?","R","$","R","M","R","BOSS"],"items_purchased_type":["Card","Card","Relic","Card","Relic","Card"],"build_version":"2020-12-13","purchased_purges":2,"victory":true,"max_hp_per_floor":[64,64,64,64,64,64,64,64,64,64,64,64,64,64,64,64,64,64,64,64,64,64,64,71,71,71,71,71,71,71,71,71,71,71,71,71,71,71,71,71,71,71,71,71,71,68,68,68,68,68],"card_choices":[{"not_picked":["Beam Cell","Leap"],"picked":"Genetic Algorithm","floor":1.0},{"not_picked":["Reprogram","Sunder"],"picked":"Self Repair","floor":2.0},{"not_picked":["Auto Shields","Sunder"],"picked":"Darkness","floor":3.0},{"not_picked":["Storm","Lockon"],"picked":"Chill","floor":4.0},{"not_picked":["Streamline","Steam","Rip and Tear"],"picked":"SKIP","floor":5.0},{"not_picked":["Steam","Consume"],"picked":"Machine Learning","floor":8.0},{"not_picked":["Barrage","Steam"],"picked":"Doom and Gloom","floor":11.0},{"not_picked":["Fission","Meteor Strike"],"picked":"Echo Form","floor":16.0},{"not_picked":["Sweeping Beam","Streamline"],"picked":"Loop","floor":18.0},{"not_picked":["Barrage+1","FTL"],"picked":"Reinforced Body","floor":20.0},{"not_picked":["Coolheaded","Stack","Cold Snap"],"picked":"SKIP","floor":23.0},{"not_picked":["Barrage+1","Compile Driver","Coolheaded"],"picked":"SKIP","floor":28.0},{"not_picked":["Rip and Tear","Gash","Leap"],"picked":"SKIP","floor":30.0},{"not_picked":["Electrodynamics","Hyperbeam"],"picked":"Biased Cognition","floor":33.0},{"not_picked":["Loop","Sweeping Beam+1","Sunder"],"picked":"SKIP","floor":35.0},{"not_picked":["Hologram","Compile Driver","Ball Lightning"],"picked":"SKIP","floor":36},{"not_picked":["Heatsinks+1","Auto Shields+1","Cold Snap+1"],"picked":"SKIP","floor":44},{"not_picked":["Conserve Battery","Genetic Algorithm","Doom and Gloom"],"picked":"SKIP","floor":48}],"player_experience":1892387,"relics_obtained":[{"floor":8.0,"key":"Pen Nib"},{"floor":9.0,"key":"Kunai"},{"floor":23.0,"key":"White Beast Statue"},{"floor":24.0,"key":"Strawberry"},{"floor":26.0,"key":"Meat on the Bone"},{"floor":43,"key":"Happy Flower"}],"event_choices":[{"damage_healed":0.0,"max_hp_gain":0.0,"max_hp_loss":0.0,"gold_gain":0.0,"event_name":"Golden Idol","player_choice":"Take Wound","floor":7.0,"gold_loss":0.0,"damage_taken":0.0,"relics_obtained":["Golden Idol"],"cards_obtained":["Injury"]},{"damage_healed":21.0,"max_hp_gain":0.0,"max_hp_loss":0.0,"gold_gain":0.0,"event_name":"Big Fish","player_choice":"Banana","floor":13.0,"gold_loss":0.0,"damage_taken":0.0},{"damage_healed":13.0,"max_hp_gain":0.0,"max_hp_loss":0.0,"gold_gain":0.0,"event_name":"The Library","player_choice":"Heal","floor":19.0,"gold_loss":0.0,"damage_taken":0.0},{"damage_healed":0.0,"max_hp_gain":0.0,"max_hp_loss":0.0,"gold_gain":0.0,"event_name":"Drug Dealer","player_choice":"Inject Mutagens","floor":22.0,"gold_loss":0.0,"damage_taken":0.0,"relics_obtained":["MutagenicStrength"]},{"damage_healed":0.0,"max_hp_gain":0.0,"max_hp_loss":0.0,"gold_gain":50.0,"event_name":"Nest","player_choice":"Stole From Cult","floor":25.0,"gold_loss":0.0,"damage_taken":0.0},{"damage_healed":0.0,"max_hp_gain":0.0,"max_hp_loss":0.0,"gold_gain":0.0,"event_name":"Addict","player_choice":"Obtained Relic","floor":31.0,"gold_loss":85.0,"damage_taken":0.0,"relics_obtained":["Bronze Scales"]},{"damage_healed":0,"gold_gain":333,"player_choice":"Gave Idol","damage_taken":0,"max_hp_gain":0,"max_hp_loss":0,"event_name":"The Moai Head","floor":37,"relics_lost":["Golden Idol"],"gold_loss":0},{"damage_healed":0,"gold_gain":0,"player_choice":"Memory 1","damage_taken":0,"max_hp_gain":0,"max_hp_loss":0,"event_name":"SensoryStone","floor":38,"gold_loss":0},{"damage_healed":0,"gold_gain":0,"player_choice":"Ignored","damage_taken":0,"max_hp_gain":0,"max_hp_loss":0,"event_name":"Mysterious Sphere","floor":39,"gold_loss":0}],"is_beta":false,"boss_relics":[{"not_picked":["Ectoplasm","SlaversCollar"],"picked":"FrozenCore"},{"not_picked":["Velvet Choker","Runic Pyramid"],"picked":"Astrolabe"}],"items_purged_floors":[14,46],"is_endless":false,"potions_floor_spawned":[1,4,5,8,18,20,28,30,33,35,36,44,48],"ascension_level":19}}