{"host":"nk1hwk2qadwaubm5","time":1608675227,"event":{"mods":["BaseMod","Hermit","Infinite Spire","Marisa????????","Minty Spire (QoL Compilation)","Replay The Spire","StSLib","The Animator","The Cursed","The Jungle","The Servant 0.9.4"],"gold_per_floor":[116,116,116,116,116,144,144,178,178,205,225,20,20,30,30,194,194,233,250,335,335,335,363,363,415,487,538,538,548,399,443,443,573,573,636,648,648,667,667,667,667],"floor_reached":40,"playtime":2688,"items_purged":["Sickly"],"score":450,"play_id":"e562c91a-bd97-47ec-8f6f-0a0520d1510c","local_time":"20201222231347","is_ascension_mode":false,"campfire_choices":[{"data":"infinitespire:NeuralNetwork","floor":7,"key":"SMITH"},{"data":"WitchOfGreed","floor":15,"key":"SMITH"},{"data":"ManaRampage","floor":24,"key":"SMITH"},{"data":"MasterSpark","floor":24,"key":"SMITH"},{"data":"BlazeAway","floor":28,"key":"SMITH"},{"data":"GalacticHalo","floor":28,"key":"SMITH"},{"data":"MysteriousBeam","floor":32,"key":"SMITH"},{"data":"MysteriousBeam","floor":32,"key":"SMITH"}],"circlet_count":0,"master_deck":["Strike_MRS","Strike_MRS","Strike_MRS","Defend_MRS","Defend_MRS","Defend_MRS","MasterSpark+1","UpSweep","GalacticHalo+1","Secret Technique+1","infinitespire:NeuralNetwork+1","MysteriousBeam+1","BlazeAway+1","WitchOfGreed+1","WitchLeyline","WitchLeyline","Robbery+1","MysteriousBeam+1","ManaRampage+1","DoubleSpark+1","Pot Of Greed+1","Pot Of Greed+1","GravityBeat","CasketOfStar","BlazeAway+1","Pot Of Greed","ShootingEcho"],"relics":["MiniHakkero","Ring of Hypnosis","ReplayTheSpireMod:Ring of Addiction","White Beast Statue","Toy Ornithopter","Blue Doll","infinitespire:Lucky Rock","Bag of Preparation","Replay:Wax Seal","BargainBundle","Coffee Dripper","Replay:Arrowhead","Grinning Jar","Letter Opener","Onion Ring","Guide Book","Replay:Bronze Core","infinitespire:Joker Card"],"acts_visited":["Exordium","TheCity","TheBeyond"],"potions_floor_usage":[6,6,6,8,16,16,19,20,23,25,25,29,33,33,33,35,40,40],"damage_taken":[{"damage":2,"enemies":"Jaw Worm","floor":1,"turns":4},{"damage":23,"enemies":"Gremlin Nob","floor":6,"turns":4},{"damage":5,"enemies":"Lagavulin","floor":8,"turns":6},{"damage":0,"enemies":"2 Louse","floor":11,"turns":3},{"damage":0,"enemies":"Small Slimes","floor":14,"turns":1},{"damage":19,"enemies":"Hexaghost","floor":16,"turns":8},{"damage":7,"enemies":"Spheric Guardian","floor":18,"turns":3},{"damage":6,"enemies":"Chosen","floor":19,"turns":2},{"damage":9,"enemies":"Centurion and Healer","floor":20,"turns":4},{"damage":1,"enemies":"Gremlin Leader","floor":23,"turns":3},{"damage":10,"enemies":"Replay:Snechameleon","floor":25,"turns":4},{"damage":1,"enemies":"Gremlin Leader","floor":27,"turns":3},{"damage":0,"enemies":"Snecko","floor":29,"turns":2},{"damage":0,"enemies":"3 Cultists","floor":31,"turns":3},{"damage":63,"enemies":"Champ","floor":33,"turns":8},{"damage":14,"enemies":"3 Darklings","floor":35,"turns":3},{"damage":0,"enemies":"Orb Walker","floor":36,"turns":1},{"damage":47,"enemies":"Nightmare","floor":40,"turns":3}],"seed_played":"-7078099660550612830","potions_obtained":[{"floor":5,"key":"ColorlessPotion"},{"floor":5,"key":"LifebloodPotion"},{"floor":5,"key":"CultistPotion"},{"floor":6,"key":"Block Potion"},{"floor":8,"key":"Cursed Concoction"},{"floor":11,"key":"Dexterity Potion"},{"floor":14,"key":"BottledSpark"},{"floor":16,"key":"SteroidPotion"},{"floor":18,"key":"AttackPotion"},{"floor":19,"key":"DistilledChaos"},{"floor":20,"key":"ShroomBrew"},{"floor":23,"key":"SkillPotion"},{"floor":25,"key":"SkillPotion"},{"floor":27,"key":"BlessingOfTheForge"},{"floor":29,"key":"Swift Potion"},{"floor":33,"key":"Dexterity Potion"},{"floor":35,"key":"AttackPotion"},{"floor":36,"key":"Adrenaline Potion"}],"is_trial":false,"path_per_floor":["M","?","?","?","?","E","R","E","T","T","M","$","$","M","R","B",null,"M","M","M","?","?","E","R","E","T","E","R","M","$","M","R","B",null,"M","M","?","?","?","NM"],"character_chosen":"MARISA","items_purchased":["BargainBundle","Elixir","BlessingOfTheForge","WitchOfGreed","WitchLeyline","Robbery+1","Guide Book"],"campfire_rested":0,"item_purchase_floors":[12,12,12,12,12,12,30],"current_hp_per_floor":[66,66,71,53,53,45,45,45,45,45,45,45,45,45,45,36,69,62,61,57,57,57,61,61,61,61,60,60,65,65,65,65,8,65,51,51,51,35,35,0,0],"gold":667,"neow_bonus":"RANDOM_COLORLESS_2","is_daily":false,"chose_seed":false,"campfire_upgraded":8,"win_rate":0.0,"timestamp":1608675227,"path_taken":["M","?","?","?","?","E","R","E","T","?","M","?","$","M","R","BOSS","M","M","M","?","?","E","R","E","T","E","R","?","$","M","R","BOSS","M","M","?","?","?","NM"],"items_purchased_type":["Relic","Potion","Potion","Card","Card","Card","Relic"],"build_version":"2020-12-13","purchased_purges":1,"victory":false,"max_hp_per_floor":[68,68,73,73,73,73,73,73,73,73,73,71,71,71,69,69,69,69,69,69,69,69,69,69,69,69,69,69,67,67,67,67,65,65,65,65,65,65,63,63,63],"card_choices":[{"not_picked":["ReplayTheSpireMod:Necrogeddon","Crow Ritual"],"picked":"Thinking Ahead","floor":0},{"not_picked":["WitchLeyline","SporeBomb"],"picked":"GalacticHalo","floor":1},{"not_picked":["infinitespire:FutureSight","infinitespire:Collect"],"picked":"infinitespire:NeuralNetwork","floor":4},{"not_picked":["PowerUp","EnergyRecoil"],"picked":"MysteriousBeam","floor":6},{"not_picked":["CollectingQuirk","ChargeUpSpray"],"picked":"BlazeAway","floor":8},{"not_picked":["6A","EarthLightRay","OneTimeOff"],"picked":"SKIP","floor":11},{"not_picked":["GrandCross","LuminesStrike"],"picked":"MysteriousBeam","floor":14},{"not_picked":["MaximisePower","StarDustReverie"],"picked":"ManaRampage","floor":16},{"not_picked":["WitchLeyline","SporeBomb","FairyDestructionRay"],"picked":"SKIP","floor":18},{"not_picked":["MilkyWay","OneTimeOff"],"picked":"DoubleSpark+1","floor":19},{"not_picked":["DarkSpark","Singularity","MachineGunSpark"],"picked":"SKIP","floor":20},{"not_picked":["OpenUniverse","MachineGunSpark","MagicChant"],"picked":"SKIP","floor":23},{"not_picked":["GrandCross","IllusionStar","Singularity"],"picked":"SKIP","floor":25},{"not_picked":["StarlightTyphoon","ManaConvection+1"],"picked":"GravityBeat","floor":27},{"not_picked":["BlazingStar","DoubleSpark","Acceleration+1"],"picked":"SKIP","floor":29},{"not_picked":["PropBag","ManaConvection+1","EarthLightRay+1"],"picked":"SKIP","floor":31},{"not_picked":["StarDustReverie","TreasureHunter"],"picked":"CasketOfStar","floor":33},{"not_picked":["Acceleration","MysteriousBeam+1"],"picked":"BlazeAway+1","floor":35},{"not_picked":["GalacticHalo+1","WitchOfGreed"],"picked":"ShootingEcho","floor":36}],"player_experience":231966,"relics_obtained":[{"floor":5,"key":"Ring of Hypnosis"},{"floor":5,"key":"ReplayTheSpireMod:Ring of Addiction"},{"floor":5,"key":"White Beast Statue"},{"floor":5,"key":"Toy Ornithopter"},{"floor":6,"key":"Blue Doll"},{"floor":8,"key":"infinitespire:Lucky Rock"},{"floor":9,"key":"Bag of Preparation"},{"floor":10,"key":"Replay:Wax Seal"},{"floor":23,"key":"Replay:Arrowhead"},{"floor":25,"key":"Grinning Jar"},{"floor":26,"key":"Letter Opener"},{"floor":27,"key":"Onion Ring"},{"floor":38,"key":"infinitespire:Joker Card"}],"event_choices":[{"damage_healed":0,"gold_gain":0,"player_choice":"Donut","damage_taken":0,"max_hp_gain":5,"max_hp_loss":0,"event_name":"Big Fish","floor":3,"gold_loss":0},{"cards_removed":["Strike_MRS"],"damage_healed":0,"gold_gain":0,"player_choice":"Offered Basic","damage_taken":0,"max_hp_gain":0,"max_hp_loss":0,"event_name":"Bonfire Elementals","floor":22,"gold_loss":0},{"cards_removed":["Defend_MRS"],"damage_healed":0,"gold_gain":0,"player_choice":"Removed Skill","damage_taken":0,"max_hp_gain":0,"max_hp_loss":0,"event_name":"Falling","floor":37,"gold_loss":0},{"damage_healed":0,"gold_gain":0,"player_choice":"Bought 0 Potions","damage_taken":0,"max_hp_gain":0,"max_hp_loss":0,"event_name":"The Woman in Blue","floor":39,"gold_loss":0}],"is_beta":false,"boss_relics":[{"not_picked":["Velvet Choker","RampagingMagicTools"],"picked":"Coffee Dripper"},{"not_picked":["Ring of Chaos","infinitespire:Cupcake"],"picked":"Replay:Bronze Core"}],"items_purged_floors":[12],"is_endless":false,"potions_floor_spawned":[6,8,11,14,16,18,19,20,23,27,29,31,33,35,36],"killed_by":"Nightmare","ascension_level":0}}