{"host":"raai0vtvcfkt8csp","time":1608671573,"event":{"mods":["2.2 Compatiblity","AchievementEnabler","BaseMod","Block Reminder","Booster Modes","DeckTracker","Defective Defect","GifTheSpireLib","Minty Spire (QoL Compilation)","Quick Restart","Random Character Button","Rare Cards Sparkle","StSLib","Unceasing Turn Reminder"],"gold_per_floor":[116,134,152,227,227,227,239,239,265,279,311,311,346,37,37,151,151,179,202,202,202,202,202,202],"floor_reached":23,"playtime":4451,"items_purged":[],"score":209,"play_id":"e953c113-a883-4832-97bd-490fb1c52f71","local_time":"20201222221253","is_ascension_mode":true,"campfire_choices":[{"floor":6,"key":"REST"},{"floor":12,"key":"REST"},{"floor":15,"key":"REST"}],"circlet_count":0,"master_deck":["Strike_G+1","Strike_G+1","Strike_G+1","Strike_G+1","Strike_G+1","Defend_G+1","Defend_G+1","Defend_G+1","Defend_G+1","Defend_G+1","Survivor","Neutralize","Prepared","Sucker Punch+1","Dagger Spray","Deadly Poison","Burst","Infinite Blades","Accuracy","Blur","Endless Agony","Storm of Steel","Reflex","Backflip"],"relics":["HoveringKite","Omamori","Gremlin Horn","CeramicFish","Blood Vial","Black Star"],"acts_visited":["Exordium","TheCity"],"potions_floor_usage":[7,16,18,18,19,23,23],"damage_taken":[{"damage":0,"enemies":"Small Slimes","floor":1,"turns":5},{"damage":4,"enemies":"2 Louse","floor":2,"turns":3},{"damage":1,"enemies":"Jaw Worm","floor":3,"turns":6},{"damage":0,"enemies":"Blue Slaver","floor":7,"turns":5},{"damage":9,"enemies":"Large Slime","floor":10,"turns":8},{"damage":17,"enemies":"Lagavulin","floor":11,"turns":11},{"damage":24,"enemies":"3 Sentries","floor":13,"turns":8},{"damage":35,"enemies":"The Guardian","floor":16,"turns":14},{"damage":19,"enemies":"3 Byrds","floor":18,"turns":7},{"damage":18,"enemies":"2 Thieves","floor":19,"turns":4},{"damage":56,"enemies":"Book of Stabbing","floor":23,"turns":8}],"seed_played":"2335216288980131003","potions_obtained":[{"floor":2,"key":"DuplicationPotion"},{"floor":7,"key":"BlessingOfTheForge"},{"floor":16,"key":"EntropicBrew"},{"floor":19,"key":"FearPotion"}],"is_trial":false,"path_per_floor":["M","M","M","?","?","R","M","?","T","M","E","R","E","$","R","B",null,"M","M","?","?","?","E"],"character_chosen":"THE_SILENT","items_purchased":["Accuracy","Blood Vial","Blur","Endless Agony"],"campfire_rested":3,"item_purchase_floors":[14,14,14,14],"current_hp_per_floor":[70,66,65,54,36,57,57,43,43,34,17,38,14,14,35,2,70,51,35,35,58,45,0,0],"gold":202,"neow_bonus":"BOSS_RELIC","is_daily":false,"chose_seed":false,"campfire_upgraded":0,"win_rate":0.0,"timestamp":1608671573,"path_taken":["M","M","M","?","?","R","M","?","T","M","E","R","E","$","R","BOSS","M","M","?","?","?","E"],"items_purchased_type":["Card","Relic","Card","Card"],"build_version":"2020-12-13","purchased_purges":0,"victory":false,"max_hp_per_floor":[70,70,70,70,70,70,70,70,70,70,70,70,70,70,70,70,70,70,70,70,70,75,75,75],"card_choices":[{"not_picked":["Outmaneuver","Poisoned Stab"],"picked":"Prepared","floor":1},{"not_picked":["Slice","Flying Knee"],"picked":"Sucker Punch","floor":2},{"not_picked":["PiercingWail","Outmaneuver"],"picked":"Dagger Spray","floor":3},{"not_picked":["Acrobatics","Dash"],"picked":"Deadly Poison","floor":7},{"not_picked":["PiercingWail","Prepared","Backflip"],"picked":"SKIP","floor":10},{"not_picked":["Dagger Spray","Underhanded Strike"],"picked":"Burst","floor":11},{"not_picked":["Deflect","Dagger Spray"],"picked":"Infinite Blades","floor":13},{"not_picked":["Die Die Die","Glass Knife"],"picked":"Storm of Steel","floor":16},{"not_picked":["Dodge and Roll","Underhanded Strike"],"picked":"Reflex","floor":18},{"not_picked":["Skewer","Dagger Spray"],"picked":"Backflip","floor":19}],"player_experience":412714,"relics_obtained":[{"floor":11,"key":"Gremlin Horn"},{"floor":13,"key":"CeramicFish"}],"event_choices":[{"damage_healed":0,"gold_gain":75,"player_choice":"Gather Gold","damage_taken":11,"max_hp_gain":0,"max_hp_loss":0,"event_name":"World of Goop","floor":4,"gold_loss":0},{"damage_healed":0,"gold_gain":0,"player_choice":"Success","damage_taken":18,"relics_obtained":["Omamori"],"max_hp_gain":0,"max_hp_loss":0,"event_name":"Scrap Ooze","floor":5,"gold_loss":0},{"damage_healed":0,"gold_gain":0,"player_choice":"Entered Light","damage_taken":14,"max_hp_gain":0,"max_hp_loss":0,"event_name":"Shining Light","floor":8,"gold_loss":0,"cards_upgraded":["Sucker Punch","Defend_G"]},{"damage_healed":0,"gold_gain":0,"player_choice":"Simplicity","damage_taken":0,"max_hp_gain":0,"max_hp_loss":0,"event_name":"Back to Basics","floor":20,"gold_loss":0,"cards_upgraded":["Strike_G","Strike_G","Strike_G","Strike_G","Strike_G","Defend_G","Defend_G","Defend_G","Defend_G"]},{"damage_healed":23,"gold_gain":0,"player_choice":"Heal","damage_taken":0,"max_hp_gain":0,"max_hp_loss":0,"event_name":"The Library","floor":21,"gold_loss":0},{"damage_healed":0,"gold_gain":0,"player_choice":"Shed Blood","damage_taken":18,"max_hp_gain":5,"max_hp_loss":0,"event_name":"Forgotten Altar","floor":22,"gold_loss":0}],"is_beta":false,"boss_relics":[{"not_picked":["Velvet Choker","Philosopher\u0027s Stone"],"picked":"Black Star"}],"items_purged_floors":[],"is_endless":false,"potions_floor_spawned":[2,7,16,19],"killed_by":"Book of Stabbing","ascension_level":1}}