{"host":"2brg86hfzr3u5cix","time":1608607646,"event":{"mods":["AchievementEnabler","Ascension Unlocker","BaseMod","CapriCore","DeckTracker","Highlight Path","Keyboard Shortcuts","Minty Spire (QoL Compilation)","Permanent Neow","Relic Stats","StSLib","Twitch Utils","Uncapped","UnlockEverythingMod"],"gold_per_floor":[109,125,125,125,139,173,173,184,259,37,37,51,64,74,74,145,145,156,3,0,15,27,27,46,46,46],"floor_reached":25,"playtime":921,"items_purged":["Strike_B","Strike_B"],"score":414,"play_id":"0bd0b891-715e-462e-a759-714372911f84","local_time":"20201222122726","is_ascension_mode":true,"campfire_choices":[{"data":"Gash","floor":7.0,"key":"SMITH"},{"data":"Go for the Eyes","floor":15.0,"key":"SMITH"}],"circlet_count":0,"master_deck":["AscendersBane","Strike_B","Strike_B","Defend_B","Defend_B","Defend_B","Zap","Dualcast","Self Repair+1","Gash+1","Sunder","Seek","Turbo","Reprogram+1","Good Instincts+1","Gash","Go for the Eyes+1","Hologram+1","Fission+1","Auto Shields+1","Streamline","Melter","Sweeping Beam","J.A.X.+1"],"relics":["Cracked Core","NeowsBlessing","Du-Vu Doll","Toxic Egg 2","Black Star"],"acts_visited":["Exordium","TheCity"],"potions_floor_usage":[16,16,18,25],"damage_taken":[{"damage":0.0,"enemies":"Small Slimes","floor":1.0,"turns":1.0},{"damage":0.0,"enemies":"Cultist","floor":2.0,"turns":1.0},{"damage":0.0,"enemies":"2 Louse","floor":5.0,"turns":1.0},{"damage":56.0,"enemies":"Gremlin Nob","floor":6.0,"turns":5.0},{"damage":25.0,"enemies":"Large Slime","floor":8.0,"turns":6.0},{"damage":1.0,"enemies":"3 Louse","floor":12.0,"turns":2.0},{"damage":1.0,"enemies":"Looter","floor":13.0,"turns":2.0},{"damage":7.0,"enemies":"Blue Slaver","floor":14.0,"turns":3.0},{"damage":23,"enemies":"Slime Boss","floor":16,"turns":6},{"damage":11,"enemies":"Shell Parasite","floor":18,"turns":5},{"damage":22,"enemies":"2 Thieves","floor":21,"turns":4},{"damage":23,"enemies":"Sentry and Sphere","floor":22,"turns":4},{"damage":24,"enemies":"Centurion and Healer","floor":24,"turns":5},{"damage":24,"enemies":"Gremlin Leader","floor":25,"turns":8}],"seed_played":"-8831562238771579015","potions_obtained":[{"floor":6.0,"key":"Dexterity Potion"},{"floor":12.0,"key":"Energy Potion"},{"floor":13.0,"key":"AttackPotion"},{"floor":14.0,"key":"DuplicationPotion"},{"floor":16,"key":"DistilledChaos"},{"floor":22,"key":"Energy Potion"}],"is_trial":false,"path_per_floor":["M","M","?","?","M","E","R","M","T","$","?","M","M","M","R","B",null,"M","$","?","M","M","?","M","E"],"character_chosen":"DEFECT","items_purchased":["Reprogram+1","Good Instincts+1","Streamline"],"campfire_rested":0,"item_purchase_floors":[10,10,19],"current_hp_per_floor":[64,71,76,76,76,27,27,9,9,9,9,18,27,30,30,17,61,60,60,60,48,35,35,21,0,0],"gold":46,"neow_bonus":"THREE_ENEMY_KILL","is_daily":false,"chose_seed":false,"campfire_upgraded":2,"win_rate":0.0,"timestamp":1608607646,"path_taken":["M","M","?","?","?","E","R","M","T","$","?","M","M","M","R","BOSS","M","$","?","M","M","?","M","E"],"items_purchased_type":["Card","Card","Card"],"build_version":"2020-12-13","purchased_purges":2,"victory":false,"max_hp_per_floor":[71,71,76,76,76,76,76,76,76,76,76,76,76,76,76,76,76,76,76,76,76,76,76,76,76,76],"relic_stats":{"counters":[14,53],"Black Star":0,"obtain_stats":[{"Du-Vu Doll":6,"NeowsBlessing":0,"Black Star":17,"Toxic Egg 2":9,"Cracked Core":0},{"Du-Vu Doll":4,"NeowsBlessing":0,"Black Star":9,"Toxic Egg 2":5,"Cracked Core":0},{"Du-Vu Doll":8,"NeowsBlessing":0,"Black Star":27,"Toxic Egg 2":14,"Cracked Core":0}]},"card_choices":[{"not_picked":["Hologram","Rebound"],"picked":"Self Repair","floor":1.0},{"not_picked":["Go for the Eyes","Stack"],"picked":"Gash","floor":2.0},{"not_picked":["Stack","Aggregate"],"picked":"Sunder","floor":5.0},{"not_picked":["Hello World","Stack"],"picked":"Seek","floor":6.0},{"not_picked":["Compile Driver","Redo"],"picked":"Turbo","floor":8.0},{"not_picked":["Reinforced Body+1","Go for the Eyes"],"picked":"Gash","floor":12.0},{"not_picked":["Redo+1","Go for the Eyes","Recycle+1"],"picked":"SKIP","floor":13.0},{"not_picked":["Redo+1","Recycle+1"],"picked":"Go for the Eyes","floor":13.0},{"not_picked":["Consume+1","Defragment"],"picked":"Hologram+1","floor":14.0},{"not_picked":["Thunder Strike","Biased Cognition"],"picked":"Fission+1","floor":16},{"not_picked":["Steam+1","Redo+1"],"picked":"Auto Shields+1","floor":18},{"not_picked":["Go for the Eyes","Conserve Battery+1"],"picked":"Melter","floor":21},{"not_picked":["Compile Driver","Hologram+1"],"picked":"Sweeping Beam","floor":22},{"not_picked":["Creative AI","Ball Lightning+1","Glacier+1"],"picked":"SKIP","floor":24}],"player_experience":305204,"relics_obtained":[{"floor":6.0,"key":"Du-Vu Doll"},{"floor":9.0,"key":"Toxic Egg 2"}],"event_choices":[{"damage_healed":0.0,"max_hp_gain":5.0,"max_hp_loss":0.0,"gold_gain":0.0,"event_name":"Big Fish","player_choice":"Donut","floor":3.0,"gold_loss":0.0,"damage_taken":0.0},{"cards_removed":["Defend_B"],"damage_healed":0.0,"max_hp_gain":0.0,"max_hp_loss":0.0,"gold_gain":0.0,"event_name":"Bonfire Elementals","player_choice":"Offered Basic","floor":4.0,"gold_loss":0.0,"damage_taken":0.0},{"damage_healed":0.0,"max_hp_gain":0.0,"max_hp_loss":0.0,"gold_gain":0.0,"event_name":"Living Wall","player_choice":"Grow","floor":11.0,"gold_loss":0.0,"damage_taken":0.0,"cards_upgraded":["Self Repair"]},{"damage_healed":0,"gold_gain":0,"player_choice":"Paid Fearfully","damage_taken":0,"max_hp_gain":0,"max_hp_loss":0,"event_name":"Masked Bandits","floor":20,"gold_loss":3},{"damage_healed":0,"gold_gain":0,"player_choice":"Obtain J.A.X.","damage_taken":0,"max_hp_gain":0,"max_hp_loss":0,"event_name":"Drug Dealer","floor":23,"gold_loss":0,"cards_obtained":["J.A.X."]}],"is_beta":false,"boss_relics":[{"not_picked":["FrozenCore","Sozu"],"picked":"Black Star"}],"items_purged_floors":[10,19],"is_endless":false,"potions_floor_spawned":[6,12,13,14,16,22],"killed_by":"Gremlin Leader","ascension_level":20}}