{"host":"2lo6hma6kymb0g9i","time":1608609290,"event":{"mods":["BaseMod","Colored Map","DeckTracker","Minty Spire (QoL Compilation)"],"gold_per_floor":[116,116,116,129,140,140,160,160,183,195,221,261,285,297,309,321,321],"floor_reached":16,"playtime":1026,"items_purged":[],"score":199,"play_id":"ea9ef10c-6685-4170-8d41-e975c7d05b7b","local_time":"20201222125450","is_ascension_mode":true,"campfire_choices":[{"data":"Neutralize","floor":6,"key":"SMITH"},{"data":"Glass Knife","floor":15,"key":"SMITH"}],"circlet_count":0,"master_deck":["AscendersBane","Strike_G","Strike_G","Strike_G","Defend_G","Defend_G","Defend_G","Defend_G","Defend_G","Survivor","Neutralize+1","Deadly Poison","Storm of Steel","Dagger Throw","Backflip","Deflect","Dash","Eviscerate","Tactician","Glass Knife+1","Pain"],"relics":["Ring of the Snake","MawBank","Question Card","Nunchaku","WarpedTongs"],"acts_visited":["Exordium"],"potions_floor_usage":[12,16],"damage_taken":[{"damage":0,"enemies":"Small Slimes","floor":1,"turns":7},{"damage":0,"enemies":"Jaw Worm","floor":4,"turns":4},{"damage":0,"enemies":"2 Louse","floor":5,"turns":2},{"damage":0,"enemies":"Blue Slaver","floor":7,"turns":5},{"damage":2,"enemies":"3 Louse","floor":11,"turns":3},{"damage":31,"enemies":"Lagavulin","floor":12,"turns":6},{"damage":5,"enemies":"Gremlin Gang","floor":13,"turns":6},{"damage":31,"enemies":"Slime Boss","floor":16,"turns":6}],"seed_played":"8704193587555284439","potions_obtained":[{"floor":7,"key":"Swift Potion"},{"floor":12,"key":"Ancient Potion"},{"floor":13,"key":"AttackPotion"}],"is_trial":false,"path_per_floor":["M","?","?","M","M","R","M","?","T","T","M","E","M","?","R","B"],"character_chosen":"THE_SILENT","items_purchased":[],"campfire_rested":0,"item_purchase_floors":[],"current_hp_per_floor":[59,59,59,59,59,59,59,59,59,59,57,26,21,21,21,0,0],"gold":321,"neow_bonus":"TRANSFORM_TWO_CARDS","is_daily":false,"chose_seed":false,"campfire_upgraded":2,"win_rate":0.0,"timestamp":1608609290,"path_taken":["M","?","?","M","M","R","M","?","T","?","M","E","?","?","R","BOSS"],"items_purchased_type":[],"build_version":"2020-12-13","purchased_purges":0,"victory":false,"max_hp_per_floor":[60,60,60,60,60,60,60,60,60,60,60,60,60,60,60,60,60],"card_choices":[{"not_picked":["Blade Dance","Concentrate"],"picked":"Dagger Throw","floor":1},{"not_picked":["Choke","Dagger Spray"],"picked":"Backflip","floor":4},{"not_picked":["Calculated Gamble","Deadly Poison"],"picked":"Deflect","floor":5},{"not_picked":["Crippling Poison","Finisher"],"picked":"Dash","floor":7},{"not_picked":["Dagger Spray","Flying Knee","Blade Dance"],"picked":"Eviscerate","floor":11},{"not_picked":["Finisher","Deadly Poison","Bane"],"picked":"Tactician","floor":12},{"not_picked":["Outmaneuver","Underhanded Strike","Dagger Spray"],"picked":"Glass Knife","floor":13}],"player_experience":859551,"relics_obtained":[{"floor":9,"key":"MawBank"},{"floor":10,"key":"Question Card"},{"floor":12,"key":"Nunchaku"}],"event_choices":[{"damage_healed":0,"gold_gain":0,"player_choice":"Ignored","damage_taken":0,"max_hp_gain":0,"max_hp_loss":0,"event_name":"Shining Light","floor":2,"gold_loss":0},{"damage_healed":0,"gold_gain":0,"player_choice":"Fled","damage_taken":0,"max_hp_gain":0,"max_hp_loss":0,"event_name":"Scrap Ooze","floor":3,"gold_loss":0},{"damage_healed":0,"gold_gain":0,"player_choice":"Ignored","damage_taken":0,"max_hp_gain":0,"max_hp_loss":0,"event_name":"Golden Idol","floor":8,"gold_loss":0},{"damage_healed":0,"gold_gain":0,"player_choice":"Rummage","damage_taken":0,"relics_obtained":["WarpedTongs"],"max_hp_gain":0,"max_hp_loss":0,"event_name":"Accursed Blacksmith","floor":14,"gold_loss":0,"cards_obtained":["Pain"]}],"is_beta":false,"boss_relics":[],"items_purged_floors":[],"is_endless":false,"potions_floor_spawned":[7,12,13],"killed_by":"Slime Boss","ascension_level":19}}