{"host":"o5jvvi5yapo90aia","time":1608628797,"event":{"mods":["BaseMod","CapriCore","Minty Spire (QoL Compilation)","MostiFishMod","Prisma Mod","Spicy Shops","StSLib","TestMod","The Immortal","【东方二次创作】八云紫mod","【人物mod】游戏王New YuGiOh mod","【功能Mod】Neow奖励"],"gold_per_floor":[110,128,138,138,138,163,163,175,175,185,185,217,217,229,229,309,309,324,134,49,69,91,131,131,156,203,233,283,316,236,257,257,346,346,366,228,228,242,271,309,309,354,354,393,393,443,488,509,509,524,539,539,539,65,105,120],"floor_reached":57,"playtime":1906,"items_purged":["Strike_R","Defend_R","Defend_R"],"score":3955,"play_id":"9051ad84-b456-4da0-b36b-e9b516836194","local_time":"20201222171957","is_ascension_mode":true,"campfire_choices":[{"data":"MostiFishMod:SephirahHod","floor":7.0,"key":"SMITH"},{"data":"Bash","floor":11.0,"key":"PURGE"},{"data":"Strike_R","floor":13.0,"key":"PURGE"},{"data":"Strike_R","floor":15.0,"key":"PURGE"},{"data":"Strike_R","floor":24.0,"key":"PURGE"},{"data":"Defend_R","floor":32.0,"key":"PURGE"},{"floor":45,"key":"RECALL"},{"data":"Strike_R","floor":49,"key":"PURGE"},{"data":"Defend_R","floor":53,"key":"PURGE"}],"circlet_count":0,"master_deck":["AscendersBane","MostiFishMod:SephirahHod+1","MostiFishMod:DarkDeal","Shockwave","Sword Boomerang","Feed","MostiFishMod:CullingBlade","Body Slam","Feel No Pain","Burning Pact","MostiFishMod:SparklingWater","Shrug It Off"],"relics":["DaveBox","testmod-TestBox","testmod-NegativeEmotionEnhancer","MostiFishMod:Hod","testmod-EnergyCheck","Question Card","Regal Pillow","SentryEyes","ImportantClient","PatriotShield","Orrery","Vajra","Red Skull","Lantern","PreservedInsect","StrikeDummy","BirthdayGift-Icosahedron","Bag of Preparation","testmod-Justice","Happy Flower","Centennial Puzzle","Mercury Hourglass","OrangePellets","TheAbacus","Gremlin Horn","Pear"],"acts_visited":["Exordium","TheCity","TheBeyond","TheEnding"],"potions_floor_usage":[56],"damage_taken":[{"damage":0.0,"enemies":"2 Louse","floor":1.0,"turns":2.0},{"damage":6.0,"enemies":"Small Slimes","floor":2.0,"turns":3.0},{"damage":0.0,"enemies":"Jaw Worm","floor":3.0,"turns":2.0},{"damage":32.0,"enemies":"Gremlin Nob","floor":6.0,"turns":4.0},{"damage":0.0,"enemies":"Looter","floor":8.0,"turns":2.0},{"damage":0.0,"enemies":"Blue Slaver","floor":10.0,"turns":2.0},{"damage":21.0,"enemies":"3 Sentries","floor":12.0,"turns":4.0},{"damage":0.0,"enemies":"3 Louse","floor":14.0,"turns":1.0},{"damage":2.0,"enemies":"Slime Boss","floor":16.0,"turns":3.0},{"damage":0.0,"enemies":"3 Byrds","floor":18.0,"turns":2.0},{"damage":0.0,"enemies":"2 Thieves","floor":21.0,"turns":2.0},{"damage":0.0,"enemies":"Sentry and Sphere","floor":22.0,"turns":2.0},{"damage":0.0,"enemies":"Book of Stabbing","floor":23.0,"turns":2.0},{"damage":0.0,"enemies":"Snake Plant","floor":25.0,"turns":2.0},{"damage":0.0,"enemies":"Slavers","floor":27.0,"turns":1.0},{"damage":0.0,"enemies":"Gremlin Leader","floor":29.0,"turns":1.0},{"damage":0.0,"enemies":"Cultist and Chosen","floor":31.0,"turns":2.0},{"damage":0.0,"enemies":"Collector","floor":33.0,"turns":2.0},{"damage":0.0,"enemies":"3 Darklings","floor":35.0,"turns":1.0},{"damage":0.0,"enemies":"Orb Walker","floor":38.0,"turns":1.0},{"damage":0.0,"enemies":"Jaw Worm Horde","floor":39.0,"turns":1.0},{"damage":0.0,"enemies":"Nemesis","floor":40.0,"turns":1.0},{"damage":0.0,"enemies":"Reptomancer","floor":42.0,"turns":1.0},{"damage":0.0,"enemies":"Giant Head","floor":44.0,"turns":1.0},{"damage":0,"enemies":"Reptomancer","floor":47,"turns":1},{"damage":0,"enemies":"Maw","floor":48,"turns":1},{"damage":0,"enemies":"Awakened One","floor":50,"turns":2},{"damage":0,"enemies":"Time Eater","floor":51,"turns":1},{"damage":0,"enemies":"Shield and Spear","floor":55,"turns":1},{"damage":0,"enemies":"The Heart","floor":56,"turns":4}],"seed_played":"-1914706326514810552","potions_obtained":[{"floor":2.0,"key":"ColorlessPotion"},{"floor":3.0,"key":"DuplicationPotion"}],"is_trial":false,"path_per_floor":["M","M","M","?","?","E","R","M","T","M","R","E","R","M","R","B",null,"M","$","?","M","M","E","R","M","T","E","?","E","$","M","R","B",null,"M","$","?","M","M","E","?","E","T","E","R","?","E","M","R","B","B",null,"R","$","E","B",null],"character_chosen":"IRONCLAD","items_purchased":["Orrery","Bag of Preparation","OrangePellets","TheAbacus","Gremlin Horn"],"campfire_rested":0,"item_purchase_floors":[19,36,54,54,54],"current_hp_per_floor":[72,70,73,78,78,49,49,52,52,55,55,39,39,45,45,46,78,82,82,82,89,96,102,102,106,106,111,111,116,116,121,121,126,126,131,131,131,136,141,146,136,147,147,524,524,524,529,534,534,539,540,540,540,540,551,552],"gold":120,"neow_bonus":"BOSS_RELIC","is_daily":false,"chose_seed":false,"campfire_upgraded":1,"win_rate":0.0,"timestamp":1608628797,"path_taken":["M","M","M","?","?","E","R","M","T","M","R","E","R","M","R","BOSS","M","$","?","M","M","E","R","M","T","E","?","E","?","M","R","BOSS","M","$","?","M","M","E","?","E","T","E","R","?","E","M","R","BOSS","BOSS","R","$","E","BOSS"],"items_purchased_type":["Relic","Relic","Relic","Relic","Relic"],"build_version":"2020-12-13","purchased_purges":3,"victory":true,"max_hp_per_floor":[76,77,78,83,83,84,84,85,85,86,86,87,87,88,88,89,89,90,90,90,95,100,105,105,106,106,111,111,116,116,121,121,126,126,131,131,131,136,141,146,146,151,151,524,524,524,529,534,534,539,540,540,540,540,551,552],"card_choices":[{"not_picked":["Warcry","Power Through","Cleave"],"picked":"SKIP","floor":1.0},{"not_picked":["Sword Boomerang","Wild Strike","Twin Strike","Iron Wave"],"picked":"SKIP","floor":2.0},{"not_picked":["Fire Breathing","Havoc","Evolve","True Grit"],"picked":"SKIP","floor":3.0},{"not_picked":["Havoc","Searing Blow","Heavy Blade","Wild Strike"],"picked":"SKIP","floor":6.0},{"not_picked":["Dark Embrace","Perfected Strike","Thunderclap"],"picked":"MostiFishMod:DarkDeal","floor":8.0},{"not_picked":["Reckless Charge","Disarm","Sword Boomerang"],"picked":"Shockwave","floor":10.0},{"not_picked":["Fire Breathing","Bludgeon","Bloodletting"],"picked":"Sword Boomerang","floor":12.0},{"not_picked":["Anger","Cleave","Wild Strike","Bloodletting"],"picked":"SKIP","floor":14.0},{"not_picked":["Armaments","Power Through","Shrug It Off+1","Iron Wave"],"picked":"SKIP","floor":18.0},{"not_picked":["Wild Strike","Inflame","Iron Wave"],"picked":"Feed","floor":19.0},{"not_picked":["Anger+1","Body Slam","Wild Strike"],"picked":"MostiFishMod:CullingBlade","floor":19.0},{"not_picked":["MostiFishMod:BrandingRite","Heavy Blade","Shrug It Off+1"],"picked":"Body Slam","floor":19.0},{"not_picked":["Sword Boomerang","Carnage","Seeing Red","Clash"],"picked":"SKIP","floor":21.0},{"not_picked":["Pommel Strike","Body Slam","Twin Strike","Shrug It Off"],"picked":"SKIP","floor":22.0},{"not_picked":["Reckless Charge","Fire Breathing+1","Wild Strike","Iron Wave"],"picked":"SKIP","floor":23.0},{"not_picked":["Perfected Strike","Warcry+1","Anger"],"picked":"Feel No Pain","floor":25.0},{"not_picked":["Dark Embrace","Shrug It Off","Anger+1","Feed"],"picked":"SKIP","floor":27.0},{"not_picked":["Clash","Clothesline","Feel No Pain","Dropkick"],"picked":"SKIP","floor":29.0},{"not_picked":["Body Slam","Clash","Twin Strike","Spot Weakness"],"picked":"SKIP","floor":31.0},{"not_picked":["Barricade","MostiFishMod:TemporaryOutbreak","MostiFishMod:OrdinaryWorld"],"picked":"MostiFishMod:NeverNightCountry","floor":33.0},{"not_picked":["Body Slam","Twin Strike","Iron Wave"],"picked":"Burning Pact","floor":35.0},{"not_picked":["Armaments+1","Whirlwind","Pommel Strike","Rampage"],"picked":"SKIP","floor":38.0},{"not_picked":["Anger","Metallicize","Feel No Pain","MostiFishMod:BrandingRite"],"picked":"SKIP","floor":39.0},{"not_picked":["Anger","MostiFishMod:CullingBlade","Clothesline","MostiFishMod:NewArrival"],"picked":"SKIP","floor":40.0},{"not_picked":["Dramatic Entrance","testmod-Automaton","testmod-ConditionedReflex"],"picked":"MostiFishMod:SparklingWater","floor":41.0},{"not_picked":["Rage+1","Dual Wield+1","Evolve","Sword Boomerang"],"picked":"SKIP","floor":42.0},{"not_picked":["Armaments+1","Shrug It Off","Wild Strike","Cleave+1"],"picked":"SKIP","floor":44},{"not_picked":["Shrug It Off","Demon Form","Flex","Warcry"],"picked":"SKIP","floor":47},{"not_picked":["Heavy Blade","Twin Strike+1","Thunderclap","Seeing Red"],"picked":"SKIP","floor":48},{"not_picked":["Body Slam","MostiFishMod:UniRed","Rage"],"picked":"Shrug It Off","floor":55}],"player_experience":1342242,"relics_obtained":[{"floor":1.0,"key":"Question Card"},{"floor":6.0,"key":"Regal Pillow"},{"floor":12.0,"key":"SentryEyes"},{"floor":16.0,"key":"ImportantClient"},{"floor":23.0,"key":"Red Skull"},{"floor":26.0,"key":"Lantern"},{"floor":27.0,"key":"PreservedInsect"},{"floor":29.0,"key":"StrikeDummy"},{"floor":40.0,"key":"testmod-Justice"},{"floor":42.0,"key":"Happy Flower"},{"floor":43.0,"key":"Centennial Puzzle"},{"floor":47,"key":"Mercury Hourglass"},{"floor":55,"key":"Pear"}],"event_choices":[{"damage_healed":0.0,"max_hp_gain":5.0,"max_hp_loss":0.0,"gold_gain":0.0,"event_name":"Big Fish","player_choice":"Donut","floor":4.0,"gold_loss":0.0,"damage_taken":0.0},{"damage_healed":0.0,"max_hp_gain":0.0,"max_hp_loss":0.0,"gold_gain":0.0,"event_name":"Shining Light","player_choice":"Ignored","floor":5.0,"gold_loss":0.0,"damage_taken":0.0},{"damage_healed":0.0,"max_hp_gain":0.0,"max_hp_loss":0.0,"gold_gain":0.0,"event_name":"Addict","player_choice":"Obtained Relic","floor":20.0,"gold_loss":85.0,"damage_taken":0.0,"relics_obtained":["Vajra"]},{"damage_healed":0.0,"max_hp_gain":0.0,"max_hp_loss":0.0,"gold_gain":50.0,"event_name":"Nest","player_choice":"Stole From Cult","floor":28.0,"gold_loss":0.0,"damage_taken":0.0},{"damage_healed":0.0,"max_hp_gain":0.0,"max_hp_loss":0.0,"gold_gain":0.0,"event_name":"Tomb of Lord Red Mask","player_choice":"Ignored","floor":37.0,"gold_loss":0.0,"damage_taken":0.0},{"damage_healed":0.0,"max_hp_gain":0.0,"max_hp_loss":0.0,"gold_gain":0.0,"event_name":"SensoryStone","player_choice":"Memory 3","floor":41.0,"gold_loss":0.0,"damage_taken":10.0},{"damage_healed":0,"gold_gain":50,"player_choice":"Pray","damage_taken":0,"max_hp_gain":0,"max_hp_loss":0,"event_name":"Golden Shrine","floor":46,"gold_loss":0}],"is_beta":false,"boss_relics":[{"not_picked":["MoonlightInvasionPlan","testmod-KeyOfTheVoid"],"picked":"PatriotShield"},{"not_picked":["MetatronsCube","SynthV:MejaisSoulstealer"],"picked":"BirthdayGift-Icosahedron"}],"items_purged_floors":[19,30,54],"is_endless":false,"potions_floor_spawned":[2,3,12,18,23,27,29,39,42,48,55],"ascension_level":20}}