{"host":"usrgk25etjl0nf5i","time":1608605529,"event":{"mods":["2.2 Compatiblity","BaseMod","Downfall","Hubris","Minty Spire (QoL Compilation)","StSLib","SuperFastMode"],"gold_per_floor":[109,128,303,56,56,82,82,82,82,117,136,148,148,223,223,324,324,334,7,27,43,43,76,76,109,135,135,135,135],"floor_reached":28,"playtime":934,"items_purged":[],"score":330,"play_id":"ec7bd84f-bdc0-4cca-8735-ce65854e1418","local_time":"20201221185209","is_ascension_mode":true,"campfire_choices":[{"data":"Judgement","floor":7,"key":"SMITH"},{"data":"ClearTheMind","floor":13,"key":"SMITH"},{"floor":15,"key":"REST"},{"data":"LessonLearned","floor":24,"key":"SMITH"}],"circlet_count":0,"master_deck":["Strike_P","Strike_P+1","Strike_P+1","Strike_P","Defend_P+1","Defend_P","Defend_P","Eruption","Vigilance","Judgement+1","FlurryOfBlows","Protect","Doubt","Protect+1","ClearTheMind+1","LessonLearned+1","Tantrum","Perseverance","Establishment+1","FlyingSleeves+1","Omniscience+1","LikeWater+1","FlyingSleeves","Worship+1","Consecrate","FollowUp"],"relics":["PureWater","HornCleat","Strawberry","Yang","StrikeDummy","Runic Pyramid","Guardian:BottledAnomaly","TungstenRod","InkBottle","Regal Pillow"],"acts_visited":["Exordium","TheCity"],"potions_floor_usage":[10,16,23,23,25,28,28],"damage_taken":[{"damage":0,"enemies":"Jaw Worm","floor":1,"turns":1},{"damage":0,"enemies":"Small Slimes","floor":2,"turns":2},{"damage":11,"enemies":"3 Sentries","floor":6,"turns":10},{"damage":2,"enemies":"Gremlin Nob","floor":10,"turns":4},{"damage":0,"enemies":"Cultist","floor":11,"turns":1},{"damage":3,"enemies":"3 Louse","floor":12,"turns":3},{"damage":17,"enemies":"Hexaghost","floor":16,"turns":9},{"damage":4,"enemies":"3 Byrds","floor":18,"turns":3},{"damage":0,"enemies":"Chosen","floor":20,"turns":3},{"damage":6,"enemies":"Shelled Parasite and Fungi","floor":21,"turns":3},{"damage":22,"enemies":"Slavers","floor":23,"turns":4},{"damage":32,"enemies":"Book of Stabbing","floor":25,"turns":4},{"damage":35,"enemies":"Slavers","floor":28,"turns":3}],"seed_played":"-8392102151992016191","potions_obtained":[{"floor":2,"key":"StancePotion"},{"floor":10,"key":"SpeedPotion"},{"floor":11,"key":"Explosive Potion"},{"floor":16,"key":"Regen Potion"},{"floor":18,"key":"Block Potion"},{"floor":23,"key":"StancePotion"},{"floor":25,"key":"Explosive Potion"}],"is_trial":false,"path_per_floor":["M","M","?","$","?","E","R","?","T","E","M","M","R","?","R","B",null,"M","$","M","M","$","E","R","E","T","?","E"],"character_chosen":"WATCHER","items_purchased":["HornCleat","Omniscience","Guardian:BottledAnomaly","LikeWater"],"campfire_rested":1,"item_purchase_floors":[4,19,19,19],"current_hp_per_floor":[72,72,72,72,58,54,54,54,54,52,52,49,49,38,61,44,70,66,66,66,60,60,50,50,18,18,18,0,0],"gold":135,"neow_bonus":"ONE_RANDOM_RARE_CARD","is_daily":false,"chose_seed":false,"campfire_upgraded":3,"win_rate":0.0,"timestamp":1608605529,"path_taken":["M","M","?","$","?","E","R","?","T","E","?","M","R","?","R","BOSS","M","$","M","M","$","E","R","E","T","?","E"],"items_purchased_type":["Relic","Card","Relic","Card"],"build_version":"2020-12-13","purchased_purges":0,"victory":false,"max_hp_per_floor":[72,72,72,72,72,79,79,79,79,79,79,79,79,79,79,79,79,79,79,79,79,79,79,79,79,79,79,79,79],"card_choices":[{"not_picked":["ClearTheMind","BowlingBash"],"picked":"FlurryOfBlows","floor":1},{"not_picked":["JustLucky","CrushJoints"],"picked":"Protect","floor":2},{"not_picked":["Adaptation","EmptyBody"],"picked":"Protect","floor":6},{"not_picked":["Crescendo","Nirvana"],"picked":"LessonLearned","floor":10},{"not_picked":["EmptyBody","Prostrate"],"picked":"Tantrum","floor":11},{"not_picked":["Weave","WindmillStrike"],"picked":"Perseverance","floor":12},{"not_picked":["Judgement","Blasphemy"],"picked":"Establishment","floor":16},{"not_picked":["Prostrate","Weave+1"],"picked":"FlyingSleeves+1","floor":18},{"not_picked":["BowlingBash","CarveReality"],"picked":"FlyingSleeves","floor":20},{"not_picked":["Conclude","Meditate"],"picked":"Worship+1","floor":21},{"not_picked":["Vengeance","SashWhip"],"picked":"Consecrate","floor":23},{"not_picked":["Collect","Sanctity"],"picked":"FollowUp","floor":25}],"player_experience":596775,"relics_obtained":[{"floor":6,"key":"Strawberry"},{"floor":9,"key":"Yang"},{"floor":10,"key":"StrikeDummy"},{"floor":23,"key":"TungstenRod"},{"floor":25,"key":"InkBottle"},{"floor":26,"key":"Regal Pillow"}],"event_choices":[{"damage_healed":0,"gold_gain":175,"player_choice":"AGREE","damage_taken":0,"max_hp_gain":0,"max_hp_loss":0,"event_name":"Liars Game","floor":3,"gold_loss":0,"cards_obtained":["Doubt"]},{"damage_healed":0,"gold_gain":0,"player_choice":"Entered Light","damage_taken":14,"max_hp_gain":0,"max_hp_loss":0,"event_name":"Shining Light","floor":5,"gold_loss":0,"cards_upgraded":["Strike_P","Defend_P"]},{"damage_healed":0,"gold_gain":0,"cards_transformed":["Defend_P"],"player_choice":"Transformed","damage_taken":0,"max_hp_gain":0,"max_hp_loss":0,"event_name":"Transmorgrifier","floor":8,"gold_loss":0,"cards_obtained":["ClearTheMind"]},{"damage_healed":0,"gold_gain":75,"player_choice":"Gather Gold","damage_taken":11,"max_hp_gain":0,"max_hp_loss":0,"event_name":"World of Goop","floor":14,"gold_loss":0}],"is_beta":false,"boss_relics":[{"not_picked":["Sozu","hubris:Stopwatch"],"picked":"Runic Pyramid"}],"items_purged_floors":[],"is_endless":false,"potions_floor_spawned":[2,10,11,16,18,23,25],"killed_by":"Slavers","ascension_level":5}}