{"host":"6pgtslebjnyv5xmi","time":1608609634,"event":{"mods":["AchievementEnabler","BaseMod","Colored Map","Minty Spire (QoL Compilation)","Rare Cards Sparkle","SuperFastMode","everything is the same but u backflip on backflip"],"gold_per_floor":[111,186,206,225,400,400,419,419,419,419,419,117,135,151,151,151,151],"floor_reached":16,"playtime":1401,"items_purged":[],"score":163,"play_id":"d7c14d17-ce83-45a2-9881-bc137ec97726","local_time":"20201222130034","is_ascension_mode":true,"campfire_choices":[{"data":"Zap","floor":6,"key":"SMITH"},{"data":"Dualcast","floor":8,"key":"SMITH"},{"data":"Hello World","floor":11,"key":"SMITH"},{"floor":15,"key":"REST"}],"circlet_count":0,"master_deck":["Strike_B","Strike_B","Strike_B","Strike_B","Defend_B","Defend_B","Defend_B","Defend_B","Zap+1","Dualcast+1","FTL","Double Energy","Hello World+1","Steam","Hologram","Beam Cell","Gash","Rebound"],"relics":["Cracked Core","Matryoshka","Membership Card","Gremlin Horn"],"acts_visited":[],"potions_floor_usage":[16,16,16],"damage_taken":[{"damage":8.0,"enemies":"Jaw Worm","floor":1.0,"turns":4.0},{"damage":0,"enemies":"Cultist","floor":3,"turns":3},{"damage":0,"enemies":"2 Louse","floor":4,"turns":2},{"damage":17,"enemies":"Looter","floor":7,"turns":3},{"damage":8,"enemies":"Blue Slaver","floor":13,"turns":3},{"damage":16,"enemies":"3 Louse","floor":14,"turns":2},{"damage":36,"enemies":"The Guardian","floor":16,"turns":7}],"seed_played":"-5864985324856348592","potions_obtained":[{"floor":1.0,"key":"Ancient Potion"},{"floor":13,"key":"GamblersBrew"},{"floor":14,"key":"SkillPotion"}],"is_trial":false,"path_per_floor":["M","?","M","M","?","R","M","R","T","?","R","$","M","M","R","B"],"character_chosen":"DEFECT","items_purchased":["Membership Card","Hologram","Beam Cell","Gremlin Horn"],"campfire_rested":1,"item_purchase_floors":[12,12,12,12],"current_hp_per_floor":[67,60,60,60,60,60,43,43,43,36,36,36,28,12,34,0,0],"gold":151,"neow_bonus":"RANDOM_COLORLESS","is_daily":false,"chose_seed":false,"campfire_upgraded":3,"win_rate":0.0,"timestamp":1608609634,"path_taken":["M","?","M","?","?","R","M","R","T","?","R","$","M","M","R","BOSS"],"items_purchased_type":["Relic","Card","Card","Relic"],"build_version":"2020-12-13","purchased_purges":0,"victory":false,"max_hp_per_floor":[75,75,75,75,75,75,75,75,75,75,75,75,75,75,75,75,75],"card_choices":[{"not_picked":["Deep Breath","Flash of Steel"],"picked":"Bandage Up","floor":0.0},{"not_picked":["Conserve Battery","Coolheaded"],"picked":"FTL","floor":1.0},{"not_picked":["Reprogram","Redo"],"picked":"Double Energy","floor":3},{"not_picked":["Barrage","Double Energy"],"picked":"Hello World","floor":4},{"not_picked":["Storm","Coolheaded"],"picked":"Steam","floor":7},{"not_picked":["Auto Shields","Turbo"],"picked":"Gash","floor":13},{"not_picked":["Storm","Leap"],"picked":"Rebound","floor":14}],"player_experience":352296,"relics_obtained":[{"floor":9,"key":"Matryoshka"}],"event_choices":[{"damage_healed":0,"gold_gain":75,"player_choice":"Touch","damage_taken":7,"max_hp_gain":0,"max_hp_loss":0,"event_name":"FaceTrader","floor":2,"gold_loss":0},{"damage_healed":0,"gold_gain":175,"player_choice":"AGREE","damage_taken":0,"max_hp_gain":0,"max_hp_loss":0,"event_name":"Liars Game","floor":5,"gold_loss":0,"cards_obtained":["Doubt"]},{"cards_removed":["Doubt"],"damage_healed":0,"gold_gain":0,"player_choice":"Card Removal","damage_taken":7,"max_hp_gain":0,"max_hp_loss":0,"event_name":"Golden Wing","floor":10,"gold_loss":0}],"is_beta":false,"boss_relics":[],"items_purged_floors":[],"is_endless":false,"potions_floor_spawned":[1,13,14],"killed_by":"The Guardian","ascension_level":3}}