{"host":"ky7z67tg8zpdk0g7","time":1608651725,"event":{"mods":["BaseMod","Beaked The Cultist","Better Third Choice","CapriCore","Displayed Cursed Tome","Energized Spire","Fireblade Mod","Hubris","Lobotomy","LobotomyExtend","Minty Spire (QoL Compilation)","Replay The Spire","SOS???????","Shop Mod","StSLib","Td1madao Mod","The Dragon Tamer","The Hayseed","The Hierophant","The Immortal","The Marked","The Necromancer","TheBandit","TheWitcher"],"gold_per_floor":[117,117,38,38,50,50,77,95,142,142,159,159,199,199,199,318,318,337,360,360,64,77,110,110,110],"floor_reached":24,"playtime":578,"items_purged":["Injury"],"score":245,"play_id":"ccf6388a-a706-4551-984f-5ba89ad46cfa","local_time":"20201222224205","is_ascension_mode":true,"campfire_choices":[{"data":"theMarked:ComboAttacks","floor":6,"key":"SMITH"},{"data":"theMarked:MysticalArsenal","floor":10,"key":"SMITH"},{"data":"theMarked:BindingBlade","floor":15,"key":"SMITH"}],"circlet_count":0,"master_deck":["theMarked:Strike","theMarked:Strike","theMarked:Strike","theMarked:Strike","theMarked:Strike","theMarked:Defend","theMarked:Defend","theMarked:Defend","theMarked:Defend","theMarked:SoldierOfQuellstein","theMarked:BindingBlade+1","theMarked:MysticalArsenal+1","theMarked:ComboAttacks+1","theMarked:BanishingStrike","theMarked:SwordAndMagic","theMarked:Improvise","theMarked:Defy","theMarked:WardOff","theMarked:SummonStrength","theMarked:Frustration","theMarked:BanishingWave+1"],"relics":["theMarked:ArtifactOfAir","LetterFromLob","Ring of Searing","ReplayTheSpireMod:Ring of Collecting","Spirit Poop","Oddly Smooth Stone","ReplayTheSpireMod:Lightbulb","Golden Idol","Replay:Towering Pillar of Hats","Busted Crown","hubris:DeckOfHolding"],"acts_visited":["Exordium","TheCity"],"potions_floor_usage":[7,23,23,24,24],"damage_taken":[{"damage":7,"enemies":"Jaw Worm","floor":1,"turns":2},{"damage":5,"enemies":"Small Slimes","floor":5,"turns":2},{"damage":11,"enemies":"Gremlin Nob","floor":7,"turns":3},{"damage":0,"enemies":"Cultist","floor":8,"turns":2},{"damage":3,"enemies":"2 Fungi Beasts","floor":11,"turns":2},{"damage":21,"enemies":"3 Sentries","floor":13,"turns":6},{"damage":20,"enemies":"The Guardian","floor":16,"turns":7},{"damage":15,"enemies":"Spheric Guardian","floor":18,"turns":3},{"damage":27,"enemies":"2 Thieves","floor":19,"turns":3},{"damage":12,"enemies":"Snecko","floor":22,"turns":3},{"damage":8,"enemies":"Slavers","floor":23,"turns":3},{"damage":2,"enemies":"Snake Plant","floor":24,"turns":2}],"seed_played":"7582562102613462359","potions_obtained":[{"floor":1,"key":"theMarked:SummonPotion"},{"floor":8,"key":"EssenceOfSteel"},{"floor":13,"key":"Reflective Coating"},{"floor":16,"key":"ColorlessPotion"},{"floor":23,"key":"Weak Potion"}],"is_trial":false,"path_per_floor":["M","?","$","?","M","R","E","M","T","R","M","?","E","?","R","B",null,"M","M","?","$","M","E","M"],"character_chosen":"THE_DEFAULT","items_purchased":["theMarked:ComboAttacks","theMarked:WardOff","theMarked:SummonStrength","theMarked:Frustration"],"campfire_rested":0,"item_purchase_floors":[3,21,21,21],"current_hp_per_floor":[63,63,63,63,58,58,47,47,47,47,44,44,23,46,46,26,70,55,28,21,21,9,1,0,0],"gold":110,"neow_bonus":"ONE_RANDOM_RARE_CARD","is_daily":false,"chose_seed":false,"campfire_upgraded":3,"win_rate":0.0,"timestamp":1608651725,"path_taken":["M","?","$","?","M","R","E","?","T","R","M","?","E","?","R","BOSS","M","M","?","$","M","E","?"],"items_purchased_type":["Card","Card","Card","Card"],"build_version":"2020-12-13","purchased_purges":1,"victory":false,"max_hp_per_floor":[70,70,70,70,70,70,70,70,70,70,70,70,70,70,70,70,70,70,70,70,70,70,70,70,70],"card_choices":[{"not_picked":["theMarked:TunnelVision","theMarked:TwofoldDefense"],"picked":"theMarked:MysticalArsenal","floor":1},{"not_picked":["theMarked:TunnelVision","theMarked:Electrify"],"picked":"theMarked:BanishingStrike","floor":5},{"not_picked":["theMarked:Frustration","theMarked:MagicAdept"],"picked":"theMarked:SwordAndMagic","floor":7},{"not_picked":["theMarked:HeightenedSenses","theMarked:SwordAndMagic"],"picked":"theMarked:Improvise","floor":8},{"not_picked":["theMarked:Static","theMarked:Aftermath","theMarked:TwofoldDefense"],"picked":"SKIP","floor":11},{"not_picked":["theMarked:Electrocute","theMarked:CreepingChasm","theMarked:PowerFlow"],"picked":"SKIP","floor":13},{"not_picked":["theMarked:ChannelForce","theMarked:Challenge"],"picked":"theMarked:Defy","floor":16},{"not_picked":["theMarked:MaelstromOfLightning"],"picked":"SKIP","floor":18},{"not_picked":["theMarked:Electrocute"],"picked":"SKIP","floor":19},{"not_picked":[],"picked":"theMarked:BanishingWave+1","floor":22},{"not_picked":["theMarked:SwordAndMagic"],"picked":"SKIP","floor":23}],"player_experience":292775,"relics_obtained":[{"floor":1,"key":"LetterFromLob"},{"floor":2,"key":"Ring of Searing"},{"floor":2,"key":"ReplayTheSpireMod:Ring of Collecting"},{"floor":7,"key":"Oddly Smooth Stone"},{"floor":9,"key":"ReplayTheSpireMod:Lightbulb"},{"floor":13,"key":"Replay:Towering Pillar of Hats"},{"floor":23,"key":"hubris:DeckOfHolding"}],"event_choices":[{"cards_removed":["Delirium"],"damage_healed":0,"gold_gain":0,"player_choice":"Offered Curse","damage_taken":0,"relics_obtained":["Spirit Poop"],"max_hp_gain":0,"max_hp_loss":0,"event_name":"Bonfire Elementals","floor":4,"gold_loss":0},{"damage_healed":0,"gold_gain":0,"player_choice":"Take Wound","damage_taken":0,"relics_obtained":["Golden Idol"],"max_hp_gain":0,"max_hp_loss":0,"event_name":"Golden Idol","floor":12,"gold_loss":0,"cards_obtained":["Injury"]},{"damage_healed":23,"gold_gain":0,"player_choice":"Banana","damage_taken":0,"max_hp_gain":0,"max_hp_loss":0,"event_name":"Big Fish","floor":14,"gold_loss":0},{"damage_healed":0,"gold_gain":0,"player_choice":"Damaged","damage_taken":7,"max_hp_gain":0,"max_hp_loss":0,"event_name":"Wheel of Change","floor":20,"gold_loss":0}],"is_beta":false,"boss_relics":[{"not_picked":["Velvet Choker","energizedSpire:StickyHand"],"picked":"Busted Crown"}],"items_purged_floors":[21],"is_endless":false,"potions_floor_spawned":[1,8,13,16,23],"killed_by":"Snake Plant","ascension_level":2}}