{"host":"03a85bwj0a5skoit","time":1608606250,"event":{"mods":["BaseMod","Block Reminder","Minty Spire (QoL Compilation)","Relic Stats","StSLib"],"gold_per_floor":[118,33,33,43,43,77,77,91,91,91,1,1,1],"floor_reached":12,"playtime":265,"items_purged":["Strike_G"],"score":152,"play_id":"7d151889-8638-41b2-a8f9-0357047385b8","local_time":"20201222133410","is_ascension_mode":true,"campfire_choices":[{"data":"Caltrops","floor":7,"key":"SMITH"}],"circlet_count":0,"master_deck":["AscendersBane","Strike_G","Strike_G","Strike_G","Defend_G","Defend_G","Defend_G","Defend_G","Defend_G","Survivor","Neutralize","Accuracy","Noxious Fumes+1","Caltrops+1","Predator","Blade Dance","Terror"],"relics":["Coffee Dripper","Sundial","Akabeko","Smiling Mask"],"acts_visited":["Exordium"],"potions_floor_usage":[12],"damage_taken":[{"damage":1,"enemies":"Cultist","floor":1,"turns":4},{"damage":3,"enemies":"2 Louse","floor":4,"turns":4},{"damage":19,"enemies":"Lagavulin","floor":6,"turns":7},{"damage":2,"enemies":"Jaw Worm","floor":8,"turns":3},{"damage":22,"enemies":"3 Sentries","floor":12,"turns":3}],"seed_played":"6304335872842726741","potions_obtained":[{"floor":4,"key":"LiquidBronze"},{"floor":8,"key":"DistilledChaos"}],"is_trial":false,"path_per_floor":["M","$","?","M","?","E","R","M","T","?","$","E"],"character_chosen":"THE_SILENT","items_purchased":["Noxious Fumes","Terror"],"campfire_rested":0,"item_purchase_floors":[2,11],"current_hp_per_floor":[58,58,58,55,50,31,31,29,29,22,22,0,0],"gold":1,"neow_bonus":"BOSS_RELIC","is_daily":false,"chose_seed":false,"campfire_upgraded":1,"win_rate":0.0,"timestamp":1608606250,"path_taken":["M","?","?","?","?","E","R","M","T","?","$","E"],"items_purchased_type":["Card","Card"],"build_version":"2020-12-13","purchased_purges":1,"victory":false,"max_hp_per_floor":[66,66,66,66,66,66,66,66,66,66,66,66,66],"relic_stats":{"counters":[5,21],"Sundial":[2],"Smiling Mask":25,"obtain_stats":[{"Sundial":5,"Coffee Dripper":0,"Smiling Mask":9,"Akabeko":6,"Ring of the Snake":0},{"Sundial":2,"Coffee Dripper":0,"Smiling Mask":4,"Akabeko":3,"Ring of the Snake":0},{"Sundial":8,"Coffee Dripper":0,"Smiling Mask":18,"Akabeko":15,"Ring of the Snake":0}]},"card_choices":[{"not_picked":["Flying Knee","Well Laid Plans"],"picked":"Accuracy","floor":1},{"not_picked":["Tactician","Riddle With Holes"],"picked":"Caltrops","floor":4},{"not_picked":["Deflect","Tactician"],"picked":"Predator","floor":6},{"not_picked":["Underhanded Strike","Poisoned Stab"],"picked":"Blade Dance","floor":8}],"player_experience":2285407,"relics_obtained":[{"floor":6,"key":"Akabeko"},{"floor":9,"key":"Smiling Mask"}],"event_choices":[{"damage_healed":0,"gold_gain":0,"player_choice":"Upgraded","damage_taken":0,"max_hp_gain":0,"max_hp_loss":0,"event_name":"Upgrade Shrine","floor":3,"gold_loss":0,"cards_upgraded":["Noxious Fumes"]},{"damage_healed":0,"gold_gain":0,"player_choice":"Success","damage_taken":5,"relics_obtained":["Sundial"],"max_hp_gain":0,"max_hp_loss":0,"event_name":"Scrap Ooze","floor":5,"gold_loss":0},{"cards_removed":["Strike_G"],"damage_healed":0,"gold_gain":0,"player_choice":"Card Removal","damage_taken":7,"max_hp_gain":0,"max_hp_loss":0,"event_name":"Golden Wing","floor":10,"gold_loss":0}],"is_beta":false,"boss_relics":[],"items_purged_floors":[11],"is_endless":false,"potions_floor_spawned":[4,8],"killed_by":"3 Sentries","ascension_level":20}}