{"host":"y56d1fjpgcjsodvy","time":1608628238,"event":{"mods":["BaseMod","Colored Powertips","GifTheSpireLib","Highlight Path","Minty Spire (QoL Compilation)","StSLib","SuperFastMode","everything is the same but u backflip on backflip"],"gold_per_floor":[114,134,209,219,219,219,252,23,23,23,49,122,140,140,140,213,213,228,84,63,63,83,112,112,35,105,105,120,120,152,166,166,239,239,254,266,266,283,179,179,179,179],"floor_reached":41,"playtime":1495,"items_purged":["Strike_G","Distraction","Tools of the Trade"],"score":908,"play_id":"e9509b6f-d1a2-4757-a655-ab295fde29af","local_time":"20201222181038","is_ascension_mode":true,"campfire_choices":[{"data":"Neutralize","floor":6.0,"key":"SMITH"},{"data":"Footwork","floor":15.0,"key":"SMITH"},{"data":"Night Terror","floor":24.0,"key":"SMITH"},{"data":"Wraith Form v2","floor":27.0,"key":"SMITH"},{"data":"Catalyst","floor":32.0,"key":"SMITH"},{"data":"Bullet Time","floor":40,"key":"SMITH"}],"circlet_count":0,"master_deck":["AscendersBane","Survivor","Neutralize+1","Bouncing Flask+1","Choke+1","Glass Knife+1","Well Laid Plans","Footwork+1","Dodge and Roll","Wraith Form v2+1","Backflip","After Image","Escape Plan","Bullet Time+1","After Image","Prepared+1","Finesse","Deflect","Night Terror+1","Blur","Catalyst+1","Blur","Crippling Poison","Night Terror+1","Outmaneuver+1","Noxious Fumes+1","Acrobatics"],"relics":["Shuriken","Smiling Mask","Bronze Scales","Odd Mushroom","Pandora\u0027s Box","Nloth\u0027s Gift","PreservedInsect","Eternal Feather","StrikeDummy","Busted Crown"],"acts_visited":["Exordium","TheCity","TheBeyond"],"potions_floor_usage":[41],"damage_taken":[{"damage":6.0,"enemies":"Small Slimes","floor":1.0,"turns":2.0},{"damage":0.0,"enemies":"Jaw Worm","floor":2.0,"turns":3.0},{"damage":6.0,"enemies":"2 Louse","floor":4.0,"turns":2.0},{"damage":33.0,"enemies":"3 Sentries","floor":7.0,"turns":11.0},{"damage":1.0,"enemies":"The Mushroom Lair","floor":11.0,"turns":4.0},{"damage":0.0,"enemies":"Lots of Slimes","floor":13.0,"turns":4.0},{"damage":9.0,"enemies":"The Guardian","floor":16.0,"turns":12.0},{"damage":0.0,"enemies":"Chosen","floor":18.0,"turns":6.0},{"damage":1.0,"enemies":"2 Thieves","floor":20.0,"turns":4.0},{"damage":4.0,"enemies":"Cultist and Chosen","floor":22.0,"turns":8.0},{"damage":23.0,"enemies":"Book of Stabbing","floor":23.0,"turns":5.0},{"damage":6.0,"enemies":"Snake Plant","floor":28.0,"turns":7.0},{"damage":3.0,"enemies":"Slavers","floor":30.0,"turns":5.0},{"damage":0.0,"enemies":"Snecko","floor":31.0,"turns":5.0},{"damage":4.0,"enemies":"Champ","floor":33.0,"turns":8.0},{"damage":0.0,"enemies":"3 Darklings","floor":35.0,"turns":6.0},{"damage":14.0,"enemies":"3 Shapes","floor":36.0,"turns":6.0},{"damage":31,"enemies":"Transient","floor":38,"turns":6},{"damage":33,"enemies":"Nemesis","floor":41,"turns":2}],"seed_played":"3674636130414823475","potions_obtained":[{"floor":7.0,"key":"Ancient Potion"},{"floor":11.0,"key":"SneckoOil"},{"floor":13.0,"key":"FairyPotion"},{"floor":18.0,"key":"EssenceOfSteel"},{"floor":23.0,"key":"ColorlessPotion"},{"floor":31.0,"key":"SpeedPotion"}],"is_trial":false,"path_per_floor":["M","M","?","M","T","R","E","$","T","$","?","?","M","?","R","B",null,"M","$","M","?","M","E","R","$","T","R","M","?","E","M","R","B",null,"M","M","?","M","$","R","E"],"character_chosen":"THE_SILENT","items_purchased":["Wraith Form v2","Finesse","Blur","Acrobatics"],"campfire_rested":0,"item_purchase_floors":[8,19,25,39],"current_hp_per_floor":[53,53,42,36,36,36,3,3,3,3,2,2,2,2,2,19,54,54,54,53,53,49,26,26,26,26,38,32,32,29,29,41,37,59,59,45,45,14,14,29,0,0],"gold":179,"neow_bonus":"BOSS_RELIC","is_daily":false,"chose_seed":false,"campfire_upgraded":6,"win_rate":0.0,"timestamp":1608628238,"path_taken":["M","M","?","M","?","R","E","$","T","?","?","?","M","?","R","BOSS","M","$","M","?","M","E","R","$","T","R","?","?","E","M","R","BOSS","M","?","?","?","$","R","E"],"items_purchased_type":["Card","Card","Card","Card"],"build_version":"2020-12-13","purchased_purges":3,"victory":false,"max_hp_per_floor":[66,66,66,66,66,66,66,66,66,66,66,66,66,66,66,66,66,66,66,66,66,66,66,66,66,66,66,66,66,66,66,66,66,66,66,66,66,66,66,66,66,66],"card_choices":[{"not_picked":["Cloak And Dagger","Dodge and Roll","Prepared"],"picked":"SKIP","floor":1.0},{"not_picked":["Underhanded Strike","Dagger Throw"],"picked":"Well Laid Plans","floor":2.0},{"not_picked":["Deflect","Underhanded Strike"],"picked":"Footwork","floor":4.0},{"not_picked":["Quick Slash","Finisher"],"picked":"Dodge and Roll","floor":7.0},{"not_picked":["Dagger Throw","Sucker Punch"],"picked":"Backflip","floor":13.0},{"not_picked":["Burst","Wraith Form v2"],"picked":"After Image","floor":16.0},{"not_picked":["Masterful Stab+1","Infinite Blades"],"picked":"Prepared+1","floor":18.0},{"not_picked":["Setup","Concentrate"],"picked":"Deflect","floor":20.0},{"not_picked":["Bane","Quick Slash","Well Laid Plans"],"picked":"SKIP","floor":22.0},{"not_picked":["Poisoned Stab","Wraith Form v2"],"picked":"Night Terror","floor":23.0},{"not_picked":["Concentrate","Endless Agony"],"picked":"Catalyst","floor":28.0},{"not_picked":["Outmaneuver","Catalyst"],"picked":"Blur","floor":30.0},{"not_picked":["PiercingWail","Eviscerate"],"picked":"Crippling Poison","floor":31.0},{"not_picked":["Corpse Explosion","Storm of Steel"],"picked":"Night Terror","floor":33.0},{"not_picked":["Poisoned Stab"],"picked":"SKIP","floor":35.0},{"not_picked":[],"picked":"Outmaneuver+1","floor":36.0},{"not_picked":[],"picked":"Noxious Fumes+1","floor":38}],"player_experience":1171994,"relics_obtained":[{"floor":5.0,"key":"Shuriken"},{"floor":7.0,"key":"Smiling Mask"},{"floor":9.0,"key":"Bronze Scales"},{"floor":11.0,"key":"Odd Mushroom"},{"floor":23.0,"key":"PreservedInsect"},{"floor":26.0,"key":"Eternal Feather"},{"floor":30.0,"key":"StrikeDummy"}],"event_choices":[{"damage_healed":0.0,"max_hp_gain":0.0,"max_hp_loss":0.0,"gold_gain":75.0,"event_name":"World of Goop","player_choice":"Gather Gold","floor":3.0,"gold_loss":0.0,"damage_taken":11.0},{"damage_healed":0.0,"max_hp_gain":0.0,"max_hp_loss":0.0,"gold_gain":0.0,"event_name":"Mushrooms","player_choice":"Fought Mushrooms","floor":11.0,"gold_loss":0.0,"damage_taken":0.0},{"damage_healed":0.0,"max_hp_gain":0.0,"max_hp_loss":0.0,"gold_gain":73.0,"event_name":"Golden Wing","player_choice":"Gained Gold","floor":12.0,"gold_loss":0.0,"damage_taken":0.0},{"damage_healed":0.0,"max_hp_gain":0.0,"max_hp_loss":0.0,"gold_gain":0.0,"event_name":"Scrap Ooze","player_choice":"Fled","floor":14.0,"gold_loss":0.0,"damage_taken":0.0},{"damage_healed":0.0,"max_hp_gain":0.0,"max_hp_loss":0.0,"gold_gain":0.0,"event_name":"N\u0027loth","player_choice":"Traded Relic","floor":21.0,"relics_lost":["Astrolabe"],"gold_loss":0.0,"damage_taken":0.0,"relics_obtained":["Nloth\u0027s Gift"]},{"cards_removed":["Well Laid Plans"],"damage_healed":0.0,"max_hp_gain":0.0,"max_hp_loss":0.0,"gold_gain":0.0,"event_name":"Purifier","player_choice":"Purged","floor":29.0,"gold_loss":0.0,"damage_taken":0.0},{"damage_healed":0.0,"max_hp_gain":0.0,"max_hp_loss":0.0,"gold_gain":0.0,"event_name":"Accursed Blacksmith","player_choice":"Forge","floor":37.0,"gold_loss":0.0,"damage_taken":0.0,"cards_upgraded":["Night Terror"]}],"is_beta":false,"boss_relics":[{"not_picked":["Runic Dome","Empty Cage"],"picked":"Pandora\u0027s Box"},{"not_picked":["Velvet Choker","Runic Pyramid"],"picked":"Busted Crown"}],"items_purged_floors":[8,19,39],"is_endless":false,"potions_floor_spawned":[7,11,13,18,23,31],"killed_by":"Nemesis","ascension_level":20}}