{"host":"ci7ivtocgfxh0ueo","time":1608614710,"event":{"mods":["BaseMod","GifTheSpireLib","Minty Spire (QoL Compilation)","StSLib"],"gold_per_floor":[117,34,34,34,54,87,162,177,177,22,38,51,82,36,36,110,110,124,124,143,143,143],"floor_reached":21,"playtime":359,"items_purged":[],"score":396,"play_id":"f3ee3807-1307-4fcc-87e2-ba077dc1868c","local_time":"20201222132510","is_ascension_mode":true,"campfire_choices":[{"data":"Glass Knife","floor":15,"key":"SMITH"}],"circlet_count":0,"master_deck":["AscendersBane","Strike_G","Strike_G","Strike_G+1","Strike_G","Strike_G+1","Defend_G","Defend_G","Defend_G","Defend_G","Defend_G","Survivor","Neutralize","Riddle With Holes","Underhanded Strike","Poisoned Stab","Dagger Spray","Mayhem+1","All Out Attack","Noxious Fumes+1","Glass Knife+1","A Thousand Cuts+1","Blur"],"relics":["Ring of the Snake","NeowsBlessing","Frozen Egg 2","The Courier","MealTicket","Busted Crown"],"acts_visited":["Exordium","TheCity"],"potions_floor_usage":[12,13,13,16,16,18,20,21,21],"damage_taken":[{"damage":0,"enemies":"Cultist","floor":1,"turns":1},{"damage":0,"enemies":"Jaw Worm","floor":5,"turns":1},{"damage":0,"enemies":"3 Sentries","floor":6,"turns":1},{"damage":10,"enemies":"Small Slimes","floor":8,"turns":3},{"damage":0,"enemies":"2 Fungi Beasts","floor":11,"turns":2},{"damage":0,"enemies":"3 Louse","floor":12,"turns":3},{"damage":24,"enemies":"Gremlin Nob","floor":13,"turns":4},{"damage":15,"enemies":"Slime Boss","floor":16,"turns":6},{"damage":20,"enemies":"Shell Parasite","floor":18,"turns":4},{"damage":14,"enemies":"2 Thieves","floor":20,"turns":3},{"damage":5,"enemies":"Shelled Parasite and Fungi","floor":21,"turns":1}],"seed_played":"3159791242186547788","potions_obtained":[{"floor":1,"key":"Regen Potion"},{"floor":12,"key":"LiquidBronze"},{"floor":13,"key":"EssenceOfSteel"},{"floor":16,"key":"Energy Potion"},{"floor":20,"key":"Weak Potion"}],"is_trial":false,"path_per_floor":["M","$","?","?","M","E","?","M","T","$","M","M","E","$","R","B",null,"M","?","M","M"],"character_chosen":"THE_SILENT","items_purchased":["DistilledChaos","Mayhem+1","PowerPotion"],"campfire_rested":0,"item_purchase_floors":[2,10,14],"current_hp_per_floor":[59,59,39,61,61,61,50,40,40,40,40,40,25,40,40,25,56,36,17,3,0,0],"gold":143,"neow_bonus":"THREE_ENEMY_KILL","is_daily":false,"chose_seed":false,"campfire_upgraded":1,"win_rate":0.0,"timestamp":1608614710,"path_taken":["M","?","?","?","M","E","?","M","T","$","M","M","E","$","R","BOSS","M","?","?","M"],"items_purchased_type":["Potion","Card","Potion"],"build_version":"2020-12-13","purchased_purges":0,"victory":false,"max_hp_per_floor":[66,66,66,66,66,66,66,66,66,66,66,66,66,66,66,66,66,66,66,66,66,66],"card_choices":[{"not_picked":["Choke","Flying Knee"],"picked":"Riddle With Holes","floor":1},{"not_picked":["Slice","Accuracy"],"picked":"Underhanded Strike","floor":5},{"not_picked":["Grand Finale","Escape Plan"],"picked":"Poisoned Stab","floor":6},{"not_picked":["Quick Slash","Flying Knee"],"picked":"Dagger Spray","floor":8},{"not_picked":["Riddle With Holes","Backflip"],"picked":"All Out Attack","floor":11},{"not_picked":["Dagger Spray","Flechettes"],"picked":"Noxious Fumes+1","floor":12},{"not_picked":["Dagger Spray","Backflip"],"picked":"Glass Knife","floor":13},{"not_picked":["Wraith Form v2+1","Grand Finale"],"picked":"A Thousand Cuts+1","floor":16},{"not_picked":[],"picked":"Blur","floor":18},{"not_picked":["Flying Knee"],"picked":"SKIP","floor":20}],"player_experience":1277260,"relics_obtained":[{"floor":6,"key":"Frozen Egg 2"},{"floor":9,"key":"The Courier"},{"floor":13,"key":"MealTicket"}],"event_choices":[{"damage_healed":0,"gold_gain":0,"player_choice":"Entered Light","damage_taken":20,"max_hp_gain":0,"max_hp_loss":0,"event_name":"Shining Light","floor":3,"gold_loss":0,"cards_upgraded":["Strike_G","Strike_G"]},{"damage_healed":22,"gold_gain":0,"player_choice":"Banana","damage_taken":0,"max_hp_gain":0,"max_hp_loss":0,"event_name":"Big Fish","floor":4,"gold_loss":0},{"damage_healed":0,"gold_gain":75,"player_choice":"Gather Gold","damage_taken":11,"max_hp_gain":0,"max_hp_loss":0,"event_name":"World of Goop","floor":7,"gold_loss":0},{"damage_healed":0,"gold_gain":0,"player_choice":"POTION POTION ","damage_taken":19,"max_hp_gain":0,"max_hp_loss":0,"event_name":"Knowing Skull","floor":19,"potions_obtained":["CunningPotion","SpeedPotion"],"gold_loss":0,"cards_obtained":[]}],"is_beta":false,"boss_relics":[{"not_picked":["Velvet Choker","Sozu"],"picked":"Busted Crown"}],"items_purged_floors":[],"is_endless":false,"potions_floor_spawned":[1,12,13,16,20],"killed_by":"Shelled Parasite and Fungi","ascension_level":17}}