{"host":"3o6vp6vwg41o825i","time":1608625398,"event":{"mods":["AchievementEnabler","Act Like it!","Aspiration","BaseMod","Better Altar","Better Match","Better Note","Better Sensory Stone","Better Skull","Better Third Choice","BetterRewards","CCEM","Clawfect","Colored Map","Conspire","GifTheSpireLib","Halation","Hallownest","Highlight Path","Hubris","Infinite Spire","Jorbs\u0027s Wanderer Trilogy","Mimic Mod","Minty Spire (QoL Compilation)","Replay The Spire","Shop Mod","StSLib","Stuff the Spire","The Bug Knight","The Cursed","The Jungle","Unceasing Turn Reminder","everything is the same but u backflip on backflip"],"gold_per_floor":[119,119,119,129,144,144,144,170,170,41,41,61,61,81,81,176,176,195,195,195,195,120,120,70,70,97,22,33,33,33],"floor_reached":29,"playtime":1567,"items_purged":["Writhe"],"score":221,"play_id":"2ab4b62a-6307-4df2-9c00-e2c3846e9a86","local_time":"20201222092318","is_ascension_mode":false,"campfire_choices":[{"floor":6,"key":"REST"},{"floor":11,"key":"REST"},{"floor":15,"key":"REST"},{"floor":23,"key":"REST"},{"floor":25,"key":"REST"}],"circlet_count":0,"master_deck":["HollowMod:NailStrikeStart+1","HollowMod:NailStrikeStart+1","HollowMod:NailStrikeStart","HollowMod:NailStrikeStart","HollowMod:QuickDashStart","HollowMod:QuickDashStart","HollowMod:QuickDashStart","HollowMod:QuickDashStart","HollowMod:FocusHealStart","HollowMod:PogoStrike","HollowMod:BrokenVessel","HollowMod:MonarchWings+1","HollowMod:HowlingWraiths+1","HollowMod:PureNailStrike","HollowMod:MawleksShell+1","HollowMod:BrokenVessel+1","HollowMod:DashSlash+1","HollowMod:PureVessel+1","Trip+1","HollowMod:SoulEater+1"],"relics":["HollowMod:VesselMask","NeowsBlessing","halation:EternalFortune","Gremlin Food","hubris:SlimyHat","Ginger","Golden Egg","CCEMRelics:TransientCore","Shovel","hubris:Icosahedron","CCEMRelics:FestiveHat"],"acts_visited":["Hallownest:Greenpath","Hallownest:Greenpath"],"potions_floor_usage":[8,24,29],"damage_taken":[{"damage":0,"enemies":"2_ Uuma","floor":1,"turns":1},{"damage":0,"enemies":"Hallownest:monsterHuskWarrior","floor":4,"turns":1},{"damage":0,"enemies":"Hallownest:2_Baldur","floor":5,"turns":1},{"damage":25,"enemies":"Hallownest:eliteCrystalGuardian","floor":8,"turns":6},{"damage":4,"enemies":"Hallownest:monsterAspidMother","floor":12,"turns":4},{"damage":17,"enemies":"Hallownest:Wandering_and_Horned","floor":14,"turns":4},{"damage":51,"enemies":"Hallownest:BossBrokenVessel","floor":16,"turns":10},{"damage":52,"enemies":"Shell Parasite","floor":18,"turns":9},{"damage":43,"enemies":"theJungle:5_Spyders","floor":24,"turns":9},{"damage":47,"enemies":"theJungle:SlimyTreeVines","floor":28,"turns":12},{"damage":21,"enemies":"theJungle:JungleHuntersEncounter","floor":29,"turns":2}],"seed_played":"8200523332357602754","potions_obtained":[{"floor":5,"key":"Energy Potion"},{"floor":14,"key":"SmokeBomb"},{"floor":28,"key":"DuplicationPotion"}],"is_trial":false,"path_per_floor":["M","?","?","M","M","R","?","E","T","$","R","M","$","M","R","B",null,"M","?","?","?","$","R","M","R","T","?","M","M"],"character_chosen":"THE_BUGKNIGHT","items_purchased":["HollowMod:MawleksShell+1","HollowMod:BrokenVessel"],"campfire_rested":5,"item_purchase_floors":[10,10],"current_hp_per_floor":[75,78,43,43,46,70,60,41,41,41,65,61,61,44,68,23,81,34,34,34,24,24,47,10,33,33,38,13,0,0],"gold":33,"neow_bonus":"THREE_ENEMY_KILL","is_daily":false,"chose_seed":false,"campfire_upgraded":0,"win_rate":0.0,"timestamp":1608625398,"path_taken":["M","?","?","?","M","R","?","E","T","$","R","M","$","M","R","BOSS","M","?","?","?","$","R","?","R","T","?","M","M"],"items_purchased_type":["Card","Card"],"build_version":"2020-12-13","purchased_purges":1,"victory":false,"max_hp_per_floor":[75,78,78,78,81,81,81,81,81,81,81,81,81,81,81,81,81,79,79,79,79,79,79,77,77,77,82,77,81,81],"card_choices":[{"not_picked":["HollowMod:ChannelNail","HollowMod:FallenFury"],"picked":"HollowMod:BrokenVessel","floor":1},{"not_picked":["HollowMod:WraithStrike","HollowMod:MantisMark"],"picked":"HollowMod:MonarchWings","floor":4},{"not_picked":["HollowMod:DescendingDark","HollowMod:SharpenedNail"],"picked":"HollowMod:HowlingWraiths","floor":5},{"not_picked":["HollowMod:SiblingsSouls","HollowMod:NewLittleFool"],"picked":"HollowMod:PureNailStrike","floor":8},{"not_picked":["HollowMod:ChannelNail","HollowMod:CornifersMapStart","HollowMod:WraithStrike"],"picked":"SKIP","floor":12},{"not_picked":["HollowMod:RecoilStrike","HollowMod:BlackTendrils"],"picked":"HollowMod:DashSlash","floor":14},{"not_picked":["HollowMod:LordofShades","HollowMod:LifebloodCore"],"picked":"HollowMod:PureVessel","floor":16},{"not_picked":["HollowMod:PureNailStrike+1","HollowMod:ChannelNail","HollowMod:SiblingsSouls"],"picked":"SKIP","floor":18},{"not_picked":["StuffTheSpire:FreeRealEstate+1","Enlightenment+1"],"picked":"Trip+1","floor":28},{"not_picked":["HollowMod:DreamGate+1","HollowMod:SoulSplash"],"picked":"HollowMod:SoulEater+1","floor":28}],"player_experience":223325,"relics_obtained":[{"floor":5,"key":"halation:EternalFortune"},{"floor":8,"key":"Ginger"},{"floor":9,"key":"Golden Egg"},{"floor":26,"key":"CCEMRelics:FestiveHat"}],"event_choices":[{"damage_healed":0,"gold_gain":0,"player_choice":"RE RE ","damage_taken":39,"relics_obtained":["Gremlin Food","hubris:SlimyHat"],"max_hp_gain":0,"max_hp_loss":0,"event_name":"betterSkull:BetterSkull","floor":3,"gold_loss":0,"cards_upgraded":[]}],"is_beta":false,"boss_relics":[{"not_picked":["aspiration:SecretTechniqueScroll","Painkiller Herb"],"picked":"CCEMRelics:TransientCore"}],"items_purged_floors":[22],"is_endless":false,"potions_floor_spawned":[5,14,24,28],"killed_by":"theJungle:JungleHuntersEncounter","ascension_level":0}}