{"host":"q229ysid750dmjme","time":1608631476,"event":{"mods":["AchievementEnabler","BaseMod","Colored Map","Minty Spire (QoL Compilation)","Prisma Mod","StSLib","everything is the same but u backflip on backflip"],"gold_per_floor":[119,130,148,148,167,167,167,167,167,167,185,204,229,248,248,344,344,358,376,27,27,42,68,68,95,95,95,10,10,10,26,26,121,121,139,159,185,203,215,249,249,284,284,334,348,368,385,401,401,401,401,401,99,99,99],"floor_reached":54,"playtime":4230,"items_purged":["Strike_B","Strike_B"],"score":854,"play_id":"0fd7dc1e-3994-415e-a070-f4e278fb5d3c","local_time":"20201222190436","is_ascension_mode":true,"campfire_choices":[{"data":"Storm","floor":6.0,"key":"SMITH"},{"data":"Buffer","floor":8.0,"key":"SMITH"},{"data":"Double Energy","floor":10.0,"key":"SMITH"},{"data":"Static Discharge","floor":15.0,"key":"SMITH"},{"floor":24.0,"key":"REST"},{"data":"Fission","floor":27.0,"key":"SMITH"},{"data":"Strike_B","floor":30.0,"key":"PURGE"},{"data":"Strike_B","floor":32.0,"key":"PURGE"},{"data":"Buffer","floor":41.0,"key":"SMITH"},{"floor":49.0,"key":"RECALL"},{"data":"Amplify","floor":52.0,"key":"SMITH"}],"circlet_count":0,"master_deck":["Defend_B","Defend_B","Defend_B","Defend_B","Zap","Dualcast","Panacea","Compile Driver","Storm+1","Double Energy+1","Gash","Buffer+1","Lockon","Conserve Battery","Static Discharge+1","Fission+1","Self Repair","FTL+1","Gash+1","Ball Lightning","Defragment+1","Buffer+1","Barrage+1","Skim","Undo","Auto Shields+1","Amplify+1","Melter+1","Conserve Battery"],"relics":["Cracked Core","NlothsMask","HornCleat","Runic Pyramid","Ornamental Fan","Dream Catcher","Tiny Chest","Bottled Lightning","Symbiotic Virus","Peace Pipe","Nuclear Battery","Darkstone Periapt","Meat on the Bone","Letter Opener","Bird Faced Urn","Oddly Smooth Stone"],"acts_visited":["Exordium","TheCity","TheBeyond","TheEnding"],"potions_floor_usage":[],"damage_taken":[{"damage":1.0,"enemies":"Cultist","floor":1.0,"turns":4.0},{"damage":2.0,"enemies":"Jaw Worm","floor":2.0,"turns":3.0},{"damage":3.0,"enemies":"2 Louse","floor":3.0,"turns":3.0},{"damage":16.0,"enemies":"Blue Slaver","floor":5.0,"turns":3.0},{"damage":0.0,"enemies":"Looter","floor":11.0,"turns":3.0},{"damage":16.0,"enemies":"Lots of Slimes","floor":12.0,"turns":3.0},{"damage":0.0,"enemies":"Lagavulin","floor":13.0,"turns":7.0},{"damage":2.0,"enemies":"3 Louse","floor":14.0,"turns":4.0},{"damage":23.0,"enemies":"The Guardian","floor":16.0,"turns":9.0},{"damage":0.0,"enemies":"Spheric Guardian","floor":18.0,"turns":4.0},{"damage":13.0,"enemies":"Chosen","floor":19.0,"turns":5.0},{"damage":15.0,"enemies":"Snake Plant","floor":22.0,"turns":6.0},{"damage":49.0,"enemies":"Slavers","floor":23.0,"turns":6.0},{"damage":6.0,"enemies":"Book of Stabbing","floor":25.0,"turns":4.0},{"damage":0.0,"enemies":"Snecko","floor":31.0,"turns":4.0},{"damage":9.0,"enemies":"Champ","floor":33.0,"turns":8.0},{"damage":0.0,"enemies":"3 Shapes","floor":35.0,"turns":5.0},{"damage":16.0,"enemies":"3 Darklings","floor":36.0,"turns":5.0},{"damage":6.0,"enemies":"Spire Growth","floor":38.0,"turns":4.0},{"damage":1.0,"enemies":"Transient","floor":39.0,"turns":5.0},{"damage":27.0,"enemies":"Reptomancer","floor":40.0,"turns":6.0},{"damage":12.0,"enemies":"Nemesis","floor":42.0,"turns":6.0},{"damage":0.0,"enemies":"Mind Bloom Boss Battle","floor":44.0,"turns":6.0},{"damage":11.0,"enemies":"4 Shapes","floor":45.0,"turns":5.0},{"damage":2.0,"enemies":"Sphere and 2 Shapes","floor":46.0,"turns":4.0},{"damage":0.0,"enemies":"Spire Growth","floor":47.0,"turns":3.0},{"damage":11.0,"enemies":"4 Shapes","floor":48.0,"turns":4.0},{"damage":46.0,"enemies":"Donu and Deca","floor":50.0,"turns":7.0},{"damage":110,"enemies":"Shield and Spear","floor":54,"turns":8}],"seed_played":"-3623205069204705310","potions_obtained":[{"floor":1.0,"key":"FairyPotion"},{"floor":3.0,"key":"Strength Potion"},{"floor":14.0,"key":"AttackPotion"},{"floor":16.0,"key":"SteroidPotion"},{"floor":18.0,"key":"Regen Potion"},{"floor":23.0,"key":"PowerPotion"},{"floor":25.0,"key":"Explosive Potion"},{"floor":31.0,"key":"SteroidPotion"},{"floor":36.0,"key":"Swift Potion"},{"floor":44.0,"key":"PowerPotion"},{"floor":45.0,"key":"AttackPotion"},{"floor":47.0,"key":"AttackPotion"},{"floor":48.0,"key":"BlessingOfTheForge"}],"is_trial":false,"path_per_floor":["M","M","M","?","M","R","?","R","T","R","M","M","E","M","R","B",null,"M","M","$","?","M","E","R","E","T","R","?","?","R","M","R","B",null,"M","M","T","M","M","E","R","E","T","?","M","M","M","M","R","B",null,"R","$","E"],"character_chosen":"DEFECT","items_purchased":["Ornamental Fan","Self Repair","Oddly Smooth Stone","Conserve Battery"],"campfire_rested":1,"item_purchase_floors":[20,20,53,53],"current_hp_per_floor":[74,72,69,69,53,53,53,53,53,53,53,37,37,35,35,12,75,75,62,62,62,69,27,49,57,57,57,57,57,57,64,64,62,75,75,66,66,67,73,53,53,48,48,55,63,75,75,75,75,46,75,75,75,0,0],"gold":99,"neow_bonus":"RANDOM_COLORLESS","is_daily":false,"chose_seed":false,"campfire_upgraded":7,"win_rate":0.0,"timestamp":1608631476,"path_taken":["M","M","M","?","?","R","?","R","T","R","M","M","E","?","R","BOSS","M","M","?","?","M","E","R","E","T","R","?","?","R","?","R","BOSS","M","M","?","?","?","E","R","E","T","?","M","M","M","M","R","BOSS","R","$","E"],"items_purchased_type":["Relic","Card","Relic","Card"],"build_version":"2020-12-13","purchased_purges":2,"victory":false,"max_hp_per_floor":[75,75,75,75,75,75,75,75,75,75,75,75,75,75,75,75,75,75,75,75,75,75,75,75,75,75,75,75,75,75,75,75,75,75,75,75,75,75,75,75,75,75,75,75,75,75,75,75,75,75,75,75,75,75,75],"card_choices":[{"not_picked":["Blind","Discovery"],"picked":"Panacea","floor":0.0},{"not_picked":["Leap","Streamline"],"picked":"Compile Driver","floor":1.0},{"not_picked":["Coolheaded","Rebound"],"picked":"Storm","floor":2.0},{"not_picked":["Aggregate","Hologram"],"picked":"Double Energy","floor":3.0},{"not_picked":["Hologram","Double Energy"],"picked":"Buffer","floor":5.0},{"not_picked":["Auto Shields","Recycle"],"picked":"Lockon","floor":11.0},{"not_picked":["Blizzard","Go for the Eyes"],"picked":"Conserve Battery","floor":12.0},{"not_picked":["Compile Driver","Force Field"],"picked":"Static Discharge","floor":13.0},{"not_picked":["Sweeping Beam","Cold Snap","Coolheaded"],"picked":"SKIP","floor":14.0},{"not_picked":["Echo Form","Multi-Cast"],"picked":"Fission","floor":16.0},{"not_picked":["Coolheaded","Reinforced Body","Sweeping Beam"],"picked":"SKIP","floor":18.0},{"not_picked":["Stack","Rebound","Steam"],"picked":"SKIP","floor":19.0},{"not_picked":["Compile Driver","Go for the Eyes"],"picked":"FTL+1","floor":22.0},{"not_picked":["Blizzard","Storm","Fission"],"picked":"SKIP","floor":23.0},{"not_picked":["Streamline","Conserve Battery+1"],"picked":"Gash+1","floor":24.0},{"not_picked":["Capacitor","Turbo"],"picked":"Ball Lightning","floor":25.0},{"not_picked":["Steam Power","Ball Lightning"],"picked":"Defragment+1","floor":31.0},{"not_picked":["Rainbow","Meteor Strike"],"picked":"Buffer","floor":33.0},{"not_picked":["Rebound","Heatsinks","Turbo"],"picked":"SKIP","floor":35.0},{"not_picked":["Conserve Battery+1","Hologram"],"picked":"Barrage+1","floor":36.0},{"not_picked":["Compile Driver+1","Fusion"],"picked":"Skim","floor":38.0},{"not_picked":["Rip and Tear+1","Aggregate","Ball Lightning"],"picked":"SKIP","floor":39.0},{"not_picked":["Steam","Storm+1","Reprogram"],"picked":"SKIP","floor":40.0},{"not_picked":["Meteor Strike","Turbo+1"],"picked":"Undo","floor":42.0},{"not_picked":["Streamline","Cold Snap+1"],"picked":"Auto Shields+1","floor":44.0},{"not_picked":["Doom and Gloom","Turbo","Hologram"],"picked":"SKIP","floor":45.0},{"not_picked":["Force Field","Go for the Eyes+1"],"picked":"Amplify","floor":46.0},{"not_picked":["Turbo+1","Compile Driver"],"picked":"Melter+1","floor":47.0},{"not_picked":["Cold Snap","Ball Lightning+1","Sweeping Beam+1"],"picked":"SKIP","floor":48.0}],"player_experience":308931,"relics_obtained":[{"floor":13.0,"key":"HornCleat"},{"floor":23.0,"key":"Tiny Chest"},{"floor":25.0,"key":"Bottled Lightning"},{"floor":26.0,"key":"Symbiotic Virus"},{"floor":40.0,"key":"Darkstone Periapt"},{"floor":42.0,"key":"Meat on the Bone"},{"floor":43.0,"key":"Letter Opener"},{"floor":44.0,"key":"Bird Faced Urn"}],"event_choices":[{"damage_healed":0.0,"max_hp_gain":0.0,"max_hp_loss":0.0,"gold_gain":0.0,"event_name":"Match and Keep!","player_choice":"1 cards matched","floor":4.0,"gold_loss":0.0,"damage_taken":0.0,"cards_obtained":["Gash"]},{"damage_healed":0.0,"max_hp_gain":0.0,"max_hp_loss":0.0,"gold_gain":0.0,"event_name":"FaceTrader","player_choice":"Trade","floor":7.0,"gold_loss":0.0,"damage_taken":0.0,"relics_obtained":["NlothsMask"]},{"damage_healed":0.0,"max_hp_gain":0.0,"max_hp_loss":0.0,"gold_gain":0.0,"event_name":"The Mausoleum","player_choice":"Opened","floor":21.0,"gold_loss":0.0,"damage_taken":0.0,"relics_obtained":["Dream Catcher"]},{"damage_healed":0.0,"max_hp_gain":0.0,"max_hp_loss":0.0,"gold_gain":0.0,"event_name":"Addict","player_choice":"Obtained Relic","floor":28.0,"gold_loss":85.0,"damage_taken":0.0,"relics_obtained":["Peace Pipe"]},{"damage_healed":0.0,"max_hp_gain":0.0,"max_hp_loss":0.0,"gold_gain":0.0,"event_name":"Vampires","player_choice":"Ignored","floor":29.0,"gold_loss":0.0,"damage_taken":0.0},{"damage_healed":0.0,"max_hp_gain":0.0,"max_hp_loss":0.0,"gold_gain":0.0,"event_name":"MindBloom","player_choice":"Fight","floor":44.0,"gold_loss":0.0,"damage_taken":0.0}],"is_beta":false,"boss_relics":[{"not_picked":["Runic Dome","Velvet Choker"],"picked":"Runic Pyramid"},{"not_picked":["Busted Crown","SacredBark"],"picked":"Nuclear Battery"}],"items_purged_floors":[20,53],"is_endless":false,"potions_floor_spawned":[1,3,14,16,18,23,25,31,36,44,45,47,48],"killed_by":"Shield and Spear","ascension_level":3}}