{"host":"w4b7hmige5bnqipq","time":1608662800,"event":{"mods":["BaseMod","Minty Spire (QoL Compilation)","Rare Cards Sparkle","SuperFastMode","everything is the same but u backflip on backflip","slay the spire mod where everything is the same but ironclad has a cowboy hat"],"gold_per_floor":[135,185,241,272,307,333,367,400,475,317,371,391,391,391],"floor_reached":13,"playtime":399,"items_purged":["Shame"],"score":187,"play_id":"9aa22437-ba8e-473f-b087-1c60a8129333","local_time":"20201223034640","is_ascension_mode":true,"campfire_choices":[],"circlet_count":0,"master_deck":["AscendersBane","Strike_R","Strike_R","Strike_R","Strike_R","Strike_R","Defend_R","Defend_R","Defend_R","Defend_R","Bash","HandOfGreed","Metallicize","Thunderclap","Wild Strike","Flex","Corruption","Body Slam","Twin Strike","Feel No Pain","Seeing Red","Headbutt"],"relics":["Burning Blood","Du-Vu Doll","Pear","MealTicket"],"acts_visited":["Exordium"],"potions_floor_usage":[11],"damage_taken":[{"damage":1.0,"enemies":"Cultist","floor":1.0,"turns":3.0},{"damage":0.0,"enemies":"Small Slimes","floor":2.0,"turns":3.0},{"damage":14.0,"enemies":"2 Louse","floor":3.0,"turns":5.0},{"damage":16.0,"enemies":"Large Slime","floor":4.0,"turns":7.0},{"damage":20.0,"enemies":"Red Slaver","floor":5.0,"turns":4.0},{"damage":16.0,"enemies":"Gremlin Nob","floor":6.0,"turns":3.0},{"damage":3.0,"enemies":"3 Louse","floor":7.0,"turns":5.0},{"damage":12.0,"enemies":"Blue Slaver","floor":8.0,"turns":3.0},{"damage":30,"enemies":"3 Sentries","floor":11,"turns":7},{"damage":15,"enemies":"Large Slime","floor":12,"turns":4},{"damage":0,"enemies":"Lagavulin","floor":13,"turns":2}],"seed_played":"-8834413486539214252","potions_obtained":[{"floor":3.0,"key":"SteroidPotion"},{"floor":5.0,"key":"ColorlessPotion"},{"floor":6.0,"key":"Weak Potion"}],"is_trial":false,"path_per_floor":["M","M","M","M","M","E","M","M","T","$","E","M","E"],"character_chosen":"IRONCLAD","items_purchased":["Feel No Pain"],"campfire_rested":0,"item_purchase_floors":[10],"current_hp_per_floor":[73,75,67,57,43,33,36,30,40,40,16,7,7,7],"gold":391,"neow_bonus":"RANDOM_COLORLESS_2","is_daily":false,"chose_seed":false,"campfire_upgraded":0,"win_rate":0.0,"timestamp":1608662800,"path_taken":["M","M","M","M","?","E","?","M","T","$","E","M","E"],"items_purchased_type":["Card"],"build_version":"2020-12-13","purchased_purges":1,"victory":false,"max_hp_per_floor":[75,75,75,75,75,75,75,75,85,85,85,85,85,85],"card_choices":[{"not_picked":["Secret Technique","Magnetism"],"picked":"HandOfGreed","floor":0.0},{"not_picked":["Clash","Sever Soul","Warcry"],"picked":"SKIP","floor":1.0},{"not_picked":["True Grit","Clothesline"],"picked":"Metallicize","floor":2.0},{"not_picked":["Anger","Havoc"],"picked":"Thunderclap","floor":3.0},{"not_picked":["Perfected Strike","Fire Breathing"],"picked":"Wild Strike","floor":4.0},{"not_picked":["Entrench","Havoc"],"picked":"Flex","floor":5.0},{"not_picked":["Thunderclap","Pommel Strike"],"picked":"Corruption","floor":6.0},{"not_picked":["Entrench","Warcry"],"picked":"Body Slam","floor":7.0},{"not_picked":["Wild Strike","Cleave"],"picked":"Twin Strike","floor":8.0},{"not_picked":["Havoc","Sword Boomerang"],"picked":"Seeing Red","floor":11},{"not_picked":["Headbutt","Warcry","Heavy Blade"],"picked":"SKIP","floor":12},{"not_picked":["Warcry","Heavy Blade"],"picked":"Headbutt","floor":12}],"player_experience":412335,"relics_obtained":[{"floor":6.0,"key":"Du-Vu Doll"},{"floor":9.0,"key":"Pear"},{"floor":11,"key":"MealTicket"}],"event_choices":[],"is_beta":false,"boss_relics":[],"items_purged_floors":[10],"is_endless":false,"potions_floor_spawned":[3,5,6,7],"killed_by":"Lagavulin","ascension_level":17}}