{"host":"avjwtc49fhlk6kym","time":1608596472,"event":{"mods":["AchievementEnabler","BaseMod","Better Match","Better Note","Better Third Choice","Colored Map","Colored Powertips","Displayed Cursed Tome","Highlight Path","Minty Spire (QoL Compilation)","Permanent Neow","Quick Restart","StSLib"],"gold_per_floor":[118,134,152,152,166,166,204,204,231,231,255,293,314,398,398,398,398],"floor_reached":16,"playtime":848,"items_purged":[],"score":112,"play_id":"eae9e29c-d518-4c25-b7da-3204ef77a73e","local_time":"20201221192112","is_ascension_mode":false,"campfire_choices":[{"data":"Consecrate","floor":6,"key":"SMITH"},{"floor":8,"key":"REST"},{"floor":10,"key":"REST"},{"floor":15,"key":"REST"}],"circlet_count":0,"master_deck":["Strike_P","Strike_P","Strike_P+1","Strike_P","Defend_P","Defend_P","Defend_P","Defend_P","Eruption+1","Vigilance+1","Doubt","LessonLearned+1","Sanctity+1","FlurryOfBlows+1","LikeWater+1","Consecrate+1","Swivel+1","FlyingSleeves","Perseverance","CutThroughFate","Evaluate"],"relics":["PureWater","Golden Idol","Happy Flower","War Paint","Nunchaku","CeramicFish"],"acts_visited":["Exordium"],"potions_floor_usage":[7,7,13,16],"damage_taken":[{"damage":1,"enemies":"2 Louse","floor":1,"turns":6},{"damage":0,"enemies":"Jaw Worm","floor":2,"turns":5},{"damage":5,"enemies":"Small Slimes","floor":3,"turns":4},{"damage":0,"enemies":"Looter","floor":5,"turns":2},{"damage":19,"enemies":"Gremlin Nob","floor":7,"turns":4},{"damage":13,"enemies":"Exordium Thugs","floor":11,"turns":7},{"damage":4,"enemies":"3 Sentries","floor":12,"turns":14},{"damage":0,"enemies":"Large Slime","floor":13,"turns":4},{"damage":28,"enemies":"Gremlin Nob","floor":14,"turns":5},{"damage":49,"enemies":"The Guardian","floor":16,"turns":9}],"seed_played":"-6663281161920800964","potions_obtained":[{"floor":1,"key":"Strength Potion"},{"floor":3,"key":"Swift Potion"},{"floor":12,"key":"AttackPotion"},{"floor":14,"key":"SpeedPotion"}],"is_trial":false,"path_per_floor":["M","M","M","?","M","R","E","R","T","R","M","E","M","?","R","B"],"character_chosen":"WATCHER","items_purchased":[],"campfire_rested":3,"item_purchase_floors":[],"current_hp_per_floor":[71,71,66,48,48,48,29,50,50,71,58,54,54,26,47,0,0],"gold":398,"neow_bonus":"THREE_RARE_CARDS","is_daily":false,"chose_seed":false,"campfire_upgraded":1,"win_rate":0.0,"timestamp":1608596472,"path_taken":["M","M","M","?","M","R","E","R","T","R","M","E","M","?","R","BOSS"],"items_purchased_type":[],"build_version":"2020-12-13","purchased_purges":0,"victory":false,"max_hp_per_floor":[72,72,72,72,72,72,72,72,72,72,72,72,72,72,72,72,72],"card_choices":[{"not_picked":["MasterReality","Brilliance"],"picked":"LessonLearned","floor":0},{"not_picked":["WaveOfTheHand","Crescendo"],"picked":"Sanctity","floor":1},{"not_picked":["SashWhip","EmptyFist"],"picked":"FlurryOfBlows","floor":2},{"not_picked":["Worship","Adaptation"],"picked":"LikeWater","floor":3},{"not_picked":["Blasphemy","Crescendo"],"picked":"Consecrate","floor":5},{"not_picked":["ClearTheMind","TalkToTheHand"],"picked":"Swivel","floor":7},{"not_picked":["Wallop","Indignation"],"picked":"FlyingSleeves","floor":11},{"not_picked":["LessonLearned","EmptyBody"],"picked":"Perseverance","floor":12},{"not_picked":["Swivel","EmptyMind"],"picked":"CutThroughFate","floor":13},{"not_picked":["JustLucky","SashWhip"],"picked":"Evaluate","floor":14}],"player_experience":353799,"relics_obtained":[{"floor":7,"key":"Happy Flower"},{"floor":9,"key":"War Paint"},{"floor":12,"key":"Nunchaku"},{"floor":14,"key":"CeramicFish"}],"event_choices":[{"damage_healed":0,"gold_gain":0,"player_choice":"Take Damage","damage_taken":18,"relics_obtained":["Golden Idol"],"max_hp_gain":0,"max_hp_loss":0,"event_name":"Golden Idol","floor":4,"gold_loss":0},{"damage_healed":0,"gold_gain":0,"player_choice":"Searched \u00272\u0027 times","damage_taken":0,"max_hp_gain":0,"max_hp_loss":0,"event_name":"Dead Adventurer","floor":14,"gold_loss":0}],"is_beta":false,"boss_relics":[],"items_purged_floors":[],"is_endless":false,"potions_floor_spawned":[1,3,12,14],"killed_by":"The Guardian","ascension_level":0}}