{"host":"wft71y6k5l1g7d5f","time":1608604550,"event":{"mods":["AchievementEnabler","Aspiration","Bard","BaseMod","Beaked The Cultist","Better Altar","Better Match","Better Note","Better Sensory Stone","Better Skull","BetterRewards","CCEM","Clawfect","Colored Map","Conspire","Downfall","Friendly Minions","GifTheSpireLib","Halation","Hermit","Highlight Path","Hubris","Hunter ??","Infinite Spire","Jedi Mod","Jorbs\u0027s Wanderer Trilogy","Mad Scientist","Marisa????????","Mimic Mod","Minty Spire (QoL Compilation)","Permanent Neow","Replay The Spire","Shade Mod","Shop Mod","Spicy Shops","StSLib","Stuff the Spire","The Administrix","The Blackbeard","The Bug Knight","The Construct","The Cursed","The Disciple","The Gatherer","The Hierophant","The IronCluck","The Jungle","The Mystic","The Necromancer","The Problem Sleuth","The Runesmith","The Servant 0.9.4","The Spell Scribe","The Witch","Unceasing Turn Reminder","[IsaacMod]????","everything is the same but u backflip on backflip","slay the spire mod where everything is the same but ironclad has a cowboy hat"],"gold_per_floor":[99,116,116,129,129,149,183,216,236,269,160,174,174,4,18,18,18],"floor_reached":16,"playtime":2080,"items_purged":[],"score":102,"play_id":"fce82616-25b1-4190-91a6-e2d725646526","local_time":"20201221183550","is_ascension_mode":false,"campfire_choices":[{"data":"Bone_Bullets","floor":1,"key":"SMITH"}],"circlet_count":0,"master_deck":["Strike_W","Strike_W","Strike_W","Strike_W","Defend_W","Defend_W","Defend_W","Defend_W","Negative_Energy_Arrows","Bone_Wall","BloodyBrimstone","Death_Coil","Summon_Lich","Toxic_Smoke_Screen","Bone_Spikes","Death_Knell","Summon_Vampire_Lady","Bone_Bullets","Negative_Energy_Javelin","Summon_Undead_Army","Summon_Lich+1","Plague_Bolt","Bone_Bullets+1","Bone_Armor"],"relics":["Vampire_Amulet","HushsDoor","KeepersGift","infinitespire:Beetle Shell","halation:OrihimeAndHikoboshiSamaAndTears","StuffTheSpire:Mouthbags"],"acts_visited":["Exordium"],"potions_floor_usage":[],"damage_taken":[{"damage":2,"enemies":"2 Louse","floor":2,"turns":2},{"damage":5,"enemies":"Small Slimes","floor":4,"turns":3},{"damage":0,"enemies":"Cultist","floor":6,"turns":3},{"damage":14,"enemies":"3 Louse","floor":7,"turns":5},{"damage":20,"enemies":"3 Sentries","floor":8,"turns":9},{"damage":8,"enemies":"3 Louse","floor":9,"turns":4},{"damage":1,"enemies":"Lots of Slimes","floor":10,"turns":5},{"damage":0,"enemies":"downfall:FleeingMerchant","floor":11,"turns":4},{"damage":2,"enemies":"Lots of Slimes","floor":12,"turns":4},{"damage":4,"enemies":"downfall:FleeingMerchant","floor":14,"turns":4},{"damage":3,"enemies":"2 Fungi Beasts","floor":15,"turns":3},{"damage":60,"enemies":"downfall:Defect","floor":16,"turns":5}],"seed_played":"4132904985447505655","potions_obtained":[{"floor":8,"key":"Swift Potion"},{"floor":12,"key":"Energy Potion"},{"floor":15,"key":"Swift Potion"}],"is_trial":false,"path_per_floor":["R","M","?","M","?","M","MIM","E","M","MIM","$","M","?","$","M","B"],"character_chosen":"NECROMANCER","items_purchased":["Negative_Energy_Shield","Negative_Energy_Javelin","StuffTheSpire:Mouthbags"],"campfire_rested":0,"item_purchase_floors":[11,11,14],"current_hp_per_floor":[75,75,75,72,72,74,62,48,52,53,53,62,62,58,59,0,0],"gold":18,"neow_bonus":"THREE_CARDS","is_daily":false,"chose_seed":false,"campfire_upgraded":1,"win_rate":0.0,"timestamp":1608604550,"path_taken":["R","M","?","?","?","M","MIM","E","?","?","$","M","?","$","M","BOSS"],"items_purchased_type":["Card","Card","Relic"],"build_version":"2020-12-13","purchased_purges":0,"victory":false,"max_hp_per_floor":[75,75,75,75,75,75,75,75,75,75,75,75,75,75,75,75,75],"card_choices":[{"not_picked":[],"picked":"BloodyBrimstone","floor":0},{"not_picked":["Death_Coil","Blood_Whip"],"picked":"Bone_Bullets","floor":0},{"not_picked":["Epidemic","Bomb"],"picked":"Death_Coil","floor":2},{"not_picked":["Vampiric_Strike","Spectral_Armor"],"picked":"Summon_Lich","floor":4},{"not_picked":["Blood_for_Blood","Consume_Illness"],"picked":"Toxic_Smoke_Screen","floor":6},{"not_picked":["Bomb","Consume_Illness"],"picked":"Bone_Spikes","floor":8},{"not_picked":["Negative_Energy_Mist","Negative_Energy_Shield"],"picked":"Death_Knell","floor":9},{"not_picked":["Shade_Step","Toxic_Smoke_Screen"],"picked":"Summon_Vampire_Lady","floor":10},{"not_picked":["Shackles_Of_Pain","Bone_Spikes"],"picked":"Bone_Bullets","floor":11},{"not_picked":["Violent_Necrosis","Toxic_Smoke_Screen"],"picked":"Summon_Undead_Army","floor":12},{"not_picked":["Spectral_Walk","Requiem"],"picked":"Plague_Bolt","floor":14},{"not_picked":["Bone_Spikes","Vampiric_Strike"],"picked":"Bone_Armor","floor":15}],"player_experience":134687,"relics_obtained":[{"floor":7,"key":"infinitespire:Beetle Shell"},{"floor":8,"key":"halation:OrihimeAndHikoboshiSamaAndTears"}],"event_choices":[],"is_beta":false,"boss_relics":[],"items_purged_floors":[],"is_endless":false,"potions_floor_spawned":[8,12,15],"killed_by":"downfall:Defect","ascension_level":0}}