{"host":"uflv0e3ja7hvnij7","time":1608645413,"event":{"mods":["BaseMod","Conspire","Hubris","Minty Spire (QoL Compilation)","Replay The Spire","StSLib","The Bug Knight"],"gold_per_floor":[109,123,123,146,71,104,104,122,148,162,91,191,201,1,1,98,98,113,125,144,144,163,163,198,198,198,209,209,226,226,261,261,357,407,417,417,417],"floor_reached":36,"playtime":2384,"items_purged":["Strike_B","Strike_B"],"score":555,"play_id":"b4dfe15a-7763-46f6-a056-05d59b4dddec","local_time":"20201222085653","is_ascension_mode":true,"campfire_choices":[{"data":"Zap","floor":7,"key":"SMITH"},{"data":"Strike_B","floor":15,"key":"PURGE"},{"data":"Consume","floor":25,"key":"SMITH"},{"data":"ReplayRNGCard","floor":30,"key":"SMITH"},{"data":"Static Discharge","floor":32,"key":"SMITH"}],"circlet_count":0,"master_deck":["Zap+1","Coolheaded","FIFO Queue","Consume+1","Defragment","ReplayTheSpireMod:Calculation Training","ReplayTheSpireMod:Calculation Training+1","Barrage","ReplayRNGCard+1","ReplayTheSpireMod:Calculation Training","Self Repair","Static Discharge+1","Machine Learning"],"relics":["Cracked Core","NeowsBlessing","Lantern","Omamori","Centennial Puzzle","Replay:Grab Bag","Replay:Bronze Core","Velvet Choker","Inserter","Kintsugi","hubris:BottledHeart","PreservedInsect","hubris:SoftwareUpdate","Tiny House"],"acts_visited":["Exordium","TheCity","TheBeyond"],"potions_floor_usage":[16,22,22,24,36,36],"damage_taken":[{"damage":0,"enemies":"2 Louse","floor":1,"turns":1},{"damage":0,"enemies":"Jaw Worm","floor":2,"turns":1},{"damage":0,"enemies":"Lagavulin","floor":6,"turns":1},{"damage":0,"enemies":"Cultist","floor":8,"turns":3},{"damage":6,"enemies":"Red Slaver","floor":10,"turns":4},{"damage":2,"enemies":"2 Fungi Beasts","floor":13,"turns":5},{"damage":21,"enemies":"Hexaghost","floor":16,"turns":7},{"damage":0,"enemies":"Spheric Guardian","floor":18,"turns":4},{"damage":5,"enemies":"Chosen","floor":19,"turns":5},{"damage":11,"enemies":"3 Cultists","floor":20,"turns":4},{"damage":10,"enemies":"Chosen and Byrds","floor":22,"turns":4},{"damage":0,"enemies":"Book of Stabbing","floor":24,"turns":6},{"damage":0,"enemies":"Shelled Parasite and Fungi","floor":27,"turns":6},{"damage":0,"enemies":"Snecko","floor":29,"turns":8},{"damage":0,"enemies":"Slavers","floor":31,"turns":6},{"damage":0,"enemies":"Champ","floor":33,"turns":8},{"damage":0,"enemies":"Orb Walker","floor":35,"turns":5},{"damage":12,"enemies":"3 Shapes","floor":36,"turns":3}],"seed_played":"7434639612682433383","potions_obtained":[{"floor":2,"key":"Energy Potion"},{"floor":8,"key":"CultistPotion"},{"floor":10,"key":"SteroidPotion"},{"floor":13,"key":"SpeedPotion"},{"floor":19,"key":"Strength Potion"},{"floor":22,"key":"PowerPotion"},{"floor":24,"key":"Death Potion"},{"floor":31,"key":"SmokeBomb"},{"floor":34,"key":"SneckoOil"},{"floor":35,"key":"Block Potion"}],"is_trial":false,"path_per_floor":["M","M","?","T","$","E","R","M","T","M","$","?","M","$","R","B",null,"M","M","M","$","M","?","E","R","T","M","?","M","R","E","R","B",null,"M","M"],"character_chosen":"DEFECT","items_purchased":["Defragment","ReplayTheSpireMod:Calculation Training","Barrage"],"campfire_rested":0,"item_purchase_floors":[11,14,14],"current_hp_per_floor":[75,75,75,75,75,75,75,75,75,69,69,69,67,67,67,46,75,75,70,59,59,49,1,1,1,1,1,1,1,1,1,1,1,1,1,0,0],"gold":417,"neow_bonus":"THREE_ENEMY_KILL","is_daily":false,"chose_seed":false,"campfire_upgraded":4,"win_rate":0.0,"timestamp":1608645413,"path_taken":["M","M","?","?","$","E","R","M","T","M","$","?","?","?","R","BOSS","M","M","M","$","M","?","E","R","T","M","?","M","R","E","R","BOSS","M","M"],"items_purchased_type":["Card","Card","Card"],"build_version":"2020-12-13","purchased_purges":2,"victory":false,"max_hp_per_floor":[75,75,75,75,75,75,75,75,75,75,75,75,75,75,75,75,75,75,75,75,75,75,1,1,1,1,1,1,1,1,1,1,1,1,1,1,1],"card_choices":[{"not_picked":["Stack","Genetic Algorithm"],"picked":"Coolheaded","floor":1},{"not_picked":["Skim","conspire:SharedLibrary"],"picked":"Ball Lightning","floor":2},{"not_picked":["Coolheaded","ReplayTheSpireMod:Dual Polarity"],"picked":"FIFO Queue","floor":6},{"not_picked":["Undo","Stack","Heatsinks"],"picked":"SKIP","floor":8},{"not_picked":["Genetic Algorithm","Reboot"],"picked":"Consume","floor":10},{"not_picked":["ReplayGash","ReplaySolidLightProjector","Undo"],"picked":"SKIP","floor":13},{"not_picked":["hubris:Prefetch","hubris:SpecializedCircuitry"],"picked":"ReplayRNGCard","floor":16},{"not_picked":["Panic Button+1","Aggregate","Reprogram"],"picked":"SKIP","floor":18},{"not_picked":["Go for the Eyes","ReplayGash","Redo"],"picked":"SKIP","floor":19},{"not_picked":["Auto Shields","Sweeping Beam+1","Force Field"],"picked":"SKIP","floor":20},{"not_picked":["Sweeping Beam","Conserve Battery+1","Rebound"],"picked":"SKIP","floor":22},{"not_picked":["Conserve Battery","Leap"],"picked":"ReplayTheSpireMod:Calculation Training","floor":24},{"not_picked":["ReplaySort","Streamline"],"picked":"Self Repair","floor":27},{"not_picked":["All For One","conspire:SharedLibrary","BasicCrystalCard+1"],"picked":"SKIP","floor":29},{"not_picked":["Turbo","FTL"],"picked":"Static Discharge","floor":31},{"not_picked":["hubris:DoWhile","Core Surge"],"picked":"Machine Learning","floor":33},{"not_picked":["Barrage+1","Stack+1","Conserve Battery+1"],"picked":"SKIP","floor":35}],"player_experience":273370,"relics_obtained":[{"floor":4,"key":"Lantern"},{"floor":6,"key":"Omamori"},{"floor":9,"key":"Centennial Puzzle"},{"floor":24,"key":"PreservedInsect"},{"floor":31,"key":"hubris:SoftwareUpdate"}],"event_choices":[{"cards_removed":["Dualcast"],"damage_healed":0,"gold_gain":0,"player_choice":"Forget","damage_taken":0,"max_hp_gain":0,"max_hp_loss":0,"event_name":"Living Wall","floor":3,"gold_loss":0},{"damage_healed":0,"gold_gain":100,"player_choice":"Pray","damage_taken":0,"max_hp_gain":0,"max_hp_loss":0,"event_name":"Golden Shrine","floor":12,"gold_loss":0},{"cards_removed":["Ball Lightning"],"damage_healed":0,"gold_gain":0,"player_choice":"Elegance","damage_taken":0,"max_hp_gain":0,"max_hp_loss":0,"event_name":"Back to Basics","floor":28,"gold_loss":0}],"is_beta":false,"boss_relics":[{"not_picked":["hubris:Backtick","Astrolabe"],"picked":"Replay:Grab Bag"},{"not_picked":["Fusion Hammer","Ectoplasm"],"picked":"Replay:Bronze Core"},{"not_picked":["ReplayTheSpireMod:DimensionalGlitch","Coffee Dripper"],"picked":"Velvet Choker"},{"not_picked":["Pandora\u0027s Box","Empty Cage"],"picked":"Inserter"},{"not_picked":["SacredBark","Black Star"],"picked":"Kintsugi"},{"not_picked":["hubris:HollowSoul","Snecko Eye"],"picked":"Tiny House"}],"items_purged_floors":[5,14],"is_endless":false,"potions_floor_spawned":[2,8,10,13,19,22,24,31,33,35],"killed_by":"3 Shapes","ascension_level":1}}