{"host":"f0gpob8hq9vgebej","time":1608619009,"event":{"mods":["AchievementEnabler","BaseMod","Googly Eyes","Minty Spire (QoL Compilation)","Quick Restart","SuperFastMode"],"gold_per_floor":[115,133,151,151,162,162,162,162,162,177,196,210,210,229,229,329,329,296,313,22,22,22],"floor_reached":21,"playtime":463,"items_purged":["Strike_G"],"score":360,"play_id":"970d10a9-d2e3-4696-90dc-9a5fcf7a337d","local_time":"20201222153649","is_ascension_mode":true,"campfire_choices":[{"data":"Blade Dance","floor":6,"key":"SMITH"},{"data":"Calculated Gamble","floor":8,"key":"SMITH"},{"data":"Adrenaline","floor":13,"key":"SMITH"},{"data":"Poisoned Stab","floor":15,"key":"SMITH"}],"circlet_count":0,"master_deck":["AscendersBane","Strike_G","Strike_G","Strike_G","Strike_G","Defend_G","Defend_G","Defend_G","Defend_G","Defend_G","Survivor","Neutralize","Backstab","Calculated Gamble+1","Prepared","Blade Dance+1","Acrobatics","Poisoned Stab+1","Adrenaline+1","Envenom","Prepared+1","Footwork","Burst"],"relics":["Ring of the Snake","Turnip","Regal Pillow","SlaversCollar"],"acts_visited":["Exordium","TheCity"],"potions_floor_usage":[16,16],"damage_taken":[{"damage":0,"enemies":"Jaw Worm","floor":1,"turns":5},{"damage":0,"enemies":"2 Louse","floor":2,"turns":4},{"damage":1,"enemies":"Cultist","floor":3,"turns":4},{"damage":17,"enemies":"Exordium Wildlife","floor":5,"turns":10},{"damage":0,"enemies":"Large Slime","floor":10,"turns":5},{"damage":2,"enemies":"2 Fungi Beasts","floor":11,"turns":4},{"damage":6,"enemies":"Looter","floor":12,"turns":3},{"damage":3,"enemies":"Lots of Slimes","floor":14,"turns":5},{"damage":0,"enemies":"Slime Boss","floor":16,"turns":6},{"damage":36,"enemies":"2 Thieves","floor":18,"turns":5},{"damage":19,"enemies":"Shell Parasite","floor":19,"turns":9},{"damage":0,"enemies":"Snake Plant","floor":21,"turns":1}],"seed_played":"-1374888609275533106","potions_obtained":[{"floor":3,"key":"Swift Potion"},{"floor":5,"key":"AttackPotion"},{"floor":11,"key":"PowerPotion"},{"floor":18,"key":"Poison Potion"}],"is_trial":false,"path_per_floor":["M","M","M","?","M","R","?","R","T","M","M","M","R","M","R","B",null,"M","M","$","M"],"character_chosen":"THE_SILENT","items_purchased":["Footwork","Burst"],"campfire_rested":0,"item_purchase_floors":[20,20],"current_hp_per_floor":[63,63,62,62,45,45,45,45,45,45,43,37,37,34,34,34,56,20,1,1,1,1],"gold":22,"neow_bonus":"ONE_RARE_RELIC","is_daily":false,"chose_seed":false,"campfire_upgraded":4,"win_rate":0.0,"timestamp":1608619009,"path_taken":["M","M","M","?","M","R","?","R","T","?","M","M","R","M","R","BOSS","M","M","$","M"],"items_purchased_type":["Card","Card"],"build_version":"2020-12-13","purchased_purges":1,"victory":false,"max_hp_per_floor":[63,63,63,63,63,63,63,63,63,63,63,63,63,63,63,63,63,63,63,63,63,63],"card_choices":[{"not_picked":["Dagger Spray","Distraction"],"picked":"Backstab","floor":1},{"not_picked":["Bouncing Flask","PiercingWail"],"picked":"Calculated Gamble","floor":2},{"not_picked":["Endless Agony","Deflect"],"picked":"Prepared","floor":3},{"not_picked":["Catalyst","Dodge and Roll"],"picked":"Blade Dance","floor":5},{"not_picked":["Sucker Punch","Deadly Poison"],"picked":"Acrobatics","floor":10},{"not_picked":["Setup","Blur"],"picked":"Poisoned Stab","floor":11},{"not_picked":["Eviscerate","PiercingWail"],"picked":"Adrenaline","floor":12},{"not_picked":["Deflect","Prepared","Bane"],"picked":"SKIP","floor":14},{"not_picked":["A Thousand Cuts","Storm of Steel"],"picked":"Envenom","floor":16},{"not_picked":["Dodge and Roll","Terror"],"picked":"Prepared+1","floor":18},{"not_picked":["Bane","Backstab","Quick Slash"],"picked":"SKIP","floor":19}],"player_experience":187977,"relics_obtained":[{"floor":9,"key":"Regal Pillow"}],"event_choices":[{"damage_healed":0,"gold_gain":0,"player_choice":"Ignored","damage_taken":0,"max_hp_gain":0,"max_hp_loss":0,"event_name":"Shining Light","floor":4,"gold_loss":0},{"damage_healed":0,"gold_gain":0,"player_choice":"Ignored","damage_taken":0,"max_hp_gain":0,"max_hp_loss":0,"event_name":"Liars Game","floor":7,"gold_loss":0}],"is_beta":false,"boss_relics":[{"not_picked":["Sozu","Cursed Key"],"picked":"SlaversCollar"}],"items_purged_floors":[20],"is_endless":false,"potions_floor_spawned":[3,5,11,18],"killed_by":"Snake Plant","ascension_level":12}}