{"host":"uiaocagxbjlinul0","time":1608596159,"event":{"mods":["Act Like it!","BaseMod","Better Match","Block Reminder","CapriCore","ChefMod","GifTheSpireLib","Hallownest","Hermit","Minty Spire (QoL Compilation)","Quick Restart","Robot Space Explorer","Shade Mod","StSLib","Stuff the Spire","The Animator","The Bug Knight","The Death Knight","The Dragon Tamer","The Forsaken","The Immortal","The Marked","TheSwordswoman","TheVacant","Wandering Minibosses"],"gold_per_floor":[111,123,72,72,247,272,272,272,272],"floor_reached":8,"playtime":412,"items_purged":[],"score":65,"play_id":"d9dbdba3-6556-4fd8-8182-3e4dfa6f0e48","local_time":"20201221161559","is_ascension_mode":true,"campfire_choices":[{"floor":7,"key":"REST"}],"circlet_count":0,"master_deck":["animator:Strike_FullmetalAlchemist","animator:Defend_FullmetalAlchemist","animator:Strike","animator:Strike","animator:Strike","animator:Defend","animator:Defend","animator:Defend","animator:ElricEdward","animator:ElricAlphonse","animator:Curse_Greed","animator:UneriGinkaku","animator:YaoHaDucy","animator:Tatsumaki+1","Doubt","animator:Arpeggio"],"relics":["animator:LivingPicture","animator:TheMissingPiece","animator:HallowedScabbard","Du-Vu Doll"],"acts_visited":["Exordium"],"potions_floor_usage":[6],"damage_taken":[{"damage":7,"enemies":"Small Slimes","floor":1,"turns":4},{"damage":18,"enemies":"2 Louse","floor":2,"turns":3},{"damage":41,"enemies":"HollowMod:MossKnight","floor":6,"turns":10},{"damage":38,"enemies":"Lagavulin","floor":8,"turns":5}],"seed_played":"91861467771090986","potions_obtained":[{"floor":1,"key":"DeathKnight:RimePotion"},{"floor":6,"key":"Explosive Potion"}],"is_trial":false,"path_per_floor":["M","M","$","?","?","E","R","E"],"character_chosen":"THE_ANIMATOR","items_purchased":["animator:Tatsumaki"],"campfire_rested":1,"item_purchase_floors":[3],"current_hp_per_floor":[59,41,41,41,41,10,29,0,0],"gold":272,"neow_bonus":"ONE_RARE_RELIC","is_daily":false,"chose_seed":false,"campfire_upgraded":0,"win_rate":0.0,"timestamp":1608596159,"path_taken":["M","M","$","?","?","E","R","E"],"items_purchased_type":["Card"],"build_version":"2020-12-13","purchased_purges":0,"victory":false,"max_hp_per_floor":[66,66,66,66,66,66,66,66,66],"card_choices":[{"not_picked":["animator:HiiragiShinya","animator:Nanami"],"picked":"animator:UneriGinkaku","floor":1},{"not_picked":["animator:Pride","animator:Hakurou"],"picked":"animator:YaoHaDucy","floor":2},{"not_picked":["animator:TsurugaMeisai","animator:Genos"],"picked":"animator:Arpeggio","floor":6}],"player_experience":190381,"relics_obtained":[{"floor":6,"key":"Du-Vu Doll"}],"event_choices":[{"damage_healed":0,"gold_gain":0,"player_choice":"Grow","damage_taken":0,"max_hp_gain":0,"max_hp_loss":0,"event_name":"Living Wall","floor":4,"gold_loss":0,"cards_upgraded":["animator:Tatsumaki"]},{"damage_healed":0,"gold_gain":175,"player_choice":"AGREE","damage_taken":0,"max_hp_gain":0,"max_hp_loss":0,"event_name":"Liars Game","floor":5,"gold_loss":0,"cards_obtained":["Doubt"]}],"is_beta":false,"boss_relics":[],"items_purged_floors":[],"is_endless":false,"potions_floor_spawned":[1,6],"killed_by":"Lagavulin","ascension_level":4}}