{"host":"3qkmyeoym75lj4wn","time":1608680046,"event":{"mods":["2.2 Compatiblity","Act Like it!","BaseMod","Bestiary","Block Reminder","Colored Powertips","Downfall","Highlight Path","Minty Spire (QoL Compilation)","Permanent Neow","Rare Cards Sparkle","Relic Stats","StSLib"],"gold_per_floor":[99,111,128,148,148,148,175,187,220,236,236,86,97,111,124,222,222,222,235,249,91,91,91,114,132,152,165,90,108,108,208,226,325,375,375,425,475,489,539,297,344,112,162,162,172,241,1,76,90,90,90,90,90,90],"floor_reached":52,"playtime":2432,"items_purged":["Slimebound:Strike_Slimebound","Slimebound:Strike_Slimebound"],"score":683,"play_id":"d1157c58-a7f8-4f5d-aa49-089dba8fdc85","local_time":"20201222233406","is_ascension_mode":false,"campfire_choices":[{"data":"Slimebound:Split","floor":1,"key":"SMITH"},{"data":"Slimebound:GoopSpray","floor":6,"key":"SMITH"},{"data":"Slimebound:Equalize","floor":12,"key":"SMITH"},{"floor":18,"key":"RECALL"},{"data":"Slimebound:LeechEnergy","floor":28,"key":"SMITH"},{"data":"Slimebound:RainOfGoop","floor":30,"key":"SMITH"},{"data":"Slimebound:RejuvenatingLick","floor":35,"key":"SMITH"},{"data":"Slimebound:LeadByExample","floor":44,"key":"SMITH"}],"circlet_count":0,"master_deck":["Slimebound:Tackle","Slimebound:Defend_Slimebound+1","Slimebound:Defend_Slimebound","Slimebound:Defend_Slimebound","Slimebound:Defend_Slimebound","Slimebound:Split+1","Slimebound:CorrosiveSpit+1","Slimebound:SamplingLick","Slimebound:GoopSpray+1","Slimebound:Schlurp","Slimebound:Equalize+1","Slimebound:GrowthPunch","Slimebound:RainOfGoop+1","Slimebound:RejuvenatingLick+1","Slimebound:LeechEnergy+1","Slimebound:SlimeSpikes","Slimebound:LeechingTouch","Slimebound:SamplingLick+1","Slimebound:FormOfPuddle+1","Slimebound:SlimeTap+1","Slimebound:ViciousTackle+1","Slimebound:HauntingLick+1","Slimebound:Darklings","Slimebound:SplitLeeching+1","Slimebound:LeadByExample+1"],"relics":["Slimebound:AbsorbEndCombat","TungstenRod","downfall:HeartBlessingGreen","downfall:HeartBlessingBlue","Slimebound:TarBlob","ClockworkSouvenir","MealTicket","downfall:HeartBlessingRed","downfall:CloakOfManyFaces","CultistMask","FaceOfCleric","NlothsMask","GremlinMask","SsserpentHead","Tiny House","Toy Ornithopter","PrismaticShard","Lantern","Turnip","Slimebound:MaxSlimesRelic","Oddly Smooth Stone"],"acts_visited":["Exordium","TheCity","TheBeyond","TheEnding"],"potions_floor_usage":[16,26,52,52,52,52,52,52,52,52],"damage_taken":[{"damage":11,"enemies":"Small Slimes","floor":2,"turns":2},{"damage":8,"enemies":"Cultist","floor":3,"turns":3},{"damage":11,"enemies":"Jaw Worm","floor":4,"turns":4},{"damage":24,"enemies":"2 Fungi Beasts","floor":8,"turns":3},{"damage":24,"enemies":"Lagavulin","floor":9,"turns":7},{"damage":14,"enemies":"Red Slaver","floor":10,"turns":2},{"damage":4,"enemies":"3 Louse","floor":13,"turns":4},{"damage":11,"enemies":"2 Fungi Beasts","floor":14,"turns":4},{"damage":9,"enemies":"Blue Slaver","floor":15,"turns":4},{"damage":47,"enemies":"downfall:Silent","floor":16,"turns":6},{"damage":17,"enemies":"Shell Parasite","floor":19,"turns":5},{"damage":14,"enemies":"Spheric Guardian","floor":20,"turns":3},{"damage":13,"enemies":"downfall:FleeingMerchant","floor":21,"turns":4},{"damage":27,"enemies":"Cultist and Chosen","floor":25,"turns":6},{"damage":11,"enemies":"Snake Plant","floor":26,"turns":3},{"damage":16,"enemies":"Chosen and Byrds","floor":27,"turns":5},{"damage":11,"enemies":"Centurion and Healer","floor":29,"turns":5},{"damage":5,"enemies":"downfall:FaceTrader","floor":31,"turns":4},{"damage":10,"enemies":"Snake Plant","floor":32,"turns":3},{"damage":31,"enemies":"downfall:Defect","floor":33,"turns":5},{"damage":28,"enemies":"3 Shapes","floor":38,"turns":6},{"damage":22,"enemies":"downfall:FleeingMerchant","floor":40,"turns":4},{"damage":20,"enemies":"downfall:FleeingMerchant","floor":42,"turns":3},{"damage":30,"enemies":"3 Darklings","floor":45,"turns":3},{"damage":13,"enemies":"Jaw Worm Horde","floor":46,"turns":4},{"damage":41,"enemies":"Maw","floor":49,"turns":6},{"damage":34,"enemies":"downfall:Ironclad","floor":50,"turns":9},{"damage":178,"enemies":"downfall:CharBossMerchant","floor":52,"turns":8}],"seed_played":"-477872160437798360","potions_obtained":[{"floor":4,"key":"Energy Potion"},{"floor":8,"key":"Regen Potion"},{"floor":9,"key":"Swift Potion"},{"floor":10,"key":"SkillPotion"},{"floor":16,"key":"Fire Potion"},{"floor":23,"key":"Ancient Potion"},{"floor":26,"key":"Slimebound:SpawnSlimePotion"}],"is_trial":false,"path_per_floor":["R","M","M","M","?","R","T","M","E","M","?","R","M","M","M","B",null,"R","M","M","$","?","?","T","M","M","M","R","M","R","?","M","B",null,"R","?","?","M","?","$","T","$","T","R","M","M","$","T","M","B",null,"E"],"character_chosen":"SLIMEBOUND","items_purchased":["ClockworkSouvenir","Toy Ornithopter","PrismaticShard","Lantern","Slimebound:LeadByExample","EntropicBrew","Slimebound:MaxSlimesRelic"],"campfire_rested":0,"item_purchase_floors":[21,40,42,42,42,42,47],"current_hp_per_floor":[60,59,60,59,59,59,59,46,42,40,40,50,54,63,69,41,70,70,69,70,70,58,58,58,55,56,68,68,75,75,75,76,64,82,82,82,82,81,81,82,82,85,85,85,80,87,87,87,77,89,89,0,0,0],"gold":90,"neow_bonus":"UPGRADE_CARD","is_daily":false,"chose_seed":false,"campfire_upgraded":7,"win_rate":0.0,"timestamp":1608680046,"path_taken":["R","M","M","M","?","R","T","?","E","M","?","R","M","?","M","BOSS","R","M","M","$","?","?","T","M","M","?","R","M","R","?","M","BOSS","R","?","?","M","?","$","T","$","?","R","M","?","$","?","M","BOSS","E"],"items_purchased_type":["Relic","Relic","Relic","Relic","Card","Potion","Relic"],"build_version":"2020-12-13","purchased_purges":2,"victory":false,"max_hp_per_floor":[60,60,60,60,60,60,60,60,60,60,60,70,70,70,70,70,70,70,70,70,70,75,75,75,75,75,75,75,75,75,75,76,77,82,82,82,82,83,83,84,84,85,85,85,86,87,87,87,88,89,89,89,89,89],"relic_stats":{"SsserpentHead":300,"FaceOfCleric":9,"counters":[28,121],"MealTicket":4,"Turnip":[3],"obtain_stats":[{"Lantern":42,"Tiny House":34,"downfall:HeartBlessingRed":28,"Oddly Smooth Stone":48,"downfall:HeartBlessingGreen":12,"GremlinMask":31,"PrismaticShard":42,"Slimebound:TarBlob":17,"ClockworkSouvenir":21,"SsserpentHead":31,"Slimebound:MaxSlimesRelic":47,"FaceOfCleric":31,"downfall:HeartBlessingBlue":12,"MealTicket":24,"CultistMask":31,"Turnip":43,"Slimebound:AbsorbEndCombat":0,"downfall:CloakOfManyFaces":31,"TungstenRod":9,"Toy Ornithopter":40,"NlothsMask":31},{"Lantern":23,"Tiny House":20,"downfall:HeartBlessingRed":16,"Oddly Smooth Stone":25,"downfall:HeartBlessingGreen":6,"GremlinMask":18,"PrismaticShard":23,"Slimebound:TarBlob":10,"ClockworkSouvenir":13,"SsserpentHead":18,"Slimebound:MaxSlimesRelic":25,"FaceOfCleric":18,"downfall:HeartBlessingBlue":6,"MealTicket":13,"CultistMask":18,"Turnip":23,"Slimebound:AbsorbEndCombat":0,"downfall:CloakOfManyFaces":18,"TungstenRod":5,"Toy Ornithopter":22,"NlothsMask":18},{"Lantern":92,"Tiny House":79,"downfall:HeartBlessingRed":62,"Oddly Smooth Stone":99,"downfall:HeartBlessingGreen":19,"GremlinMask":71,"PrismaticShard":92,"Slimebound:TarBlob":36,"ClockworkSouvenir":48,"SsserpentHead":71,"Slimebound:MaxSlimesRelic":99,"FaceOfCleric":71,"downfall:HeartBlessingBlue":19,"MealTicket":48,"CultistMask":71,"Turnip":92,"Slimebound:AbsorbEndCombat":0,"downfall:CloakOfManyFaces":71,"TungstenRod":17,"Toy Ornithopter":89,"NlothsMask":71}],"TungstenRod":110,"Toy Ornithopter":33},"card_choices":[{"not_picked":["Slimebound:AcidTongue","Slimebound:SplitBruiser"],"picked":"Slimebound:SamplingLick","floor":2},{"not_picked":["Slimebound:SplitMire","Slimebound:SlimeSpikes"],"picked":"Slimebound:GoopSpray","floor":3},{"not_picked":["Slimebound:DivideAndConquer","Slimebound:AcidTongue"],"picked":"Slimebound:Schlurp","floor":4},{"not_picked":["Slimebound:ServeAndProtect","Slimebound:BestDefense"],"picked":"Slimebound:Equalize","floor":8},{"not_picked":["Slimebound:GoopSpray","Slimebound:Dissolve"],"picked":"Slimebound:GrowthPunch","floor":9},{"not_picked":["Slimebound:SplitAcid","Slimebound:LivingWall"],"picked":"Slimebound:RainOfGoop","floor":10},{"not_picked":["Slimebound:Equalize","Slimebound:FormOfPuddle"],"picked":"Slimebound:RejuvenatingLick","floor":13},{"not_picked":["Slimebound:FinishingTackle","Slimebound:SplitLeeching"],"picked":"Slimebound:LeechEnergy","floor":14},{"not_picked":["Slimebound:FlameTackle","Slimebound:SplitAcid"],"picked":"Slimebound:SlimeSpikes","floor":15},{"not_picked":["Slimebound:GoopSpray","Slimebound:LeechEnergy","Slimebound:Equalize"],"picked":"SKIP","floor":19},{"not_picked":["Slimebound:Dissolve","Slimebound:SplitBruiser","Slimebound:LeechEnergy+1"],"picked":"SKIP","floor":20},{"not_picked":["Slimebound:ComboTackle","Slimebound:GoopTackle"],"picked":"Slimebound:LeechingTouch","floor":21},{"not_picked":["Slimebound:Schlurp+1","Slimebound:PressTheAttack"],"picked":"Slimebound:SamplingLick+1","floor":25},{"not_picked":["Slimebound:DisruptingSlam","Slimebound:ComboTackle"],"picked":"Slimebound:FormOfPuddle+1","floor":26},{"not_picked":["Slimebound:HauntingLick+1","Slimebound:MinionMaster"],"picked":"Slimebound:SlimeTap+1","floor":27},{"not_picked":["Slimebound:TongueLash","Slimebound:SplitLeeching","Slimebound:GrowthPunch+1"],"picked":"SKIP","floor":29},{"not_picked":["Slimebound:ServeAndProtect","Slimebound:SplitMire"],"picked":"Slimebound:ViciousTackle+1","floor":31},{"not_picked":["Slimebound:ComboTackle","Slimebound:SlimeSlap"],"picked":"Slimebound:HauntingLick+1","floor":32},{"not_picked":["Slimebound:SplitAcid+1","Slimebound:ViciousTackle"],"picked":"Slimebound:ProtectTheBoss","floor":34},{"not_picked":["Slimebound:HauntingLick","Slimebound:SplitBruiser","Slimebound:GrowthPunch"],"picked":"SKIP","floor":38},{"not_picked":["Slimebound:DivideAndConquer+1","Slimebound:SlimeSpikes+1"],"picked":"Slimebound:SplitLeeching+1","floor":40},{"not_picked":["Slimebound:GoopSpray","Slimebound:DisruptingSlam+1","Slimebound:SplitBruiser+1"],"picked":"SKIP","floor":42},{"not_picked":["hexamod:RadiantFlame","Genetic Algorithm","Iron Wave+1"],"picked":"SKIP","floor":45},{"not_picked":["Slimebound:SplitMire+1","Slimebound:Schlurp","Infernal Blade"],"picked":"SKIP","floor":46},{"not_picked":["Gash","champ:BladeFlurry","sneckomod:SlitherStrike+1"],"picked":"SKIP","floor":49}],"player_experience":1595050,"relics_obtained":[{"floor":9,"key":"TungstenRod"},{"floor":24,"key":"MealTicket"},{"floor":31,"key":"downfall:CloakOfManyFaces"},{"floor":43,"key":"Turnip"},{"floor":48,"key":"Oddly Smooth Stone"}],"event_choices":[{"damage_healed":0,"gold_gain":0,"player_choice":"Ignored","damage_taken":0,"max_hp_gain":0,"max_hp_loss":0,"event_name":"NoteForYourself","floor":5,"gold_loss":0},{"cards_removed":["Slimebound:Strike_Slimebound"],"damage_healed":0,"gold_gain":0,"player_choice":"Purged","damage_taken":0,"max_hp_gain":0,"max_hp_loss":0,"event_name":"Purifier","floor":11,"gold_loss":0},{"damage_healed":0,"gold_gain":0,"player_choice":"Got Potions","damage_taken":0,"max_hp_gain":0,"max_hp_loss":0,"event_name":"Lab","floor":23,"gold_loss":0},{"cards_removed":["Slimebound:ProtectTheBoss"],"damage_healed":0,"gold_gain":0,"player_choice":"Removed Power","damage_taken":0,"max_hp_gain":0,"max_hp_loss":0,"event_name":"Falling","floor":39,"gold_loss":0}],"is_beta":false,"boss_relics":[{"not_picked":["Philosopher\u0027s Stone","Runic Dome"],"picked":"Slimebound:TarBlob"},{"not_picked":["Snecko Eye","SacredBark"],"picked":"Tiny House"}],"items_purged_floors":[40,42],"is_endless":false,"potions_floor_spawned":[4,8,9,10,16,19,26,29,38,45],"killed_by":"downfall:CharBossMerchant","ascension_level":0}}