{"host":"5trcja4hacd149zc","time":1608602046,"event":{"mods":["BaseMod","Colored Map","GifTheSpireLib","Minty Spire (QoL Compilation)","Relic Stats","StSLib"],"gold_per_floor":[110,110,122,133,133,133,147,147,147,178,15,42,42,18,18,18,18],"floor_reached":16,"playtime":385,"items_purged":[],"score":216,"play_id":"863a0ec7-bead-4b1f-97d7-2ada6a64286b","local_time":"20201221195406","is_ascension_mode":true,"campfire_choices":[{"data":"All Out Attack","floor":6,"key":"SMITH"},{"data":"Noxious Fumes","floor":8,"key":"SMITH"},{"data":"Crippling Poison","floor":15,"key":"SMITH"}],"circlet_count":0,"master_deck":["AscendersBane","Strike_G","Strike_G","Strike_G","Defend_G","Defend_G","Defend_G","Defend_G","Defend_G","Survivor","Neutralize","Quick Slash","Infinite Blades","All Out Attack+1","Noxious Fumes+1","Leg Sweep","Crippling Poison+1","Poisoned Stab"],"relics":["Ring of the Snake","NeowsBlessing","Boot","White Beast Statue","Bag of Preparation","The Courier"],"acts_visited":["Exordium"],"potions_floor_usage":[10,12,16],"damage_taken":[{"damage":0.0,"enemies":"Jaw Worm","floor":1.0,"turns":1.0},{"damage":0,"enemies":"Cultist","floor":3,"turns":1},{"damage":0,"enemies":"2 Louse","floor":4,"turns":1},{"damage":9,"enemies":"Exordium Wildlife","floor":7,"turns":4},{"damage":18,"enemies":"Lagavulin","floor":10,"turns":7},{"damage":20,"enemies":"3 Sentries","floor":12,"turns":6},{"damage":28,"enemies":"Slime Boss","floor":16,"turns":9}],"seed_played":"4455499206376697406","potions_obtained":[{"floor":3,"key":"ColorlessPotion"},{"floor":10,"key":"AttackPotion"},{"floor":12,"key":"LiquidMemories"}],"is_trial":false,"path_per_floor":["M","?","M","M","?","R","M","R","T","E","$","E","?","$","R","B"],"character_chosen":"THE_SILENT","items_purchased":["Bag of Preparation","Poisoned Stab"],"campfire_rested":0,"item_purchase_floors":[11,14],"current_hp_per_floor":[59,59,59,59,52,52,43,43,43,25,25,5,27,27,27,0,0],"gold":18,"neow_bonus":"THREE_ENEMY_KILL","is_daily":false,"chose_seed":false,"campfire_upgraded":3,"win_rate":0.0,"timestamp":1608602046,"path_taken":["M","?","?","?","?","R","M","R","T","E","$","E","?","?","R","BOSS"],"items_purchased_type":["Relic","Card"],"build_version":"2020-12-13","purchased_purges":0,"victory":false,"max_hp_per_floor":[66,66,66,66,66,66,66,66,66,66,66,66,66,66,66,66,66],"relic_stats":{"counters":[7,29],"Bag of Preparation":[4],"Boot":[43],"obtain_stats":[{"NeowsBlessing":0,"The Courier":12,"Bag of Preparation":11,"Boot":9,"White Beast Statue":10,"Ring of the Snake":0},{"NeowsBlessing":0,"The Courier":6,"Bag of Preparation":5,"Boot":4,"White Beast Statue":5,"Ring of the Snake":0},{"NeowsBlessing":0,"The Courier":20,"Bag of Preparation":14,"Boot":7,"White Beast Statue":14,"Ring of the Snake":0}],"Ring of the Snake":[14]},"card_choices":[{"not_picked":["Well Laid Plans","Dodge and Roll"],"picked":"Quick Slash","floor":1},{"not_picked":["Bane","Slice"],"picked":"Infinite Blades","floor":3},{"not_picked":["Sucker Punch","Distraction"],"picked":"All Out Attack","floor":4},{"not_picked":["Outmaneuver","Sucker Punch"],"picked":"Noxious Fumes","floor":7},{"not_picked":["Concentrate","Dagger Throw"],"picked":"Leg Sweep","floor":10},{"not_picked":["Dagger Spray","Masterful Stab"],"picked":"Crippling Poison","floor":12}],"player_experience":755432,"relics_obtained":[{"floor":9,"key":"Boot"},{"floor":10,"key":"White Beast Statue"},{"floor":12,"key":"The Courier"}],"event_choices":[{"cards_removed":["Strike_G"],"damage_healed":0,"gold_gain":0,"player_choice":"Offered Basic","damage_taken":0,"max_hp_gain":0,"max_hp_loss":0,"event_name":"Bonfire Elementals","floor":2,"gold_loss":0},{"cards_removed":["Strike_G"],"damage_healed":0,"gold_gain":0,"player_choice":"Card Removal","damage_taken":7,"max_hp_gain":0,"max_hp_loss":0,"event_name":"Golden Wing","floor":5,"gold_loss":0},{"damage_healed":22,"gold_gain":0,"player_choice":"Banana","damage_taken":0,"max_hp_gain":0,"max_hp_loss":0,"event_name":"Big Fish","floor":13,"gold_loss":0}],"is_beta":false,"boss_relics":[],"items_purged_floors":[],"is_endless":false,"potions_floor_spawned":[3,10,12],"killed_by":"Slime Boss","ascension_level":20}}