{"host":"pszcj3piwl6eu8b1","time":1608659932,"event":{"mods":["2.2 Compatiblity","Act Like it!","Aspiration","BaseMod","Better Altar","Better Match","Better Note","Better Sensory Stone","Better Skull","Better Third Choice","Better Vampires","CCEM","CapriCore","Energized Spire","Gensokyo","GifTheSpireLib","Hallownest","Hermit","Hubris","Marisa????????","Marked Mod","Minty Spire (QoL Compilation)","Permanent Neow","Quarter Circle Forward PUNCH!","Quick Restart","Replay The Spire","Shop Mod","StSLib","Stuff the Spire","The Animator","The Blue Laboratory","The Immortal"],"gold_per_floor":[130,142,174,436,453,453,471,471,494,513,541,153,182,199,199,274,299,350,58,106,400,438,438,455,480,558,433,619,494,510,527,527,601,626,638,638,307,326,616,722,722,722,722,722,797,797,797,797],"floor_reached":47,"playtime":4927,"items_purged":[],"score":1007,"play_id":"129ddcfe-cabe-4910-9a42-aa179bfd2370","local_time":"20201222095852","is_ascension_mode":true,"campfire_choices":[{"data":"animator:IrohaTamaki","floor":6.0,"key":"SMITH"},{"floor":8.0,"key":"REST"},{"data":"animator:NagisaMomoe","floor":15.0,"key":"SMITH"},{"data":"animator:Strike","floor":23.0,"key":"PURGE"},{"data":"animator:Strike","floor":32.0,"key":"PURGE"},{"data":"animator:Tet","floor":41.0,"key":"SMITH"},{"data":"Gensokyo:GreaterSplit","floor":46.0,"key":"SMITH"}],"circlet_count":0,"master_deck":["AscendersBane","animator:Strike_MadokaMagica","animator:Defend_MadokaMagica","animator:Strike+1","animator:Defend","animator:Defend","animator:IrohaTamaki+1","animator:YuiTsuruno","animator:MamiTomoe","animator:Kyubey+1","animator:Eve+1","animator:GoblinSlayer+1","animator:NagisaMomoe+1","animator:YuiTsuruno+1","animator:Ara","animator:Elsword","animator:YachiyoNanami","animator:Gilgamesh+15","animator:Tet+1","animator:DolaStephanie","animator:IzunaHatsuse","animator:IrohaTamaki","animator:FeridBathory+1","animator:Shiro+1","animator:Guren+1","animator:SayakaMiki","animator:MadokaKaname+1","animator:Elesis+1","animator:GoblinSlayer+1","animator:SuzuneAmano","animator:YachiyoNanami","animator:Shizu","animator:WinryRockbell","animator:Togame","animator:ChlammyZell+1","Gensokyo:GreaterSplit+1","Doubt"],"relics":["animator:LivingPicture","animator:TheMissingPiece","animator:PurgingStone","StuffTheSpire:Barrel","CCEMRelics:WrappedPresent","animator:HallowedScabbard","energizedSpire:SpiderWeb","Art of War","Runic Capacitor","Peace Pipe","qcfpunch:Army_Boots","CloakClasp","hubris:Towel","Whetstone","Black Star","ReplayTheSpireMod:CursedCoin","Frozen Eye","Strange Spoon","hubris:MedicalManual","CCEMRelics:TinyMinotavrHorn","StuffTheSpire:OldFever","aspiration:ChemicalBlood"],"acts_visited":["Gensokyo:Gensokyo","Gensokyo:Gensokyoer","Gensokyo:Gensokyoest"],"potions_floor_usage":[47],"damage_taken":[{"damage":11.0,"enemies":"Gensokyo:Gryphon","floor":1.0,"turns":4.0},{"damage":2.0,"enemies":"Gensokyo:Python","floor":3.0,"turns":3.0},{"damage":0.0,"enemies":"Gensokyo:2_Kodama","floor":5.0,"turns":3.0},{"damage":7.0,"enemies":"Gensokyo:CorruptedTreant","floor":7.0,"turns":3.0},{"damage":0.0,"enemies":"Gensokyo:LivingMonolith","floor":10.0,"turns":2.0},{"damage":1.0,"enemies":"Gensokyo:Cirno","floor":11.0,"turns":6.0},{"damage":20.0,"enemies":"Gensokyo:5_Fairies","floor":13.0,"turns":5.0},{"damage":3.0,"enemies":"Gensokyo:2_Rabbits","floor":14.0,"turns":4.0},{"damage":16.0,"enemies":"Gensokyo:Yukari","floor":16.0,"turns":9.0},{"damage":18.0,"enemies":"Gensokyo:Chomper","floor":18.0,"turns":5.0},{"damage":36.0,"enemies":"Gensokyo:3_Dogs","floor":20.0,"turns":5.0},{"damage":31.0,"enemies":"Gensokyo:3_Gloops","floor":21.0,"turns":7.0},{"damage":26.0,"enemies":"Gensokyo:Monolith_and_Dog","floor":22.0,"turns":4.0},{"damage":5.0,"enemies":"Gensokyo:Slime_Group","floor":24.0,"turns":3.0},{"damage":1.0,"enemies":"Gensokyo:Mirror_and_Dog","floor":28.0,"turns":4.0},{"damage":22.0,"enemies":"Gensokyo:Wraith","floor":30.0,"turns":4.0},{"damage":2.0,"enemies":"Gensokyo:3_Gloops","floor":31.0,"turns":4.0},{"damage":21.0,"enemies":"Gensokyo:Kaguya","floor":33.0,"turns":7.0},{"damage":2.0,"enemies":"Gensokyo:AncientGuardian","floor":35.0,"turns":7.0},{"damage":24.0,"enemies":"Gensokyo:3_Boulders","floor":38.0,"turns":6.0},{"damage":29.0,"enemies":"Gensokyo:4_Bats","floor":39.0,"turns":5.0},{"damage":40.0,"enemies":"Gensokyo:Kasen","floor":40.0,"turns":5.0},{"damage":22,"enemies":"Gensokyo:Doremy","floor":47,"turns":2}],"seed_played":"8444527048458901233","potions_obtained":[{"floor":3.0,"key":"SpeedPotion"},{"floor":5.0,"key":"blueLaboratory:BottleOfVodka"},{"floor":7.0,"key":"blueLaboratory:ImpenetrablePotion"},{"floor":16.0,"key":"LiquidBronze"},{"floor":20.0,"key":"blueLaboratory:PhilterOfMotion"},{"floor":21.0,"key":"SteroidPotion"},{"floor":22.0,"key":"blueLaboratory:NullPotion"},{"floor":39.0,"key":"blueLaboratory:HorrorPotion"}],"is_trial":false,"path_per_floor":["M","?","M","?","M","R","M","R","T","M","E","COS","M","M","R","B",null,"M","COS","M","M","M","R","M","?","T","?","M","?","M","M","R","B",null,"M","?","COS","M","M","E","R","?","PTL","PTL","T","R","E"],"character_chosen":"THE_ANIMATOR","items_purchased":[],"campfire_rested":1,"item_purchase_floors":[],"current_hp_per_floor":[43,44,42,15,15,15,8,26,26,27,26,36,23,21,21,5,52,39,39,12,47,28,28,23,23,23,24,23,26,24,34,34,35,64,62,48,48,37,29,11,11,11,11,11,11,11,0,0],"gold":797,"neow_bonus":"REMOVE_CARD","is_daily":false,"chose_seed":false,"campfire_upgraded":4,"win_rate":0.0,"timestamp":1608659932,"path_taken":["M","?","M","?","M","R","M","R","T","M","E","COS","M","M","R","BOSS","M","COS","M","?","M","R","M","?","T","?","M","?","M","M","R","BOSS","M","?","COS","M","M","E","R","?","PTL","PTL","T","R","E"],"items_purchased_type":[],"build_version":"2020-12-13","purchased_purges":0,"victory":false,"max_hp_per_floor":[60,61,61,61,61,61,61,61,61,62,62,67,67,68,68,68,68,69,69,69,69,69,69,69,69,69,70,70,73,73,73,73,73,73,73,73,73,73,73,73,73,73,73,73,73,73,73,73],"card_choices":[{"not_picked":["animator:Ara","animator:MetalKnight"],"picked":"animator:MamiTomoe","floor":1.0},{"not_picked":["animator:Envy+1","animator:Eris+1"],"picked":"animator:Kyubey+1","floor":2.0},{"not_picked":["animator:GoblinSlayer+1","animator:Guren+1"],"picked":"animator:Eve+1","floor":2.0},{"not_picked":["animator:Shizu+1","animator:ChaikaTrabant+1"],"picked":"animator:GoblinSlayer+1","floor":2.0},{"not_picked":["animator:Fredrika","animator:Spearman"],"picked":"animator:NagisaMomoe","floor":3.0},{"not_picked":["animator:ElricAlphonse","animator:MetalKnight","animator:Jibril"],"picked":"SKIP","floor":5.0},{"not_picked":["animator:IrohaTamaki","animator:NagisaMomoe"],"picked":"animator:YuiTsuruno","floor":7.0},{"not_picked":["animator:Gillette","animator:Raven"],"picked":"animator:Ara","floor":10.0},{"not_picked":["animator:Geryuganshoop","animator:Assassin","animator:Nanami"],"picked":"SKIP","floor":11.0},{"not_picked":["animator:Assassin","animator:Elsword","animator:Gillette"],"picked":"SKIP","floor":13.0},{"not_picked":["animator:Assassin","animator:Gillette"],"picked":"animator:Elsword","floor":13.0},{"not_picked":["animator:IrohaTamaki","animator:NagisaMomoe"],"picked":"animator:YachiyoNanami","floor":14.0},{"not_picked":["animator:PinaCoLada","animator:Eve"],"picked":"animator:Gilgamesh","floor":16.0},{"not_picked":["animator:MamiTomoe","animator:Pride+1"],"picked":"animator:Tet","floor":18.0},{"not_picked":["animator:Ainz","animator:Saitama"],"picked":"animator:DolaStephanie","floor":18.0},{"not_picked":["animator:Genos","animator:LizardPriest+1"],"picked":"animator:IzunaHatsuse","floor":20.0},{"not_picked":["animator:Rena+1","animator:Shigure","animator:RoryMercury+1"],"picked":"SKIP","floor":20.0},{"not_picked":["animator:LizardPriest","animator:Assassin","animator:Scar"],"picked":"SKIP","floor":21.0},{"not_picked":["animator:NagisaMomoe","animator:YachiyoNanami"],"picked":"animator:IrohaTamaki","floor":22.0},{"not_picked":["animator:YunYun","animator:Fredrika","animator:Azekura"],"picked":"SKIP","floor":24.0},{"not_picked":["animator:Guren+1","animator:Wiz+1"],"picked":"animator:FeridBathory+1","floor":27.0},{"not_picked":["animator:ItamiYouji+1","animator:Greed+1"],"picked":"animator:Shiro+1","floor":27.0},{"not_picked":["animator:Ainz+1","animator:SwordMaiden+1"],"picked":"animator:Guren+1","floor":27.0},{"not_picked":["animator:Emonzaemon","animator:Kaijin"],"picked":"animator:SayakaMiki","floor":28.0},{"not_picked":["animator:Boros+1","animator:Shizu+1"],"picked":"animator:MadokaKaname+1","floor":29.0},{"not_picked":["animator:Greed+1","animator:Gilgamesh+1"],"picked":"animator:Elesis+1","floor":29.0},{"not_picked":["animator:AcuraShin+1","animator:Guren+1"],"picked":"animator:GoblinSlayer+1","floor":29.0},{"not_picked":["animator:Shinoa","animator:KrulTepes"],"picked":"animator:SuzuneAmano","floor":30.0},{"not_picked":["animator:Shinoa","animator:DolaSchwi"],"picked":"animator:YachiyoNanami","floor":31.0},{"not_picked":["animator:HigakiRinne","animator:Shiro"],"picked":"animator:Shizu","floor":33.0},{"not_picked":["animator:TsurugaMeisai","animator:GuildGirl"],"picked":"animator:WinryRockbell","floor":35.0},{"not_picked":["animator:RoryMercury","animator:Elsword+1","animator:Aqua"],"picked":"SKIP","floor":38.0},{"not_picked":["animator:TukaLunaMarceau","animator:MaesHughes"],"picked":"animator:Togame","floor":39.0},{"not_picked":["animator:Raven+1","animator:Laby+1"],"picked":"animator:ChlammyZell+1","floor":39.0},{"not_picked":["animator:HiiragiShinya","animator:LeleiLaLalena","animator:ElricAlphonse"],"picked":"SKIP","floor":40.0}],"player_experience":1482318,"relics_obtained":[{"floor":11.0,"key":"StuffTheSpire:Barrel"},{"floor":12.0,"key":"animator:HallowedScabbard"},{"floor":26.0,"key":"Whetstone"},{"floor":40.0,"key":"CCEMRelics:TinyMinotavrHorn"},{"floor":40.0,"key":"StuffTheSpire:OldFever"},{"floor":45.0,"key":"aspiration:ChemicalBlood"}],"event_choices":[{"damage_healed":0.0,"max_hp_gain":0.0,"max_hp_loss":0.0,"gold_gain":0.0,"event_name":"betterMatch:BetterMatch","player_choice":"3","floor":2.0,"gold_loss":0.0,"damage_taken":0.0,"cards_obtained":["betterMatch:RareCard"]},{"damage_healed":0.0,"max_hp_gain":0.0,"max_hp_loss":0.0,"gold_gain":262.0,"event_name":"betterSkull:BetterSkull","player_choice":"GO GO GO ","floor":4.0,"gold_loss":0.0,"damage_taken":30.0,"cards_upgraded":[],"relics_obtained":[]},{"damage_healed":0.0,"max_hp_gain":0.0,"max_hp_loss":0.0,"gold_gain":0.0,"event_name":"betterMatch:BetterMatch","player_choice":"3","floor":27.0,"gold_loss":0.0,"damage_taken":0.0,"cards_obtained":["betterMatch:RareCard"]},{"damage_healed":0.0,"max_hp_gain":0.0,"max_hp_loss":0.0,"gold_gain":0.0,"event_name":"betterMatch:BetterMatch","player_choice":"3","floor":29.0,"gold_loss":0.0,"damage_taken":0.0,"cards_obtained":["betterMatch:RareCard"]}],"is_beta":false,"boss_relics":[{"not_picked":["energizedSpire:EnergizedDie","CCEMRelics:TransientCore"],"picked":"energizedSpire:SpiderWeb"},{"not_picked":["aspiration:FutureDiary","Pandora\u0027s Box"],"picked":"Black Star"}],"items_purged_floors":[],"is_endless":false,"potions_floor_spawned":[3,5,7,16,18,20,21,22,39],"killed_by":"Gensokyo:Doremy","ascension_level":20}}