{"host":"88gj1a6q1iuldet9","time":1608631850,"event":{"mods":["BaseMod","BetterRewards","Conspire","Downfall","Energized Spire","GungeonMod","Hubris","KomeijiMod","Magitek Elite","Minty Spire (QoL Compilation)","Quick Restart","Replay The Spire","Robot Space Explorer","Shop Mod","StSLib","Td1madao Mod","The Clintock","The Hayseed","The Judge","The Mystic","The Necromancer","The Problem Sleuth","The Runesmith","The Sage","The Vixen","TheArtist","Wandering Minibosses"],"gold_per_floor":[109,125,125,137,148,148,148],"floor_reached":6,"playtime":14587,"items_purged":[],"score":38,"play_id":"ec21720d-6500-4933-8c3c-28cc01a18932","local_time":"20201222051050","is_ascension_mode":false,"campfire_choices":[],"circlet_count":0,"master_deck":["Strike_C","Strike_C","Strike_C","Strike_C","Defend_C","Defend_C","Defend_C","Defend_C","Knight Kick","Chip","Floating Swing Kick","Sub Weapons","Twin Teeth","Preloading"],"relics":["Apod","NeowsBlessing","GremlinMask"],"acts_visited":["Exordium"],"potions_floor_usage":[6,6],"damage_taken":[{"damage":0.0,"enemies":"Small Slimes","floor":1.0,"turns":1.0},{"damage":0.0,"enemies":"Cultist","floor":2.0,"turns":1.0},{"damage":0.0,"enemies":"Jaw Worm","floor":4.0,"turns":1.0},{"damage":4.0,"enemies":"Gremlin Gang","floor":5.0,"turns":5.0},{"damage":1,"enemies":"3 Sentries","floor":6,"turns":2}],"seed_played":"-1861709272122551677","potions_obtained":[{"floor":1.0,"key":"hexamod:EctoCoolerPotion"},{"floor":2.0,"key":"BlessingOfTheForge"}],"is_trial":false,"path_per_floor":["M","M","?","M","M","E"],"character_chosen":"TD1MADAO_CLASS","items_purchased":[],"campfire_rested":0,"item_purchase_floors":[],"current_hp_per_floor":[70,70,70,70,66,65,65],"gold":148,"neow_bonus":"THREE_ENEMY_KILL","is_daily":false,"chose_seed":false,"campfire_upgraded":0,"win_rate":0.0,"timestamp":1608631850,"path_taken":["M","M","?","?","M","E"],"items_purchased_type":[],"build_version":"2020-12-13","purchased_purges":0,"victory":false,"max_hp_per_floor":[70,70,70,70,70,70,70],"card_choices":[{"not_picked":["Sudden Beat","Resistance"],"picked":"Floating Swing Kick","floor":1.0},{"not_picked":["Light Attack","Oblique Hack"],"picked":"Sub Weapons","floor":2.0},{"not_picked":["Bugfix","Fire Up"],"picked":"Twin Teeth","floor":4.0},{"not_picked":["Fixing","Load Balancing"],"picked":"Preloading","floor":5.0}],"player_experience":892480,"relics_obtained":[],"event_choices":[{"damage_healed":0.0,"max_hp_gain":0.0,"max_hp_loss":0.0,"gold_gain":0.0,"event_name":"FaceTrader","player_choice":"Trade","floor":3.0,"gold_loss":0.0,"damage_taken":0.0,"relics_obtained":["GremlinMask"]}],"is_beta":false,"boss_relics":[],"items_purged_floors":[],"is_endless":false,"potions_floor_spawned":[1,2],"killed_by":"3 Sentries","ascension_level":0}}