{"host":"3srbdas3e7jgqz5l","time":1608646870,"event":{"mods":["BaseMod","Downfall","Minty Spire (QoL Compilation)","StSLib"],"gold_per_floor":[99,116,132,132,152,187,255,266,301,65,119,119,129,147,167,269,269,194,205,205,205,223,223,249,99,128,195,195,214,62,62,73,173,173,173,183,183,193,193,220,220,27,52,52,102,102,102,102,152,152,152,152,152],"floor_reached":52,"playtime":3197,"items_purged":["sneckomod:Strike","sneckomod:Strike","Guardian:Aged"],"score":858,"play_id":"b8a85748-e142-42c7-a56b-790b2469d259","local_time":"20201222142110","is_ascension_mode":false,"campfire_choices":[{"data":"sneckomod:SnekBite","floor":1.0,"key":"SMITH"},{"floor":18,"key":"RECALL"},{"data":"sneckomod:Unknown3Cost","floor":25,"key":"SMITH"},{"data":"sneckomod:UnknownRarePower","floor":28,"key":"SMITH"},{"data":"sneckomod:UnknownRareSkill","floor":35,"key":"SMITH"},{"data":"Injury","floor":47,"key":"PURGE"}],"circlet_count":0,"master_deck":["sneckomod:Defend","sneckomod:Defend","sneckomod:Defend","sneckomod:TailWhip","sneckomod:SnekBite+1","sneckomod:Unknown","sneckomod:Unknown","sneckomod:SnakeSap","sneckomod:SoulDraw+1","sneckomod:QuickMove","sneckomod:QuickBite","sneckomod:UnknownClassPURPLE","sneckomod:SlitherStrike","sneckomod:Restock","sneckomod:UnknownRarePower+1","sneckomod:SnekBeam","sneckomod:TrashToTreasure","sneckomod:Unknown3Cost+1","sneckomod:UnknownRareSkill+1","sneckomod:QuickMove+1","sneckomod:SnakeSap","sneckomod:UnknownUncommonPower+1","sneckomod:UnknownUncommonSkill+1","sneckomod:Mudshield+1","sneckomod:UnknownUncommonPower+1","sneckomod:UnknownX","Clumsy","sneckomod:SnakeSap","sneckomod:UnknownWeak+1","expansioncontent:ManipulateTime","sneckomod:WideSting+1"],"relics":["expansioncontent:StudyCardRelic","Orichalcum","Kunai","Centennial Puzzle","Tiny Chest","Strawberry","Black Star","downfall:HeartBlessingGreen","Frozen Egg 2","downfall:HeartBlessingRed","downfall:HeartBlessingBlue","Mango","Anchor","OrangePellets","HornCleat","Cursed Key","Peace Pipe","Ancient Tea Set","Blue Candle","Meat on the Bone","Blood Vial","Turnip"],"acts_visited":["Exordium","TheCity","TheBeyond","TheEnding"],"potions_floor_usage":[9,15,29,49,49,49,49,49],"damage_taken":[{"damage":0.0,"enemies":"Small Slimes","floor":2.0,"turns":2.0},{"damage":0.0,"enemies":"Cultist","floor":3.0,"turns":2.0},{"damage":0.0,"enemies":"2 Louse","floor":5.0,"turns":1.0},{"damage":14,"enemies":"Gremlin Nob","floor":6,"turns":3},{"damage":0,"enemies":"Gremlin Gang","floor":8,"turns":4},{"damage":5,"enemies":"Lagavulin","floor":9,"turns":5},{"damage":15,"enemies":"downfall:FleeingMerchant","floor":10,"turns":4},{"damage":0,"enemies":"Blue Slaver","floor":13,"turns":2},{"damage":11,"enemies":"Exordium Wildlife","floor":14,"turns":3},{"damage":0,"enemies":"Gremlin Gang","floor":15,"turns":2},{"damage":14,"enemies":"downfall:Ironclad","floor":16,"turns":6},{"damage":0,"enemies":"Shell Parasite","floor":19,"turns":5},{"damage":0,"enemies":"Spheric Guardian","floor":22,"turns":3},{"damage":12,"enemies":"Gremlin Leader","floor":26,"turns":4},{"damage":4,"enemies":"downfall:FleeingMerchant","floor":27,"turns":4},{"damage":15,"enemies":"Centurion and Healer","floor":29,"turns":5},{"damage":2,"enemies":"Chosen and Byrds","floor":32,"turns":5},{"damage":6,"enemies":"downfall:Watcher","floor":33,"turns":10},{"damage":0,"enemies":"Orb Walker","floor":36,"turns":4},{"damage":6,"enemies":"3 Darklings","floor":38,"turns":5},{"damage":26,"enemies":"Nemesis","floor":43,"turns":11},{"damage":8,"enemies":"2 Orb Walkers","floor":45,"turns":4},{"damage":30,"enemies":"Sphere and 2 Shapes","floor":49,"turns":6},{"damage":52,"enemies":"downfall:Defect","floor":50,"turns":5},{"damage":139,"enemies":"downfall:CharBossMerchant","floor":52,"turns":7}],"seed_played":"-8938207628608655504","potions_obtained":[{"floor":2.0,"key":"Swift Potion"},{"floor":6,"key":"sneckomod:OffclassReductionPotion"},{"floor":8,"key":"sneckomod:DiceRollPotion"},{"floor":9,"key":"Explosive Potion"},{"floor":15,"key":"EntropicBrew"},{"floor":32,"key":"sneckomod:DiceRollPotion"},{"floor":43,"key":"Energy Potion"}],"is_trial":false,"path_per_floor":["R","M","M","?","M","E","T","M","E","$","T","?","M","M","M","B",null,"R","M","T","?","M","?","T","R","E","$","R","M","$","T","M","B",null,"R","M","?","M","?","T","T","$","E","$","?","?","R","$","M","B",null,"E"],"character_chosen":"THE_SNECKO","items_purchased":["Tiny Chest","sneckomod:SnakeSap","sneckomod:UnknownUncommonPower+1","OrangePellets","sneckomod:SnakeSap"],"campfire_rested":0,"item_purchase_floors":[10,27,27,30,42],"current_hp_per_floor":[90,90,90,90,90,76,76,76,71,71,78,78,78,67,67,53,97,97,97,97,97,97,83,83,93,95,91,91,91,91,91,89,86,124,124,124,124,118,118,118,118,118,92,92,86,86,86,86,73,65,124,0,0],"gold":152,"neow_bonus":"BOSS_RELIC","is_daily":false,"chose_seed":false,"campfire_upgraded":4,"win_rate":0.0,"timestamp":1608646870,"path_taken":["R","M","M","?","M","E","T","M","E","$","?","?","?","M","M","BOSS","R","M","?","?","?","?","T","R","E","$","R","M","$","?","M","BOSS","R","M","?","?","?","?","T","$","E","$","?","?","R","?","M","BOSS","E"],"items_purchased_type":["Relic","Card","Card","Relic","Card"],"build_version":"2020-12-13","purchased_purges":3,"victory":false,"max_hp_per_floor":[90,90,90,90,90,90,90,90,90,90,97,97,97,97,97,97,97,97,97,97,97,97,97,97,107,121,121,121,121,121,121,121,124,124,124,124,124,124,124,124,124,124,124,124,124,124,124,124,124,124,124,124,124],"card_choices":[{"not_picked":["sneckomod:WideSting","sneckomod:SerpentIdol"],"picked":"sneckomod:SnakeSap","floor":2.0},{"not_picked":["sneckomod:UnknownStrike","sneckomod:Nope"],"picked":"sneckomod:SoulDraw","floor":3.0},{"not_picked":["sneckomod:DiceCrush","sneckomod:UnknownCommonAttack"],"picked":"sneckomod:QuickMove","floor":5.0},{"not_picked":["sneckomod:UnknownBlock","sneckomod:UnknownWeak"],"picked":"sneckomod:QuickBite","floor":6},{"not_picked":["sneckomod:DiceCrush","sneckomod:UnknownClassRED"],"picked":"sneckomod:UnknownClassPURPLE","floor":8},{"not_picked":["sneckomod:UnknownClassBLUE","sneckomod:SnekBeam"],"picked":"sneckomod:SlitherStrike","floor":9},{"not_picked":["sneckomod:UnknownVulnerable","sneckomod:UnknownStrike"],"picked":"sneckomod:Restock","floor":10},{"not_picked":["sneckomod:SlitherStrike","sneckomod:Nope","sneckomod:SoulDraw"],"picked":"SKIP","floor":13},{"not_picked":["sneckomod:DiceBlock","sneckomod:MasterEye"],"picked":"sneckomod:SnekBeam","floor":14},{"not_picked":["sneckomod:Unknown1Cost","sneckomod:UnknownWeak"],"picked":"sneckomod:TrashToTreasure","floor":15},{"not_picked":["sneckomod:MorePower","sneckomod:UnknownRarePower"],"picked":"sneckomod:Unknown3Cost","floor":16},{"not_picked":["sneckomod:WideSting","sneckomod:UnknownClassBLUE","sneckomod:IronFang"],"picked":"SKIP","floor":19},{"not_picked":["sneckomod:UnknownCommonSkill+1","sneckomod:Rotation","sneckomod:IronFang"],"picked":"SKIP","floor":22},{"not_picked":["sneckomod:CheapStock+1","sneckomod:UnknownBlock"],"picked":"sneckomod:UnknownRareSkill","floor":26},{"not_picked":["sneckomod:WideSting","sneckomod:DiceCrush+1"],"picked":"sneckomod:QuickMove+1","floor":27},{"not_picked":["sneckomod:MasterEye+1","sneckomod:ImprovisedGuard","sneckomod:Rotation"],"picked":"SKIP","floor":29},{"not_picked":["sneckomod:UnknownClassRED","sneckomod:SerpentIdol"],"picked":"sneckomod:UnknownUncommonSkill+1","floor":32},{"not_picked":["sneckomod:SoulExchange","sneckomod:Restock"],"picked":"sneckomod:Mudshield+1","floor":33},{"not_picked":["sneckomod:QuickMove","sneckomod:SoulRoll"],"picked":"sneckomod:UnknownUncommonPower+1","floor":36},{"not_picked":["sneckomod:UnknownStrike+1","sneckomod:UnknownExhaust+1","sneckomod:IronFang"],"picked":"SKIP","floor":38},{"not_picked":["sneckomod:QuickMove","sneckomod:UnknownClassHEXA_GHOST_PURPLE"],"picked":"sneckomod:UnknownWeak+1","floor":43},{"not_picked":["expansioncontent:DarkVoid","expansioncontent:Hexaburn"],"picked":"expansioncontent:ManipulateTime","floor":46},{"not_picked":["sneckomod:UnknownCommonSkill","sneckomod:DangerNoodle"],"picked":"sneckomod:WideSting+1","floor":49}],"player_experience":494477,"relics_obtained":[{"floor":6,"key":"Orichalcum"},{"floor":7,"key":"Kunai"},{"floor":9,"key":"Centennial Puzzle"},{"floor":11,"key":"Strawberry"},{"floor":20,"key":"Frozen Egg 2"},{"floor":26,"key":"Mango"},{"floor":26,"key":"Anchor"},{"floor":31,"key":"HornCleat"},{"floor":39,"key":"Peace Pipe"},{"floor":40,"key":"Ancient Tea Set"},{"floor":41,"key":"Blue Candle"},{"floor":43,"key":"Meat on the Bone"},{"floor":43,"key":"Blood Vial"},{"floor":45,"key":"Turnip"}],"event_choices":[{"damage_healed":0.0,"max_hp_gain":0.0,"max_hp_loss":0.0,"gold_gain":0.0,"event_name":"Upgrade Shrine","player_choice":"Upgraded","floor":4.0,"gold_loss":0.0,"damage_taken":0.0,"cards_upgraded":["sneckomod:SoulDraw"]},{"damage_healed":0,"gold_gain":0,"cards_transformed":["sneckomod:Strike"],"player_choice":"Transformed","damage_taken":0,"max_hp_gain":0,"max_hp_loss":0,"event_name":"Transmorgrifier","floor":37,"gold_loss":0,"cards_obtained":["sneckomod:UnknownX"]},{"damage_healed":0,"gold_gain":0,"player_choice":"Fight","damage_taken":0,"max_hp_gain":0,"max_hp_loss":0,"event_name":"Mysterious Sphere","floor":45,"gold_loss":0}],"is_beta":false,"boss_relics":[{"not_picked":["Sozu","Empty Cage"],"picked":"Black Star"},{"not_picked":["Busted Crown","Coffee Dripper"],"picked":"Cursed Key"}],"items_purged_floors":[10,27,42],"is_endless":false,"potions_floor_spawned":[2,6,8,9,15,19,26,32,43],"killed_by":"downfall:CharBossMerchant","ascension_level":0}}