{"host":"gj32n68c553yo87c","time":1608598321,"event":{"mods":["BaseMod","Downfall","Minty Spire (QoL Compilation)","Replay The Spire","StSLib","The Hierophant"],"gold_per_floor":[110,110,133,151,226,226,226,227,227,227,225,214,217,199,199,288,288,332,257,182,192,192,192,162,162,162,162,151,154,154,143,143,191,191,177,171,191,181,181,181],"floor_reached":39,"playtime":2301,"items_purged":["ReplayTheSpireMod:Doomed"],"score":556,"play_id":"8f2a6fac-df7c-431b-b82a-a80ed7f8cf7e","local_time":"20201221165201","is_ascension_mode":false,"campfire_choices":[{"data":"hierophant:Repentance","floor":7.0,"key":"SMITH"},{"data":"hierophant:PristineSoul","floor":10.0,"key":"SMITH"},{"floor":15.0,"key":"REST"},{"data":"hierophant:PassingBell","floor":23.0,"key":"SMITH"},{"data":"hierophant:Charity","floor":27.0,"key":"SMITH"},{"data":"hierophant:CursedGold","floor":30.0,"key":"SMITH"},{"floor":32,"key":"REST"}],"circlet_count":0,"master_deck":["hierophant:Punish","hierophant:Defend_Hierophant","hierophant:Defend_Hierophant","hierophant:Defend_Hierophant","hierophant:ChurchCoffers","hierophant:Doubloon","hierophant:Charity","hierophant:Repentance+1","hierophant:Doubloon","hierophant:Charity+1","hierophant:PristineSoul+1","hierophant:PassingBell+1","hierophant:Doubloon","hierophant:CursedGold+1","hierophant:Doubloon","hierophant:Generosity","Writhe","hierophant:Doubloon"],"relics":["hierophant:PropheticMaskRelic","NeowsBlessing","Bottled Lightning","Kintsugi","StoneCalendar","Shuriken","Pear","Runic Dome"],"acts_visited":["Exordium","TheCity","TheBeyond"],"potions_floor_usage":[31,35,39],"damage_taken":[{"damage":0.0,"enemies":"Cultist","floor":1.0,"turns":1.0},{"damage":0.0,"enemies":"Small Slimes","floor":3.0,"turns":1.0},{"damage":0.0,"enemies":"Jaw Worm","floor":4.0,"turns":1.0},{"damage":13.0,"enemies":"3 Louse","floor":8.0,"turns":2.0},{"damage":10.0,"enemies":"Looter","floor":11.0,"turns":3.0},{"damage":0.0,"enemies":"Exordium Wildlife","floor":12.0,"turns":2.0},{"damage":13.0,"enemies":"Lots of Slimes","floor":13.0,"turns":2.0},{"damage":0.0,"enemies":"2 Fungi Beasts","floor":14.0,"turns":3.0},{"damage":35.0,"enemies":"Fading Forest","floor":16.0,"turns":11.0},{"damage":0.0,"enemies":"Spheric Guardian","floor":18.0,"turns":2.0},{"damage":5.0,"enemies":"3 Byrds","floor":21.0,"turns":4.0},{"damage":17.0,"enemies":"Centurion and Healer","floor":24.0,"turns":3.0},{"damage":5.0,"enemies":"Chosen and Byrds","floor":28.0,"turns":4.0},{"damage":18.0,"enemies":"Cultist and Chosen","floor":29.0,"turns":7.0},{"damage":0,"enemies":"Snake Plant","floor":31,"turns":2},{"damage":39,"enemies":"Pondfish","floor":33,"turns":5},{"damage":11,"enemies":"Orb Walker","floor":35,"turns":3},{"damage":9,"enemies":"3 Darklings","floor":36,"turns":2},{"damage":30,"enemies":"4 Shapes","floor":37,"turns":4},{"damage":30,"enemies":"Transient","floor":38,"turns":5},{"damage":6,"enemies":"3 Darklings","floor":39,"turns":1}],"seed_played":"-7219285511407718502","potions_obtained":[{"floor":1.0,"key":"ColorlessPotion"},{"floor":4.0,"key":"DistilledChaos"},{"floor":11.0,"key":"Doom Potion"},{"floor":14.0,"key":"Adrenaline Potion"},{"floor":18.0,"key":"GamblersBrew"},{"floor":31,"key":"LifebloodPotion"},{"floor":33,"key":"champ:CounterPotion"},{"floor":36,"key":"EssenceOfSteel"}],"is_trial":false,"path_per_floor":["M","?","M","M","?","?","R","M","T","R","M","M","M","M","R","B",null,"M","$","?","M","?","R","M","T","T","R","M","M","R","M","R","B",null,"M","M","M","M","M"],"character_chosen":"HIEROPHANT","items_purchased":[],"campfire_rested":2,"item_purchase_floors":[],"current_hp_per_floor":[75,75,75,75,64,64,64,51,51,51,41,41,28,28,50,33,75,75,75,75,70,70,70,53,53,63,63,58,40,40,40,65,26,85,74,65,35,5,0,0],"gold":181,"neow_bonus":"THREE_ENEMY_KILL","is_daily":false,"chose_seed":false,"campfire_upgraded":5,"win_rate":0.0,"timestamp":1608598321,"path_taken":["M","?","M","M","?","?","R","M","T","R","M","M","M","M","R","BOSS","M","?","?","M","?","R","M","?","T","R","?","M","R","M","R","BOSS","M","M","M","?","M"],"items_purchased_type":[],"build_version":"2020-12-13","purchased_purges":1,"victory":false,"max_hp_per_floor":[75,75,75,75,75,75,75,75,75,75,75,75,75,75,75,75,75,75,75,75,75,75,75,75,75,85,85,85,85,85,85,85,85,85,85,85,85,85,85,85],"card_choices":[{"not_picked":["hierophant:ConvertCurrency","hierophant:SealAway"],"picked":"hierophant:Charity","floor":1.0},{"not_picked":["hierophant:Purify","hierophant:Martyrdom"],"picked":"hierophant:Repentance","floor":3.0},{"not_picked":["hierophant:Anathema","hierophant:PassingBell","hierophant:Upheaval"],"picked":"SKIP","floor":4.0},{"not_picked":["hierophant:Community","hierophant:Glossolalia"],"picked":"hierophant:PristineSoul","floor":8.0},{"not_picked":["hierophant:ThreeLashes","hierophant:RustyCrate"],"picked":"hierophant:PassingBell","floor":11.0},{"not_picked":["hierophant:AuricBeam","hierophant:FlamingChariot","hierophant:Community"],"picked":"SKIP","floor":12.0},{"not_picked":["hierophant:LocustPlague","hierophant:Remorse"],"picked":"hierophant:CursedGold","floor":13.0},{"not_picked":["hierophant:AuricShield","hierophant:Remorse","hierophant:RepressedViolence"],"picked":"SKIP","floor":14.0},{"not_picked":["hierophant:WrathOfGod","hierophant:Batter"],"picked":"hierophant:Generosity","floor":16.0},{"not_picked":["hierophant:FieryStrike","hierophant:Remorse","hierophant:MorningPrayer"],"picked":"SKIP","floor":18.0},{"not_picked":["hierophant:CoinFling","hierophant:PassingBell+1","hierophant:AuricBeam"],"picked":"SKIP","floor":21.0},{"not_picked":["hierophant:MorningPrayer","hierophant:PassingBell"],"picked":"hierophant:Doubloon","floor":24.0},{"not_picked":["hierophant:HolyVerse+1","hierophant:DisplayOfPower+1","hierophant:AuricForm"],"picked":"SKIP","floor":28.0},{"not_picked":["hierophant:FieryStrike+1","hierophant:Prophecy","hierophant:AuricBeam+1"],"picked":"SKIP","floor":29.0},{"not_picked":["hierophant:FieryStrike+1","hierophant:Prophecy","hierophant:AuricBeam+1"],"picked":"SKIP","floor":29.0},{"not_picked":["hierophant:DivineIntervention","hierophant:HammerAndAnvil","hierophant:Doomsaying+1"],"picked":"SKIP","floor":31},{"not_picked":["hierophant:Community+1","hierophant:Blessing+1","hierophant:MirrorShield"],"picked":"SKIP","floor":35},{"not_picked":["hierophant:OrnateJavelin+1","hierophant:DisplayOfPower+1","hierophant:Sermon"],"picked":"SKIP","floor":36},{"not_picked":["hierophant:AuricShield","hierophant:OrnateBuckler","hierophant:Martyrdom+1"],"picked":"SKIP","floor":37},{"not_picked":["hierophant:AuricShield+1","hierophant:Smite","hierophant:Endure+1"],"picked":"SKIP","floor":38}],"player_experience":34931,"relics_obtained":[{"floor":9.0,"key":"Bottled Lightning"},{"floor":25.0,"key":"Shuriken"},{"floor":26.0,"key":"Pear"}],"event_choices":[{"damage_healed":0.0,"max_hp_gain":0.0,"max_hp_loss":0.0,"gold_gain":0.0,"event_name":"Liars Game","player_choice":"Ignored","floor":2.0,"gold_loss":0.0,"damage_taken":0.0},{"damage_healed":0.0,"max_hp_gain":0.0,"max_hp_loss":0.0,"gold_gain":75.0,"event_name":"World of Goop","player_choice":"Gather Gold","floor":5.0,"gold_loss":0.0,"damage_taken":11.0},{"damage_healed":0.0,"max_hp_gain":0.0,"max_hp_loss":0.0,"gold_gain":0.0,"event_name":"Match and Keep!","player_choice":"1 cards matched","floor":6.0,"gold_loss":0.0,"damage_taken":0.0,"cards_obtained":["hierophant:Charity"]},{"cards_removed":["ReplayTheSpireMod:Doomed"],"damage_healed":0.0,"max_hp_gain":0.0,"max_hp_loss":0.0,"gold_gain":0.0,"event_name":"Beggar","player_choice":"Gave Gold","floor":20.0,"gold_loss":75.0,"damage_taken":0.0}],"is_beta":false,"boss_relics":[{"not_picked":["ReplayTheSpireMod:DimensionalGlitch","Velvet Choker"],"picked":"Kintsugi"},{"not_picked":["Replay:Ancient Bell","Astrolabe"],"picked":"Runic Dome"}],"items_purged_floors":[19],"is_endless":false,"potions_floor_spawned":[1,4,11,13,14,16,18,31,33,36],"killed_by":"3 Darklings","ascension_level":0}}