{"host":"fne7yx97fnz7kq05","time":1608613074,"event":{"mods":["BaseMod","Colored Map","Colored Powertips","Highlight Path","Minty Spire (QoL Compilation)","Relic Stats"],"gold_per_floor":[118,135,135,135,153,153,189,189,189,230,230,250,285,285,285,404,404,425,449,484,484,484,484,523,523,569,607,630,630,196,230,230,358,358,383,716,79,19,35,35,60,60,112,144,144,144,21,41,41,41,41,41,41,76,76],"floor_reached":56,"playtime":4849,"items_purged":["Strike_G","Strike_G"],"score":1863,"play_id":"cea2428c-5094-4084-b02a-de6a7d82aaab","local_time":"20201221225754","is_ascension_mode":true,"campfire_choices":[{"data":"Sucker Punch","floor":6.0,"key":"SMITH"},{"floor":11.0,"key":"REST"},{"data":"Phantasmal Killer","floor":15.0,"key":"SMITH"},{"data":"Dagger Spray","floor":23.0,"key":"SMITH"},{"floor":25.0,"key":"REST"},{"data":"Well Laid Plans","floor":29.0,"key":"SMITH"},{"data":"Cloak And Dagger","floor":32.0,"key":"SMITH"},{"floor":40.0,"key":"RECALL"},{"data":"PanicButton","floor":42.0,"key":"SMITH"},{"data":"Neutralize","floor":49.0,"key":"SMITH"},{"data":"Survivor","floor":52.0,"key":"SMITH"}],"circlet_count":0,"master_deck":["Strike_G+1","Defend_G","Defend_G","Defend_G+1","Defend_G","Survivor+1","Neutralize+1","Eviscerate+1","Phantasmal Killer+1","Dagger Spray+1","Sucker Punch+1","Flying Knee+1","Predator+1","Dagger Throw+1","Footwork+1","RitualDagger+1","Dash+1","Well Laid Plans+1","Cloak And Dagger+1","Corpse Explosion","Deflect+1","PanicButton+1","Acrobatics+1","Bouncing Flask+1","Concentrate+1","Dodge and Roll+1","Expertise+1","Calculated Gamble+1"],"relics":["Ring of the Snake","Vajra","Molten Egg 2","Omamori","Snake Skull","Sozu","Red Mask","Kunai","Lantern","Centennial Puzzle","Bag of Preparation","Strawberry","Anchor","Coffee Dripper","Blood Vial","Pen Nib","ClockworkSouvenir","Question Card","Toxic Egg 2","Art of War"],"acts_visited":["Exordium","TheCity","TheBeyond","TheEnding"],"potions_floor_usage":[],"damage_taken":[{"damage":7.0,"enemies":"Small Slimes","floor":1.0,"turns":3.0},{"damage":0.0,"enemies":"Jaw Worm","floor":2.0,"turns":2.0},{"damage":0.0,"enemies":"Cultist","floor":5.0,"turns":3.0},{"damage":17.0,"enemies":"3 Sentries","floor":7.0,"turns":5.0},{"damage":0.0,"enemies":"Gremlin Nob","floor":10.0,"turns":3.0},{"damage":3.0,"enemies":"Looter","floor":12.0,"turns":2.0},{"damage":15.0,"enemies":"3 Sentries","floor":13.0,"turns":5.0},{"damage":17.0,"enemies":"The Guardian","floor":16.0,"turns":10.0},{"damage":0.0,"enemies":"Chosen","floor":18.0,"turns":3.0},{"damage":0.0,"enemies":"3 Byrds","floor":19.0,"turns":3.0},{"damage":12.0,"enemies":"Masked Bandits","floor":20.0,"turns":3.0},{"damage":16.0,"enemies":"Slavers","floor":24.0,"turns":4.0},{"damage":0.0,"enemies":"Gremlin Leader","floor":27.0,"turns":6.0},{"damage":0.0,"enemies":"3 Cultists","floor":28.0,"turns":4.0},{"damage":0.0,"enemies":"Slavers","floor":31.0,"turns":4.0},{"damage":0.0,"enemies":"Automaton","floor":33.0,"turns":9.0},{"damage":0.0,"enemies":"3 Darklings","floor":35.0,"turns":2.0},{"damage":0.0,"enemies":"3 Shapes","floor":39.0,"turns":3.0},{"damage":21.0,"enemies":"Nemesis","floor":41.0,"turns":5.0},{"damage":0.0,"enemies":"Giant Head","floor":44.0,"turns":7.0},{"damage":9.0,"enemies":"Maw","floor":48.0,"turns":5.0},{"damage":36.0,"enemies":"Time Eater","floor":50.0,"turns":12.0},{"damage":13.0,"enemies":"Shield and Spear","floor":54.0,"turns":5.0},{"damage":35,"enemies":"The Heart","floor":55,"turns":8}],"seed_played":"7759691770403731570","potions_obtained":[{"floor":1.0,"key":"Poison Potion"},{"floor":7.0,"key":"Fire Potion"},{"floor":10.0,"key":"LiquidBronze"}],"is_trial":false,"path_per_floor":["M","M","?","?","M","R","E","?","T","E","R","M","E","?","R","B",null,"M","M","?","T","?","R","E","R","T","E","M","R","$","E","R","B",null,"M","?","$","?","M","R","E","R","T","E","?","?","$","M","R","B",null,"R","$","E","B",null],"character_chosen":"THE_SILENT","items_purchased":["Bag of Preparation","Strawberry","Cloak And Dagger","Blood Vial","Pen Nib","ClockworkSouvenir","PanicButton","Concentrate+1","Dodge and Roll+1"],"campfire_rested":2,"item_purchase_floors":[30,30,30,37,37,37,37,47,47],"current_hp_per_floor":[56,56,56,44,44,44,27,27,27,27,44,41,26,58,58,41,54,54,54,42,42,36,36,20,37,37,37,37,37,44,44,44,44,60,60,60,60,60,62,62,43,43,43,45,61,61,61,54,54,20,54,54,54,43,10],"gold":76,"neow_bonus":"TRANSFORM_TWO_CARDS","is_daily":false,"chose_seed":false,"campfire_upgraded":8,"win_rate":0.0,"timestamp":1608613074,"path_taken":["M","M","?","?","M","R","E","?","T","E","R","M","E","?","R","BOSS","M","?","?","?","?","R","E","R","T","E","M","R","$","E","R","BOSS","M","?","$","?","?","R","E","R","T","E","?","?","?","?","R","BOSS","R","$","E","BOSS"],"items_purchased_type":["Relic","Relic","Card","Relic","Relic","Relic","Card","Card","Card"],"build_version":"2020-12-13","purchased_purges":2,"victory":true,"max_hp_per_floor":[63,63,58,58,58,58,58,58,58,58,58,58,58,58,58,58,58,58,58,58,58,58,58,58,58,58,58,58,58,65,65,65,65,65,65,65,65,65,65,65,65,65,65,65,65,65,65,65,65,65,65,65,65,65,65],"relic_stats":{"Sozu":7,"Blood Vial":14,"Centennial Puzzle":[15],"counters":[24,116],"Snake Skull":[21],"Pen Nib":[12],"Bag of Preparation":[20],"Art of War":[2],"Kunai":[41],"Question Card":5,"obtain_stats":[{"Lantern":24,"Golden Idol":3,"Vajra":7,"Snake Skull":13,"Pen Nib":37,"Omamori":10,"Bag of Preparation":30,"Question Card":38,"ClockworkSouvenir":37,"Sozu":17,"Blood Vial":37,"Centennial Puzzle":26,"Anchor":31,"Strawberry":30,"Molten Egg 2":9,"Red Mask":20,"Coffee Dripper":34,"Art of War":44,"Kunai":21,"Toxic Egg 2":41,"Ring of the Snake":0},{"Lantern":12,"Golden Idol":2,"Vajra":4,"Snake Skull":7,"Pen Nib":17,"Omamori":5,"Bag of Preparation":14,"Question Card":17,"ClockworkSouvenir":17,"Sozu":8,"Blood Vial":17,"Centennial Puzzle":12,"Anchor":15,"Strawberry":14,"Molten Egg 2":4,"Red Mask":11,"Coffee Dripper":16,"Art of War":20,"Kunai":11,"Toxic Egg 2":19,"Ring of the Snake":0},{"Lantern":46,"Golden Idol":5,"Vajra":13,"Snake Skull":23,"Pen Nib":71,"Omamori":16,"Bag of Preparation":56,"Question Card":71,"ClockworkSouvenir":71,"Sozu":33,"Blood Vial":71,"Centennial Puzzle":46,"Anchor":60,"Strawberry":56,"Molten Egg 2":13,"Red Mask":42,"Coffee Dripper":69,"Art of War":86,"Kunai":42,"Toxic Egg 2":79,"Ring of the Snake":0}],"Ring of the Snake":[48]},"card_choices":[{"not_picked":["Blur","Slice"],"picked":"Dagger Spray","floor":1.0},{"not_picked":["Outmaneuver","Dagger Spray"],"picked":"Sucker Punch","floor":2.0},{"not_picked":["Eviscerate","Sucker Punch","Quick Slash"],"picked":"SKIP","floor":5.0},{"not_picked":["Eviscerate","Sucker Punch","Quick Slash"],"picked":"SKIP","floor":5.0},{"not_picked":["Calculated Gamble","Envenom","Night Terror"],"picked":"SKIP","floor":7.0},{"not_picked":["Prepared","Flechettes+1","Finisher+1"],"picked":"SKIP","floor":10.0},{"not_picked":["Prepared","Flechettes+1","Finisher+1"],"picked":"SKIP","floor":10.0},{"not_picked":["Blade Dance","All Out Attack+1"],"picked":"Backstab+1","floor":12.0},{"not_picked":["Acrobatics","Blade Dance"],"picked":"Flying Knee+1","floor":13.0},{"not_picked":["PiercingWail+1","Flechettes+1"],"picked":"Predator+1","floor":18.0},{"not_picked":["Well Laid Plans","Prepared"],"picked":"Dagger Throw+1","floor":19.0},{"not_picked":["Bouncing Flask","Deflect"],"picked":"Footwork+1","floor":20.0},{"not_picked":["Calculated Gamble","Footwork"],"picked":"Dash+1","floor":24.0},{"not_picked":["Reflex","Backflip"],"picked":"Well Laid Plans","floor":27.0},{"not_picked":["Poisoned Stab+1","Finisher+1","Riddle With Holes+1"],"picked":"SKIP","floor":28.0},{"not_picked":["Bane+1","Flying Knee+1","Deadly Poison"],"picked":"SKIP","floor":31.0},{"not_picked":["After Image","Phantasmal Killer"],"picked":"Corpse Explosion","floor":33.0},{"not_picked":["Blade Dance+1","Quick Slash+1"],"picked":"Deflect+1","floor":35.0},{"not_picked":["Endless Agony+1","Caltrops","PiercingWail"],"picked":"Acrobatics+1","floor":39.0},{"not_picked":["Eviscerate+1","Skewer+1","All Out Attack+1"],"picked":"Bouncing Flask+1","floor":41.0},{"not_picked":["Footwork+1","Bouncing Flask+1","A Thousand Cuts","Endless Agony+1"],"picked":"SKIP","floor":44.0},{"not_picked":["Bane+1","Prepared+1","Slice+1"],"picked":"Expertise+1","floor":48.0},{"not_picked":["Accuracy+1","Slice+1","Deadly Poison+1"],"picked":"Calculated Gamble+1","floor":54.0}],"player_experience":141810,"relics_obtained":[{"floor":7.0,"key":"Vajra"},{"floor":9.0,"key":"Molten Egg 2"},{"floor":10.0,"key":"Omamori"},{"floor":13.0,"key":"Snake Skull"},{"floor":20.0,"key":"Red Mask"},{"floor":21.0,"key":"Kunai"},{"floor":24.0,"key":"Lantern"},{"floor":26.0,"key":"Centennial Puzzle"},{"floor":31.0,"key":"Anchor"},{"floor":41.0,"key":"Toxic Egg 2"},{"floor":44.0,"key":"Art of War"}],"event_choices":[{"damage_healed":0.0,"max_hp_gain":0.0,"max_hp_loss":5.0,"gold_gain":0.0,"event_name":"Golden Idol","player_choice":"Lose Max HP","floor":3.0,"gold_loss":0.0,"damage_taken":0.0,"relics_obtained":["Golden Idol"]},{"damage_healed":0.0,"max_hp_gain":0.0,"max_hp_loss":0.0,"gold_gain":0.0,"event_name":"Shining Light","player_choice":"Entered Light","floor":4.0,"gold_loss":0.0,"damage_taken":12.0,"cards_upgraded":["Strike_G","Defend_G"]},{"damage_healed":0.0,"max_hp_gain":0.0,"max_hp_loss":0.0,"gold_gain":0.0,"event_name":"Living Wall","player_choice":"Grow","floor":8.0,"gold_loss":0.0,"damage_taken":0.0,"cards_upgraded":["Eviscerate"]},{"cards_removed":["Backstab"],"damage_healed":32.0,"max_hp_gain":0.0,"max_hp_loss":0.0,"gold_gain":0.0,"event_name":"Bonfire Elementals","player_choice":"Offered Uncommon","floor":14.0,"gold_loss":0.0,"damage_taken":0.0},{"damage_healed":0.0,"max_hp_gain":0.0,"max_hp_loss":0.0,"gold_gain":0.0,"event_name":"Masked Bandits","player_choice":"Fought Bandits","floor":20.0,"gold_loss":0.0,"damage_taken":0.0},{"damage_healed":0.0,"max_hp_gain":0.0,"max_hp_loss":0.0,"gold_gain":0.0,"event_name":"Nest","player_choice":"Joined the Cult","floor":22.0,"gold_loss":0.0,"damage_taken":6.0,"cards_obtained":["RitualDagger"]},{"damage_healed":0.0,"max_hp_gain":0.0,"max_hp_loss":0.0,"gold_gain":333.0,"event_name":"The Moai Head","player_choice":"Gave Idol","floor":36.0,"relics_lost":["Golden Idol"],"gold_loss":0.0,"damage_taken":0.0},{"damage_healed":0.0,"max_hp_gain":0.0,"max_hp_loss":0.0,"gold_gain":0.0,"event_name":"WeMeetAgain","player_choice":"Paid Gold","floor":38.0,"gold_loss":60.0,"damage_taken":0.0,"relics_obtained":["Question Card"]},{"damage_healed":16.0,"max_hp_gain":0.0,"max_hp_loss":0.0,"gold_gain":0.0,"event_name":"Winding Halls","player_choice":"Writhe","floor":45.0,"gold_loss":0.0,"damage_taken":0.0,"cards_obtained":["Writhe"]},{"cards_removed":["Defend_G"],"damage_healed":0.0,"max_hp_gain":0.0,"max_hp_loss":0.0,"gold_gain":0.0,"event_name":"Falling","player_choice":"Removed Skill","floor":46.0,"gold_loss":0.0,"damage_taken":0.0}],"is_beta":false,"boss_relics":[{"not_picked":["HoveringKite","Philosopher\u0027s Stone"],"picked":"Sozu"},{"not_picked":["SacredBark","WristBlade"],"picked":"Coffee Dripper"}],"items_purged_floors":[30,37],"is_endless":false,"potions_floor_spawned":[1,7,10,19,31,33,35,41,44,48],"ascension_level":6}}