{"host":"b4t5srwuttsyeojd","time":1608607325,"event":{"mods":["Act Like it!","BaseMod","Hallownest","Minty Spire (QoL Compilation)","StSLib","The Bug Knight","The Hierophant","everything is the same but u backflip on backflip","Åy?ï®?îvÅzREMEMod"],"gold_per_floor":[112,43,43,58,58,58,71,85,85,85,105,120,151,171,171,171,171],"floor_reached":16,"playtime":1035,"items_purged":[],"score":104,"play_id":"24887d11-6636-41b9-85b4-fa81b1504929","local_time":"20201221192205","is_ascension_mode":false,"campfire_choices":[{"data":"HollowMod:TaintedHusks","floor":6,"key":"SMITH"},{"floor":10,"key":"REST"},{"floor":15,"key":"REST"}],"circlet_count":1,"master_deck":["HollowMod:NailStrikeStart","HollowMod:NailStrikeStart","HollowMod:NailStrikeStart","HollowMod:NailStrikeStart","HollowMod:QuickDashStart","HollowMod:QuickDashStart","HollowMod:QuickDashStart","HollowMod:QuickDashStart","HollowMod:FocusHealStart","HollowMod:PogoStrike","HollowMod:TaintedHusks+1","Metamorphosis","HollowMod:GreatSlash","HollowMod:InfectedAttack","HollowMod:NewJinnsSoul","HollowMod:MantisMark","HollowMod:FallenFury","HollowMod:InfectionAssault","HollowMod:DashSlash"],"relics":["HollowMod:VesselMask","REME_ComplimentaryCards","Hallownest:DreamNailRelic","Circlet","HornCleat"],"acts_visited":["Hallownest:Greenpath"],"potions_floor_usage":[13,13],"damage_taken":[{"damage":2,"enemies":"Hallownest:2_MossCreeps","floor":1,"turns":7},{"damage":20,"enemies":"Hallownest:monsterHuskGuard","floor":4,"turns":5},{"damage":1,"enemies":"Hallownest:monsterHuskWarrior","floor":7,"turns":3},{"damage":7,"enemies":"Hallownest:monsterMossCharger","floor":8,"turns":2},{"damage":11,"enemies":"Hallownest:Wandering_and_Horned","floor":11,"turns":4},{"damage":22,"enemies":"Hallownest:2_Tiktiks_1_Baldur_1_Crawlid","floor":12,"turns":4},{"damage":46,"enemies":"Hallownest:eliteMossKnight","floor":13,"turns":5},{"damage":0,"enemies":"Hallownest:MossCreep_and_Mosskin","floor":14,"turns":5},{"damage":50,"enemies":"Hallownest:BossHornet","floor":16,"turns":6}],"seed_played":"-3746622599435940671","potions_obtained":[{"floor":7,"key":"Explosive Potion"},{"floor":8,"key":"GamblersBrew"},{"floor":12,"key":"ColorlessPotion"},{"floor":14,"key":"GamblersBrew"}],"is_trial":false,"path_per_floor":["M","$","?","M","?","R","M","M","T","R","M","M","E","M","R","B"],"character_chosen":"THE_BUGKNIGHT","items_purchased":["HollowMod:GreatSlash"],"campfire_rested":2,"item_purchase_floors":[2],"current_hp_per_floor":[75,75,75,61,61,61,60,53,53,75,70,54,14,14,36,0,0],"gold":171,"neow_bonus":"THREE_CARDS","is_daily":false,"chose_seed":false,"campfire_upgraded":1,"win_rate":0.0,"timestamp":1608607325,"path_taken":["M","$","?","?","?","R","M","?","T","R","M","M","E","M","R","BOSS"],"items_purchased_type":["Card"],"build_version":"2020-12-13","purchased_purges":0,"victory":false,"max_hp_per_floor":[75,75,75,75,75,75,75,75,75,75,75,75,75,75,75,75,75],"card_choices":[{"not_picked":["HollowMod:SoulShaman","HollowMod:CornifersMapStart"],"picked":"HollowMod:TaintedHusks","floor":0},{"not_picked":["HollowMod:DreamGate","HollowMod:ShadowDash","HollowMod:DescendingDark"],"picked":"SKIP","floor":1},{"not_picked":["HollowMod:DoubleDash","HollowMod:CycloneSlash","HollowMod:CornifersMapStart"],"picked":"SKIP","floor":4},{"not_picked":["HollowMod:InfectedCysts","HollowMod:SoulEater"],"picked":"HollowMod:InfectedAttack","floor":7},{"not_picked":["HollowMod:ShadowDash","HollowMod:DreamGate"],"picked":"HollowMod:NewJinnsSoul","floor":8},{"not_picked":["HollowMod:ShadowDash","HollowMod:PerfectDash"],"picked":"HollowMod:MantisMark","floor":11},{"not_picked":["HollowMod:CycloneSlash","HollowMod:VengefulVoid"],"picked":"HollowMod:FallenFury","floor":12},{"not_picked":["HollowMod:AwokenDreamNail","HollowMod:DungDefenderAura"],"picked":"HollowMod:InfectionAssault","floor":13},{"not_picked":["HollowMod:GoodIntentions","HollowMod:HowlingWraiths"],"picked":"HollowMod:DashSlash","floor":14}],"player_experience":521273,"relics_obtained":[{"floor":13,"key":"HornCleat"}],"event_choices":[],"is_beta":false,"boss_relics":[],"items_purged_floors":[],"is_endless":false,"potions_floor_spawned":[7,8,12,14],"killed_by":"Hallownest:BossHornet","ascension_level":0}}