{"host":"4edbuligkc8x13l4","time":1608642953,"event":{"mods":["BaseMod","Minty Spire (QoL Compilation)","StSLib","SuperFastMode"],"gold_per_floor":[111,111,131,141,157,157,157,182,182,182,182,212,212,222,222,297,297,313,238,254,254,254,254],"floor_reached":22,"playtime":438,"items_purged":[],"score":322,"play_id":"1474d47a-e6aa-4eb6-b972-69c2e3a2d5a2","local_time":"20201222211553","is_ascension_mode":true,"campfire_choices":[{"data":"Rampage","floor":6,"key":"SMITH"},{"floor":11,"key":"REST"},{"data":"Bash","floor":13,"key":"SMITH"},{"data":"Warcry","floor":15,"key":"SMITH"}],"circlet_count":0,"master_deck":["AscendersBane","Strike_R","Strike_R","Strike_R","Strike_R","Defend_R","Defend_R","Defend_R","Defend_R","Bash+1","Fire Breathing+1","Cleave+1","Hemokinesis","Rampage+1","Cleave","Warcry+1","Exhume","Rampage+1","Wild Strike"],"relics":["Burning Blood","NeowsBlessing","Letter Opener","Odd Mushroom","Bottled Flame","Anchor","Mark of Pain"],"acts_visited":["Exordium","TheCity"],"potions_floor_usage":[16,16,20,22],"damage_taken":[{"damage":0,"enemies":"2 Louse","floor":1,"turns":1},{"damage":0,"enemies":"Cultist","floor":3,"turns":1},{"damage":0,"enemies":"Small Slimes","floor":4,"turns":1},{"damage":7,"enemies":"3 Louse","floor":5,"turns":3},{"damage":46,"enemies":"The Mushroom Lair","floor":8,"turns":4},{"damage":4,"enemies":"2 Fungi Beasts","floor":14,"turns":3},{"damage":32,"enemies":"Slime Boss","floor":16,"turns":6},{"damage":25,"enemies":"Spheric Guardian","floor":18,"turns":4},{"damage":11,"enemies":"Chosen","floor":20,"turns":4},{"damage":46,"enemies":"Snake Plant","floor":22,"turns":5}],"seed_played":"6114183498191114530","potions_obtained":[{"floor":4,"key":"BloodPotion"},{"floor":8,"key":"BlessingOfTheForge"},{"floor":16,"key":"EssenceOfSteel"},{"floor":20,"key":"ColorlessPotion"}],"is_trial":false,"path_per_floor":["M","?","M","M","M","R","?","?","T","?","R","?","R","M","R","B",null,"M","?","M","?","M"],"character_chosen":"IRONCLAD","items_purchased":[],"campfire_rested":1,"item_purchase_floors":[],"current_hp_per_floor":[74,74,75,75,74,74,63,23,23,23,45,45,45,47,47,36,65,46,46,41,41,0,0],"gold":254,"neow_bonus":"THREE_ENEMY_KILL","is_daily":false,"chose_seed":false,"campfire_upgraded":3,"win_rate":0.0,"timestamp":1608642953,"path_taken":["M","?","?","M","M","R","?","?","T","?","R","?","R","M","R","BOSS","M","?","M","?","?"],"items_purchased_type":[],"build_version":"2020-12-13","purchased_purges":0,"victory":false,"max_hp_per_floor":[75,75,75,75,75,75,75,75,75,75,75,75,75,75,75,75,75,75,75,75,75,75,75],"card_choices":[{"not_picked":["Clothesline","Perfected Strike"],"picked":"Fire Breathing","floor":1},{"not_picked":["Sever Soul","Searing Blow"],"picked":"Cleave","floor":3},{"not_picked":["Searing Blow","Iron Wave"],"picked":"Hemokinesis","floor":4},{"not_picked":["Sever Soul","Iron Wave"],"picked":"Rampage","floor":5},{"not_picked":["Thunderclap","Iron Wave"],"picked":"Cleave","floor":8},{"not_picked":["Headbutt","Cleave"],"picked":"Warcry","floor":14},{"not_picked":["Bludgeon","Impervious"],"picked":"Exhume","floor":16},{"not_picked":["Wild Strike","Twin Strike"],"picked":"Rampage+1","floor":18},{"not_picked":["Intimidate","Anger"],"picked":"Wild Strike","floor":20}],"player_experience":905264,"relics_obtained":[{"floor":8,"key":"Odd Mushroom"},{"floor":9,"key":"Bottled Flame"}],"event_choices":[{"damage_healed":0,"gold_gain":0,"player_choice":"Upgraded","damage_taken":0,"max_hp_gain":0,"max_hp_loss":0,"event_name":"Upgrade Shrine","floor":2,"gold_loss":0,"cards_upgraded":["Fire Breathing"]},{"damage_healed":0,"gold_gain":0,"player_choice":"Success","damage_taken":11,"relics_obtained":["Letter Opener"],"max_hp_gain":0,"max_hp_loss":0,"event_name":"Scrap Ooze","floor":7,"gold_loss":0},{"damage_healed":0,"gold_gain":0,"player_choice":"Fought Mushrooms","damage_taken":0,"max_hp_gain":0,"max_hp_loss":0,"event_name":"Mushrooms","floor":8,"gold_loss":0},{"damage_healed":0,"gold_gain":0,"player_choice":"Ignored","damage_taken":0,"max_hp_gain":0,"max_hp_loss":0,"event_name":"Liars Game","floor":10,"gold_loss":0},{"damage_healed":0,"gold_gain":30,"player_choice":"Searched \u00272\u0027 times","damage_taken":0,"relics_obtained":["Anchor"],"max_hp_gain":0,"max_hp_loss":0,"event_name":"Dead Adventurer","floor":12,"gold_loss":0},{"cards_removed":["Strike_R"],"damage_healed":0,"gold_gain":0,"player_choice":"Gave Gold","damage_taken":0,"max_hp_gain":0,"max_hp_loss":0,"event_name":"Beggar","floor":19,"gold_loss":75},{"damage_healed":0,"gold_gain":0,"player_choice":"Upgraded","damage_taken":0,"max_hp_gain":0,"max_hp_loss":0,"event_name":"Upgrade Shrine","floor":21,"gold_loss":0,"cards_upgraded":["Cleave"]}],"is_beta":false,"boss_relics":[{"not_picked":["Coffee Dripper","Runic Dome"],"picked":"Mark of Pain"}],"items_purged_floors":[],"is_endless":false,"potions_floor_spawned":[4,8,16,20],"killed_by":"Snake Plant","ascension_level":17}}