{"host":"ds28d883r3sz42zs","time":1608676932,"event":{"mods":["2.2 Compatiblity","AchievementEnabler","Act Like it!","Aspiration","BaseMod","Bestiary","Better Match","Better Sensory Stone","Better Silent Start","Better Third Choice","Better-Laid Plans","BetterRewards","Block Reminder","Challenge The Spire","Clawfect","Colored Map","Colored Powertips","Conspire","DeckTracker","Defuse TimeMaze Blight","Disable Question Mark Monsters","Displayed Cursed Tome","Emptier Cage","GifTheSpireLib","Gold Saver","Hallownest","Hubris","Infinite Spire","Minty Spire (QoL Compilation)","Permanent Neow","Practice Mode","Quick Restart","Random Character Button","Rare Cards Sparkle","Relic Filter","Relic Sorter","Relic Stats","Replay The Spire","SacredBarkPlus","StSLib","Stuff the Spire","SuperFastMode","The Bug Knight","The Jungle","Uncapped","Unknown Chances"],"gold_per_floor":[1494,997,1013,1013,446,446,473,488,563,563,581,616,616,649,649,745,745,762,365,381,381,398,398,430,430,430,448,448,476,476,92,92,196,196,214,214,226,83,103,134,153,153,180,208,56,66,115,140,140,140],"floor_reached":51,"playtime":2029,"items_purged":["Strike_G","Strike_G","Decay"],"score":1499,"play_id":"470e5834-ddee-4ba7-a7c7-99f606c2abd3","local_time":"20201222174212","daily_mods":["challengethespire:Silver Difficulty","challengethespire:Sneaky Strike"],"is_ascension_mode":true,"campfire_choices":[{"data":"Envenom","floor":6.0,"key":"SMITH"},{"data":"Prepared","floor":10.0,"key":"SMITH"},{"data":"Tools of the Trade","floor":15.0,"key":"SMITH"},{"data":"Calculated Gamble","floor":23.0,"key":"SMITH"},{"data":"After Image","floor":32.0,"key":"SMITH"},{"floor":42,"key":"REST"},{"data":"Terror","floor":49,"key":"SMITH"}],"circlet_count":0,"master_deck":["AscendersBane","Strike_G","Defend_G","Defend_G","Defend_G","Defend_G","Survivor","Neutralize+1","Underhanded Strike+1","Prepared+1","infinitespire:Fortify","Terror+1","Calculated Gamble+1","Envenom+1","Backflip","Dagger Throw+1","Underhanded Strike+1","Underhanded Strike+1","Tools of the Trade+1","Underhanded Strike+1","After Image+1","Underhanded Strike+1","Underhanded Strike+1","Underhanded Strike+1","Body Slam+1","Underhanded Strike+1","Underhanded Strike+1","Underhanded Strike+1","Underhanded Strike+1","Underhanded Strike+1","Underhanded Strike+1","Predator","Underhanded Strike+1","Underhanded Strike+1","Underhanded Strike+1","Underhanded Strike+1","Underhanded Strike+1"],"relics":["Ring of the Snake","infinitespire:PuzzleCube","conspire:GiftBox","Whetstone","Singing Bowl","Pen Nib","Orichalcum","Honey Jar","Replay:Bottled Eggs","PrismaticShard","Oddly Smooth Stone","Sundial","Replay:Accelerometer","Replay:WaspNest","aspiration:IroncladSkillbook","Medical Kit","Regal Pillow","Toy Ornithopter","aspiration:FrozenJewel","PreservedInsect","hubris:GlazedTorus"],"acts_visited":["Exordium","TheCity","TheBeyond"],"potions_floor_usage":[41,41],"damage_taken":[{"damage":1.0,"enemies":"Jaw Worm","floor":1.0,"turns":4.0},{"damage":2.0,"enemies":"conspire:RoseBush","floor":3.0,"turns":4.0},{"damage":0.0,"enemies":"Replay:BlueRogue","floor":7.0,"turns":7.0},{"damage":0.0,"enemies":"Cultist","floor":8.0,"turns":3.0},{"damage":0.0,"enemies":"Exordium Wildlife","floor":11.0,"turns":3.0},{"damage":8.0,"enemies":"Lagavulin","floor":12.0,"turns":4.0},{"damage":0.0,"enemies":"Replay:BlueRogue","floor":14.0,"turns":6.0},{"damage":0.0,"enemies":"Fading Forest","floor":16.0,"turns":11.0},{"damage":0.0,"enemies":"2 Thieves","floor":18.0,"turns":2.0},{"damage":0.0,"enemies":"3 Byrds","floor":20.0,"turns":3.0},{"damage":0.0,"enemies":"Centurion and Healer","floor":22.0,"turns":2.0},{"damage":0.0,"enemies":"conspire:SneckoGhost","floor":24.0,"turns":3.0},{"damage":9.0,"enemies":"conspire:HollyBat","floor":27.0,"turns":4.0},{"damage":0.0,"enemies":"Slavers","floor":29.0,"turns":3.0},{"damage":16.0,"enemies":"conspire:MysteriousRune","floor":33.0,"turns":5.0},{"damage":1.0,"enemies":"3 Shapes","floor":35.0,"turns":2.0},{"damage":0,"enemies":"3 Darklings","floor":37,"turns":3},{"damage":4,"enemies":"Writhing Mass","floor":39,"turns":3},{"damage":44,"enemies":"Nightmare","floor":40,"turns":5},{"damage":0,"enemies":"4 Shapes","floor":41,"turns":3},{"damage":0,"enemies":"Giant Head","floor":44,"turns":4},{"damage":0,"enemies":"Transient","floor":46,"turns":5},{"damage":0,"enemies":"2 Orb Walkers","floor":47,"turns":3},{"damage":24,"enemies":"R_Hoarder","floor":48,"turns":3},{"damage":23,"enemies":"Donu and Deca","floor":50,"turns":7}],"seed_played":"-6946006856308628654","potions_obtained":[{"floor":3.0,"key":"Block Potion"},{"floor":12.0,"key":"PowerPotion"},{"floor":18.0,"key":"Explosive Potion"},{"floor":29.0,"key":"Elixir"},{"floor":33.0,"key":"Block Potion"},{"floor":37,"key":"Weak Potion"},{"floor":46,"key":"EssenceOfSteel"}],"is_trial":true,"path_per_floor":["M","?","M","?","$","R","E","M","T","R","M","E","?","E","R","B",null,"M","$","M","?","M","R","E","?","T","M","?","E","?","$","R","B",null,"M","?","M","$","M","NM","M","R","T","E","$","M","?","E","R","B",null],"character_chosen":"THE_SILENT","items_purchased":["infinitespire:PuzzleCube","Calculated Gamble","conspire:GiftBox","FairyPotion","Backflip","Replay:Bottled Eggs","PowerPotion","Replay:WaspNest","Medical Kit","PreservedInsect"],"campfire_rested":1,"item_purchase_floors":[5,5,5,5,5,19,19,31,38,45],"current_hp_per_floor":[62,62,60,60,60,60,60,60,60,60,62,56,56,56,56,56,70,70,70,70,62,62,62,62,62,62,53,39,39,39,39,39,23,65,68,68,72,72,72,32,38,77,77,83,83,85,87,69,69,50],"gold":140,"neow_bonus":"","is_daily":false,"chose_seed":false,"campfire_upgraded":6,"win_rate":0.0,"timestamp":1608676932,"path_taken":["M","?","M","?","?","R","E","M","T","R","?","E","?","E","R","BOSS","M","$","M","?","M","R","E","?","T","?","?","E","?","$","R","BOSS","M","?","M","$","M","NM","M","R","T","E","$","M","?","E","R","BOSS"],"items_purchased_type":["Relic","Card","Relic","Potion","Card","Relic","Potion","Relic","Relic","Relic"],"build_version":"2020-12-13","purchased_purges":3,"victory":true,"max_hp_per_floor":[70,70,70,70,70,70,70,70,70,70,72,74,74,74,74,74,74,74,74,74,74,74,74,74,74,74,74,79,79,79,79,79,79,79,79,79,79,79,79,79,81,81,81,83,83,85,87,89,89,89],"relic_stats":{"Regal Pillow":15,"Singing Bowl":14,"counters":[25,102],"Sundial":[4],"Pen Nib":[26],"PreservedInsect":88,"Whetstone":["Neutralize","Dagger Throw"],"Orichalcum":[24],"Medical Kit":[1],"obtain_stats":[{"Replay:Accelerometer":29,"Regal Pillow":40,"Singing Bowl":9,"Oddly Smooth Stone":24,"Pen Nib":12,"Replay:WaspNest":31,"PreservedInsect":45,"Whetstone":7,"Orichalcum":14,"PrismaticShard":21,"Medical Kit":38,"aspiration:IroncladSkillbook":34,"aspiration:FrozenJewel":44,"conspire:GiftBox":5,"Sundial":26,"Honey Jar":17,"Replay:Bottled Eggs":19,"infinitespire:PuzzleCube":5,"Toy Ornithopter":43,"Ring of the Snake":0,"hubris:GlazedTorus":47},{"Replay:Accelerometer":14,"Regal Pillow":19,"Singing Bowl":4,"Oddly Smooth Stone":12,"Pen Nib":6,"Replay:WaspNest":14,"PreservedInsect":21,"Whetstone":3,"Orichalcum":7,"PrismaticShard":10,"Medical Kit":17,"aspiration:IroncladSkillbook":15,"aspiration:FrozenJewel":21,"conspire:GiftBox":2,"Sundial":12,"Honey Jar":8,"Replay:Bottled Eggs":9,"infinitespire:PuzzleCube":2,"Toy Ornithopter":20,"Ring of the Snake":0,"hubris:GlazedTorus":23},{"Replay:Accelerometer":59,"Regal Pillow":77,"Singing Bowl":18,"Oddly Smooth Stone":52,"Pen Nib":25,"Replay:WaspNest":59,"PreservedInsect":84,"Whetstone":15,"Orichalcum":31,"PrismaticShard":47,"Medical Kit":69,"aspiration:IroncladSkillbook":64,"aspiration:FrozenJewel":84,"conspire:GiftBox":8,"Sundial":52,"Honey Jar":42,"Replay:Bottled Eggs":44,"infinitespire:PuzzleCube":8,"Toy Ornithopter":80,"Ring of the Snake":0,"hubris:GlazedTorus":92}],"Toy Ornithopter":0,"Ring of the Snake":[159]},"card_choices":[{"not_picked":["Underhanded Strike","Concentrate"],"picked":"Prepared","floor":1.0},{"not_picked":["Underhanded Strike","hubris:InfiniteBlow+10256"],"picked":"infinitespire:Fortify","floor":2.0},{"not_picked":["StuffTheSpire:Python","Underhanded Strike"],"picked":"Terror","floor":3.0},{"not_picked":["Underhanded Strike","StuffTheSpire:FinalStruggle"],"picked":"Envenom","floor":5.0},{"not_picked":["Underhanded Strike","StuffTheSpire:Injection"],"picked":"Dagger Throw","floor":7.0},{"not_picked":["Dagger Throw","StuffTheSpire:ClusterCrunch"],"picked":"Underhanded Strike","floor":8.0},{"not_picked":["Sucker Punch","StuffTheSpire:MirrorStance","Underhanded Strike"],"picked":"Singing Bowl","floor":11.0},{"not_picked":["Underhanded Strike","Blade Dance","Slice"],"picked":"Singing Bowl","floor":12.0},{"not_picked":["Underhanded Strike","Toxin Wave"],"picked":"Tools of the Trade","floor":14.0},{"not_picked":["Burst","Underhanded Strike"],"picked":"After Image","floor":16.0},{"not_picked":["hubris:SlightOfHand","StuffTheSpire:Injection","StuffTheSpire:ClusterCrunch+1"],"picked":"Underhanded Strike","floor":18.0},{"not_picked":["Flying Knee+1","Sucker Punch","StuffTheSpire:Incantation"],"picked":"Underhanded Strike","floor":20.0},{"not_picked":["conspire:DoublingDagger","hubris:Sniper+1","Replay:Poison Smokescreen"],"picked":"Underhanded Strike","floor":21.0},{"not_picked":["HollowMod:SharpenedNail","Underhanded Strike","Underhanded Strike"],"picked":"Body Slam+1","floor":22.0},{"not_picked":["Crescendo","ReplayTheSpireMod:GoodbyeWorld","HollowMod:SiblingsSouls"],"picked":"Underhanded Strike","floor":24.0},{"not_picked":["Flex","Deadly Poison","Quick Slash"],"picked":"Underhanded Strike","floor":27.0},{"not_picked":["HollowMod:RadiancesLament","Deadly Poison","FlurryOfBlows+1"],"picked":"Underhanded Strike","floor":29.0},{"not_picked":["Demon Form","Replay:AllIn","HollowMod:LifebloodCore"],"picked":"Underhanded Strike","floor":33.0},{"not_picked":["Acrobatics","StuffTheSpire:Injection","Underhanded Strike","Poisoned Stab"],"picked":"Predator","floor":35.0},{"not_picked":["Wild Strike","Stack+1","HollowMod:CloakDash+1","StuffTheSpire:Pyroclast"],"picked":"Underhanded Strike","floor":37},{"not_picked":["Replay:Many Hands","Blade Dance","HollowMod:NewLittleFool+1","HollowMod:DesolateDive"],"picked":"Underhanded Strike","floor":39},{"not_picked":["Nirvana","Riddle With Holes","Flex","HollowMod:DashSlash+1"],"picked":"Underhanded Strike","floor":40},{"not_picked":["Underhanded Strike","HollowMod:LuriensSpire","HollowMod:VengefulVoid","Replay:Cycle+1","Flechettes"],"picked":"Singing Bowl","floor":41},{"not_picked":["Underhanded Strike","Consecrate","Survey Options","Twin Strike","Clawfect:Clawrage"],"picked":"Singing Bowl","floor":44},{"not_picked":["HollowMod:InfectedCysts","Iron Wave","Flex","StuffTheSpire:RagingBull+1","Underhanded Strike"],"picked":"Singing Bowl","floor":46},{"not_picked":["Underhanded Strike","StuffTheSpire:ClusterCrunch","HollowMod:CycloneSlash+1","Steam","Chill+1"],"picked":"Singing Bowl","floor":47},{"not_picked":["Amplify","SashWhip","Underhanded Strike","Omniscience","Conserve Battery"],"picked":"Singing Bowl","floor":48}],"player_experience":746293,"relics_obtained":[{"floor":7.0,"key":"Whetstone"},{"floor":9.0,"key":"Singing Bowl"},{"floor":12.0,"key":"Pen Nib"},{"floor":14.0,"key":"Orichalcum"},{"floor":21.0,"key":"PrismaticShard"},{"floor":24.0,"key":"Oddly Smooth Stone"},{"floor":26.0,"key":"Sundial"},{"floor":29.0,"key":"Replay:Accelerometer"},{"floor":40,"key":"Regal Pillow"},{"floor":43,"key":"Toy Ornithopter"},{"floor":44,"key":"aspiration:FrozenJewel"},{"floor":47,"key":"hubris:GlazedTorus"}],"event_choices":[{"damage_healed":0.0,"max_hp_gain":0.0,"max_hp_loss":0.0,"gold_gain":0.0,"event_name":"conspire:Investor","player_choice":"Leave","floor":4.0,"gold_loss":0.0,"damage_taken":0.0},{"damage_healed":0.0,"max_hp_gain":0.0,"max_hp_loss":0.0,"gold_gain":0.0,"event_name":"Wheel of Change","player_choice":"Cursed","floor":25.0,"gold_loss":0.0,"damage_taken":0.0,"cards_obtained":["Decay"]},{"damage_healed":0.0,"max_hp_gain":5.0,"max_hp_loss":0.0,"gold_gain":0.0,"event_name":"Forgotten Altar","player_choice":"Shed Blood","floor":28.0,"gold_loss":0.0,"damage_taken":19.0},{"damage_healed":0.0,"max_hp_gain":0.0,"max_hp_loss":0.0,"gold_gain":0.0,"event_name":"Tomb of Lord Red Mask","player_choice":"Ignored","floor":36.0,"gold_loss":0.0,"damage_taken":0.0},{"damage_healed":0,"gold_gain":0,"player_choice":"Fight","damage_taken":0,"max_hp_gain":0,"max_hp_loss":0,"event_name":"Mysterious Sphere","floor":47,"gold_loss":0}],"is_beta":false,"boss_relics":[{"not_picked":["hubris:VirtuousBlindfold","Replay:Bronze Core"],"picked":"Honey Jar"},{"not_picked":["Fusion Hammer","hubris:BlackHole"],"picked":"aspiration:IroncladSkillbook"}],"items_purged_floors":[5,19,31],"is_endless":false,"potions_floor_spawned":[3,12,14,18,29,33,37,39,40,46],"ascension_level":10}}