{"host":"newqdrzxfhh2im9e","time":1608602695,"event":{"mods":["AchievementEnabler","BaseMod","BetterRewards","Block Reminder","Colored Map","Jorbs\u0027s Wanderer Trilogy","Minty Spire (QoL Compilation)","Rare Cards Sparkle","Shop Mod","StSLib"],"gold_per_floor":[111,111,111,132,97,133,36,62,62,85,161,161,20,58,58,177,177,191,191,38,38,0,0,0,0,0,23,23,66,66,83,83,181,181,200,9,0,50,65,65,65,65],"floor_reached":41,"playtime":1405,"items_purged":[],"score":505,"play_id":"0382a02a-090a-4f33-860a-e612f1e28d79","local_time":"20201221180455","is_ascension_mode":true,"campfire_choices":[{"data":"Consume","floor":12,"key":"SMITH"},{"data":"Capacitor","floor":15,"key":"SMITH"},{"data":"Fission","floor":23,"key":"SMITH"},{"data":"Doom and Gloom","floor":25,"key":"SMITH"},{"data":"Storm","floor":28,"key":"SMITH"},{"data":"Thunder Strike","floor":32,"key":"SMITH"},{"floor":40,"key":"REST"}],"circlet_count":0,"master_deck":["Strike_B","Strike_B","Strike_B","Strike_B","Defend_B","Defend_B","Defend_B","Defend_B","Zap","Dualcast","Melter+1","Chill","Doom and Gloom+1","Capacitor+1","Conserve Battery","White Noise","Consume+1","Thunder Strike+1","Double Energy","Fission+1","Cold Snap+1","Storm+1","Reprogram","Meteor Strike","Heatsinks"],"relics":["Cracked Core","NeowsBlessing","Bloody Idol","Centennial Puzzle","Odd Mushroom","Art of War","Thread and Needle","Inserter","Prayer Wheel","Boot","Unceasing Top","Bottled Tornado","SlaversCollar","Membership Card","Red Mask","Gambling Chip"],"acts_visited":["Exordium","TheCity","TheBeyond"],"potions_floor_usage":[6,14,16,27,29,29,33,39,39,41],"damage_taken":[{"damage":0,"enemies":"Jaw Worm","floor":1,"turns":1},{"damage":0,"enemies":"2 Louse","floor":4,"turns":1},{"damage":0,"enemies":"Gremlin Nob","floor":6,"turns":1},{"damage":11,"enemies":"The Mushroom Lair","floor":8,"turns":3},{"damage":0,"enemies":"Small Slimes","floor":10,"turns":2},{"damage":4,"enemies":"3 Sentries","floor":14,"turns":4},{"damage":18,"enemies":"Hexaghost","floor":16,"turns":9},{"damage":17,"enemies":"Chosen","floor":18,"turns":6},{"damage":5,"enemies":"Shell Parasite","floor":27,"turns":5},{"damage":9,"enemies":"Book of Stabbing","floor":29,"turns":5},{"damage":8,"enemies":"Centurion and Healer","floor":31,"turns":6},{"damage":43,"enemies":"Collector","floor":33,"turns":8},{"damage":10,"enemies":"Orb Walker","floor":35,"turns":3},{"damage":19,"enemies":"Mind Bloom Boss Battle","floor":38,"turns":5},{"damage":15,"enemies":"3 Shapes","floor":39,"turns":4},{"damage":68,"enemies":"Giant Head","floor":41,"turns":7}],"seed_played":"-5872845171092901259","potions_obtained":[{"floor":1,"key":"ColorlessPotion"},{"floor":6,"key":"EssenceOfSteel"},{"floor":10,"key":"Fire Potion"},{"floor":14,"key":"Explosive Potion"},{"floor":18,"key":"EssenceOfSteel"},{"floor":27,"key":"FocusPotion"},{"floor":31,"key":"SkillPotion"},{"floor":35,"key":"LiquidMemories"},{"floor":38,"key":"SkillPotion"}],"is_trial":false,"path_per_floor":["M","?","?","M","?","E","$","?","T","M","?","R","$","E","R","B",null,"M","?","$","?","?","R","?","R","T","M","R","E","?","M","R","B",null,"M","$","?","?","M","R","E"],"character_chosen":"DEFECT","items_purchased":["Capacitor","Conserve Battery","Thunder Strike","Boot","Membership Card","Heatsinks","Energy Potion"],"campfire_rested":1,"item_purchase_floors":[7,7,13,20,36,36,36],"current_hp_per_floor":[75,57,57,57,75,75,75,64,64,64,64,64,64,60,60,42,75,58,58,58,58,58,58,75,75,75,70,70,61,61,58,58,20,75,70,70,70,56,46,68,0,0],"gold":65,"neow_bonus":"THREE_ENEMY_KILL","is_daily":false,"chose_seed":false,"campfire_upgraded":6,"win_rate":0.0,"timestamp":1608602695,"path_taken":["M","?","?","M","?","E","$","?","T","?","?","R","?","E","R","BOSS","M","?","$","?","?","R","?","R","T","?","R","E","?","M","R","BOSS","M","$","?","?","M","R","E"],"items_purchased_type":["Card","Card","Card","Relic","Relic","Card","Potion"],"build_version":"2020-12-13","purchased_purges":0,"victory":false,"max_hp_per_floor":[75,75,75,75,75,75,75,75,75,75,75,75,75,75,75,75,75,75,75,75,75,75,75,75,75,75,75,75,75,75,75,75,75,75,75,75,75,75,75,75,75,75],"card_choices":[{"not_picked":["Hologram","Coolheaded"],"picked":"Melter","floor":1},{"not_picked":["Compile Driver","Leap"],"picked":"Chill","floor":4},{"not_picked":["Barrage","Compile Driver"],"picked":"Doom and Gloom","floor":6},{"not_picked":["Darkness","Ball Lightning"],"picked":"White Noise","floor":8},{"not_picked":["Fusion","Redo"],"picked":"Consume","floor":10},{"not_picked":["Redo","Gash"],"picked":"Double Energy","floor":14},{"not_picked":["Reboot","Echo Form"],"picked":"Fission","floor":16},{"not_picked":["Rebound","Stack","Turbo"],"picked":"SKIP","floor":18},{"not_picked":["Go for the Eyes+1","Compile Driver"],"picked":"Cold Snap+1","floor":27},{"not_picked":["Fusion","Redo"],"picked":"Storm","floor":27},{"not_picked":["Streamline","Doom and Gloom"],"picked":"Reprogram","floor":29},{"not_picked":["Steam","Turbo","Ball Lightning"],"picked":"SKIP","floor":31},{"not_picked":["Coolheaded","Conserve Battery","Barrage"],"picked":"SKIP","floor":31},{"not_picked":["Multi-Cast","Buffer"],"picked":"Meteor Strike","floor":33},{"not_picked":["Stack","Sweeping Beam+1","Streamline"],"picked":"SKIP","floor":35},{"not_picked":["Coolheaded+1","Hologram+1","Stack+1"],"picked":"SKIP","floor":35},{"not_picked":["Barrage+1","Cold Snap+1","Streamline"],"picked":"SKIP","floor":39},{"not_picked":["Redo","Go for the Eyes+1","Meteor Strike"],"picked":"SKIP","floor":39}],"player_experience":630672,"relics_obtained":[{"floor":6,"key":"Centennial Puzzle"},{"floor":8,"key":"Odd Mushroom"},{"floor":9,"key":"Art of War"},{"floor":14,"key":"Thread and Needle"},{"floor":26,"key":"Unceasing Top"},{"floor":29,"key":"Bottled Tornado"},{"floor":38,"key":"Gambling Chip"}],"event_choices":[{"damage_healed":0,"gold_gain":0,"player_choice":"Take Damage","damage_taken":18,"relics_obtained":["Golden Idol"],"max_hp_gain":0,"max_hp_loss":0,"event_name":"Golden Idol","floor":2,"gold_loss":0},{"damage_healed":0,"gold_gain":0,"player_choice":"Grow","damage_taken":0,"max_hp_gain":0,"max_hp_loss":0,"event_name":"Living Wall","floor":3,"gold_loss":0,"cards_upgraded":["Melter"]},{"damage_healed":18,"gold_gain":0,"player_choice":"Healed","damage_taken":0,"max_hp_gain":0,"max_hp_loss":0,"event_name":"The Cleric","floor":5,"gold_loss":35},{"damage_healed":0,"gold_gain":0,"player_choice":"Fought Mushrooms","damage_taken":0,"max_hp_gain":0,"max_hp_loss":0,"event_name":"Mushrooms","floor":8,"gold_loss":0},{"damage_healed":0,"gold_gain":76,"player_choice":"Gained Gold","damage_taken":0,"max_hp_gain":0,"max_hp_loss":0,"event_name":"Golden Wing","floor":11,"gold_loss":0},{"damage_healed":0,"gold_gain":0,"player_choice":"Opened","damage_taken":0,"relics_obtained":["Prayer Wheel"],"max_hp_gain":0,"max_hp_loss":0,"event_name":"The Mausoleum","floor":19,"gold_loss":0},{"damage_healed":0,"gold_gain":0,"player_choice":"Ignored","damage_taken":0,"max_hp_gain":0,"max_hp_loss":0,"event_name":"Ghosts","floor":21,"gold_loss":0},{"damage_healed":0,"gold_gain":0,"player_choice":"Paid Fearfully","damage_taken":0,"max_hp_gain":0,"max_hp_loss":0,"event_name":"Masked Bandits","floor":22,"gold_loss":38},{"damage_healed":17,"gold_gain":0,"player_choice":"Full Heal","damage_taken":0,"max_hp_gain":0,"max_hp_loss":0,"event_name":"Wheel of Change","floor":24,"gold_loss":0},{"damage_healed":0,"gold_gain":0,"player_choice":"Gave Idol","damage_taken":0,"relics_obtained":["Bloody Idol"],"max_hp_gain":0,"max_hp_loss":0,"event_name":"Forgotten Altar","floor":30,"relics_lost":["Golden Idol"],"gold_loss":0},{"damage_healed":0,"gold_gain":0,"player_choice":"Paid","damage_taken":0,"relics_obtained":["Red Mask"],"max_hp_gain":0,"max_hp_loss":0,"event_name":"Tomb of Lord Red Mask","floor":37,"gold_loss":9},{"damage_healed":0,"gold_gain":0,"player_choice":"Fight","damage_taken":0,"max_hp_gain":0,"max_hp_loss":0,"event_name":"MindBloom","floor":38,"gold_loss":0}],"is_beta":false,"boss_relics":[{"not_picked":["Coffee Dripper","Sozu"],"picked":"Inserter"},{"not_picked":["Philosopher\u0027s Stone","Snecko Eye"],"picked":"SlaversCollar"}],"items_purged_floors":[],"is_endless":false,"potions_floor_spawned":[1,6,10,14,18,27,31,35,38],"killed_by":"Giant Head","ascension_level":2}}