{"host":"6qo42zgaknezulyg","time":1608624446,"event":{"mods":["2.2 Compatiblity","BaseMod","Keyboard Shortcuts","Minty Spire (QoL Compilation)","Permanent Neow","Quick Restart","StSLib","SuperFastMode","The Runesmith"],"gold_per_floor":[110,123,198,214,229,229,249,284,284,284,284,284,158,189,189,288,288,288,288,155,155,155,155,155,155,155,155,95,95,95,95,95,95,95,95,95,95,95,95,95,95,95,95,22,22,22,22,22,22,22],"floor_reached":51,"playtime":2090,"items_purged":["Regret","Runesmith:Strike_RS"],"score":888,"play_id":"4e3ec4be-8196-429f-9995-450e63fc536b","local_time":"20201222170726","is_ascension_mode":true,"campfire_choices":[{"data":"Runesmith:HeatedChisel","floor":6.0,"key":"SMITH"},{"floor":12.0,"key":"REST"},{"data":"Runesmith:Permafrost","floor":15.0,"key":"SMITH"},{"floor":23.0,"key":"REST"},{"floor":25.0,"key":"REST"},{"floor":29.0,"key":"REST"},{"floor":32.0,"key":"REST"},{"floor":40.0,"key":"REST"},{"floor":47.0,"key":"REST"},{"floor":49.0,"key":"REST"}],"circlet_count":0,"master_deck":["Runesmith:Defend_RS","Runesmith:Defend_RS","Runesmith:Defend_RS","Runesmith:Defend_RS","Runesmith:CraftFirestone+1","Runesmith:Fortify","Runesmith:CraftIncendium","Runesmith:HeatedChisel+1","Runesmith:Firestorm+1","Runesmith:Firewall","Runesmith:Permafrost+1","Runesmith:Supernova","Runesmith:CraftIndustria","Runesmith:FieryHammer+1","Runesmith:Grindstone","Runesmith:FrozenChisel","Runesmith:OneForEveryone","Runesmith:DoubleUp+1","Runesmith:Superposition","Runesmith:Accelerate","Runesmith:ChaoticBlast+1","Runesmith:CraftObretio+1","Runesmith:Retool+1","Runesmith:CraftSpiculum+1","Runesmith:Terraform+1","Runesmith:Attraction+1","Runesmith:MetallurgicalResearch+1","Runesmith:BackupBattery+1","Runesmith:Prism+1","Runesmith:BackupBattery+1","Runesmith:DoubleUp+1","Runesmith:CraftPrismatica+1","Runesmith:PoweredAnvil+1"],"relics":["Runesmith:BrokenRuby","Pen Nib","Runesmith:EmergencyProvisions","WingedGreaves","Prayer Wheel","Turnip","Ectoplasm","InkBottle","Toxic Egg 2","Bottled Flame","Philosopher\u0027s Stone","Oddly Smooth Stone","StrikeDummy"],"acts_visited":["Exordium","TheCity","TheBeyond"],"potions_floor_usage":[50,50],"damage_taken":[{"damage":2.0,"enemies":"Jaw Worm","floor":1.0,"turns":4.0},{"damage":1.0,"enemies":"2 Louse","floor":2.0,"turns":3.0},{"damage":5.0,"enemies":"Small Slimes","floor":4.0,"turns":3.0},{"damage":14.0,"enemies":"Exordium Thugs","floor":5.0,"turns":4.0},{"damage":1.0,"enemies":"Blue Slaver","floor":7.0,"turns":4.0},{"damage":11.0,"enemies":"Gremlin Nob","floor":8.0,"turns":4.0},{"damage":14.0,"enemies":"Lagavulin","floor":14.0,"turns":7.0},{"damage":12.0,"enemies":"Hexaghost","floor":16.0,"turns":9.0},{"damage":28.0,"enemies":"3 Byrds","floor":18.0,"turns":5.0},{"damage":12.0,"enemies":"Shell Parasite","floor":22.0,"turns":5.0},{"damage":10.0,"enemies":"Snake Plant","floor":24.0,"turns":5.0},{"damage":22.0,"enemies":"Slavers","floor":27.0,"turns":6.0},{"damage":2.0,"enemies":"3 Cultists","floor":30.0,"turns":4.0},{"damage":23.0,"enemies":"Gremlin Leader","floor":31.0,"turns":5.0},{"damage":5.0,"enemies":"Champ","floor":33.0,"turns":8.0},{"damage":9.0,"enemies":"3 Darklings","floor":35.0,"turns":4.0},{"damage":1.0,"enemies":"3 Shapes","floor":37.0,"turns":3.0},{"damage":2.0,"enemies":"3 Darklings","floor":39.0,"turns":5.0},{"damage":0.0,"enemies":"Sphere and 2 Shapes","floor":42.0,"turns":5.0},{"damage":33.0,"enemies":"Writhing Mass","floor":45.0,"turns":6.0},{"damage":1.0,"enemies":"3 Darklings","floor":48.0,"turns":4.0},{"damage":23,"enemies":"Donu and Deca","floor":50,"turns":7}],"seed_played":"-8397734727924546676","potions_obtained":[{"floor":2.0,"key":"ColorlessPotion"},{"floor":4.0,"key":"CultistPotion"},{"floor":14.0,"key":"SpeedPotion"},{"floor":18.0,"key":"Strength Potion"},{"floor":27.0,"key":"Regen Potion"},{"floor":37.0,"key":"Fire Potion"}],"is_trial":false,"path_per_floor":["M","M","?","M","M","R","M","E","T","?","?","R","$","E","R","B",null,"M","?","$","?","M","R","M","R","T","E","?","R","M","E","R","B",null,"M","?","M","?","M","R","?","M","T","$","M","T","R","M","R","B",null],"character_chosen":"RUNESMITH_CLASS","items_purchased":["Strength Potion","Runesmith:OneForEveryone","DuplicationPotion"],"campfire_rested":8,"item_purchase_floors":[13,20,44],"current_hp_per_floor":[68,67,56,51,37,37,36,25,25,11,11,32,32,18,18,6,54,26,26,26,26,14,35,25,46,46,24,24,45,43,34,55,50,65,56,56,55,55,53,70,70,70,70,70,37,37,58,57,70,47],"gold":22,"neow_bonus":"RANDOM_COMMON_RELIC","is_daily":false,"chose_seed":false,"campfire_upgraded":2,"win_rate":0.0,"timestamp":1608624446,"path_taken":["M","M","?","M","M","R","M","E","T","?","?","R","$","E","R","BOSS","M","?","$","?","M","R","M","R","T","E","?","R","?","E","R","BOSS","M","?","?","?","?","R","?","M","T","?","M","?","R","M","R","BOSS"],"items_purchased_type":["Potion","Card","Potion"],"build_version":"2020-12-13","purchased_purges":2,"victory":true,"max_hp_per_floor":[70,70,70,70,70,70,70,70,70,70,70,70,70,70,70,70,70,70,70,70,70,70,70,70,70,70,70,70,70,70,70,70,70,70,70,70,70,70,70,70,70,70,70,70,70,70,70,70,70,70],"card_choices":[{"not_picked":["Runesmith:Repurpose","Runesmith:EarthShield"],"picked":"Runesmith:CraftIncendium","floor":1.0},{"not_picked":["Runesmith:StaticCage","Runesmith:EarthShield"],"picked":"Runesmith:HeatedChisel","floor":2.0},{"not_picked":["Runesmith:Prism","Runesmith:HammerThrow"],"picked":"Runesmith:Firestorm","floor":4.0},{"not_picked":["Runesmith:BackupBattery","Runesmith:HeatedChisel"],"picked":"Runesmith:Firewall","floor":5.0},{"not_picked":["Runesmith:NegativeSpace","Runesmith:HammerThrow"],"picked":"Runesmith:Permafrost","floor":7.0},{"not_picked":["Runesmith:Firestorm","Runesmith:EnergizedChisel","Runesmith:CraftMedicinae"],"picked":"SKIP","floor":8.0},{"not_picked":["Runesmith:RuneHurl","Runesmith:DuctTape"],"picked":"Runesmith:Supernova","floor":14.0},{"not_picked":["Runesmith:FissionHammer","Runesmith:CraftMedicinae"],"picked":"Runesmith:CraftIndustria","floor":16.0},{"not_picked":["Runesmith:HeatExchange+1","Runesmith:ElementalConversion"],"picked":"Runesmith:FieryHammer+1","floor":18.0},{"not_picked":["Runesmith:ChiselStab","Runesmith:StaticCage"],"picked":"Runesmith:Grindstone","floor":18.0},{"not_picked":["Runesmith:CraftMagma","Runesmith:CraftReservo"],"picked":"Runesmith:DoubleUp+1","floor":22.0},{"not_picked":["Runesmith:Repurpose","Runesmith:HeatedChisel"],"picked":"Runesmith:Superposition","floor":22.0},{"not_picked":["Runesmith:PerfectChisel","Runesmith:HammerAndChisel"],"picked":"Runesmith:Accelerate","floor":24.0},{"not_picked":["Runesmith:HeatedChisel","Runesmith:Electrocute","Runesmith:CraftProtectio"],"picked":"SKIP","floor":24.0},{"not_picked":["Runesmith:Overpower","Runesmith:Supernova+1"],"picked":"Runesmith:ChaoticBlast+1","floor":27.0},{"not_picked":["Runesmith:CraftProtectio+1","Runesmith:Overpower"],"picked":"Runesmith:CraftSpiculum+1","floor":30.0},{"not_picked":["Runesmith:GoWithTheFlow","Runesmith:CraftMagma+1"],"picked":"Runesmith:Terraform+1","floor":30.0},{"not_picked":["Runesmith:HammerThrow","Runesmith:PoweredAnvil"],"picked":"Runesmith:Attraction+1","floor":31.0},{"not_picked":["Runesmith:ArcReactor","Runesmith:Duplicate+1"],"picked":"Runesmith:MetallurgicalResearch+1","floor":33.0},{"not_picked":["Runesmith:Empowerment+1","Runesmith:Retool+1"],"picked":"Runesmith:BackupBattery+1","floor":35.0},{"not_picked":["Runesmith:Repurpose+1","Runesmith:UnstableHammer+1"],"picked":"Runesmith:Prism+1","floor":35.0},{"not_picked":["Runesmith:NanitesCloud+1","Runesmith:UnstableHammer"],"picked":"Runesmith:DoubleUp+1","floor":37.0},{"not_picked":["Runesmith:ElementalConversion+1","Runesmith:ShiftingStrike+1","Runesmith:HammerThrow"],"picked":"SKIP","floor":37.0},{"not_picked":["Runesmith:StaticCage+1","Runesmith:DoubleUp+1","Runesmith:NegativeSpace+1"],"picked":"SKIP","floor":39.0},{"not_picked":["Runesmith:ChiselStab+1","Runesmith:ShiftingStrike+1","Runesmith:CraftProtectio+1"],"picked":"SKIP","floor":39.0},{"not_picked":["Runesmith:StaticCage+1","Runesmith:Repurpose+1","Runesmith:Augment+1"],"picked":"SKIP","floor":42.0},{"not_picked":["Runesmith:ChiselStab","Runesmith:Terraform+1","Runesmith:Refine+1"],"picked":"SKIP","floor":42.0},{"not_picked":["Runesmith:Augment+1","Runesmith:CraftReservo+1"],"picked":"Runesmith:CraftPrismatica+1","floor":45.0},{"not_picked":["Runesmith:Overpower","Runesmith:ChaoticBlast+1","Runesmith:CraftMagma+1"],"picked":"SKIP","floor":45.0},{"not_picked":["Runesmith:ChiselStab+1","Runesmith:Overpower"],"picked":"Runesmith:PoweredAnvil+1","floor":48.0},{"not_picked":["Runesmith:Grindstone+1","Runesmith:ChiselStab","Runesmith:StaticCage+1"],"picked":"SKIP","floor":48.0}],"player_experience":746273,"relics_obtained":[{"floor":8.0,"key":"Runesmith:EmergencyProvisions"},{"floor":9.0,"key":"WingedGreaves"},{"floor":14.0,"key":"Turnip"},{"floor":26.0,"key":"InkBottle"},{"floor":27.0,"key":"Toxic Egg 2"},{"floor":31.0,"key":"Bottled Flame"},{"floor":43.0,"key":"Oddly Smooth Stone"},{"floor":46.0,"key":"StrikeDummy"}],"event_choices":[{"damage_healed":0.0,"max_hp_gain":0.0,"max_hp_loss":0.0,"gold_gain":75.0,"event_name":"World of Goop","player_choice":"Gather Gold","floor":3.0,"gold_loss":0.0,"damage_taken":11.0},{"damage_healed":0.0,"max_hp_gain":0.0,"max_hp_loss":0.0,"gold_gain":0.0,"event_name":"Shining Light","player_choice":"Entered Light","floor":10.0,"gold_loss":0.0,"damage_taken":14.0,"cards_upgraded":["Runesmith:CraftFirestone","Runesmith:Firestorm"]},{"damage_healed":0.0,"max_hp_gain":0.0,"max_hp_loss":0.0,"gold_gain":0.0,"event_name":"Big Fish","player_choice":"Box","floor":11.0,"gold_loss":0.0,"damage_taken":0.0,"relics_obtained":["Prayer Wheel"],"cards_obtained":["Regret"]},{"damage_healed":0.0,"max_hp_gain":0.0,"max_hp_loss":0.0,"gold_gain":0.0,"event_name":"The Library","player_choice":"Read","floor":19.0,"gold_loss":0.0,"damage_taken":0.0,"cards_obtained":["Runesmith:FrozenChisel"]},{"damage_healed":0.0,"max_hp_gain":0.0,"max_hp_loss":0.0,"gold_gain":0.0,"event_name":"The Mausoleum","player_choice":"Ignored","floor":21.0,"gold_loss":0.0,"damage_taken":0.0},{"damage_healed":0.0,"max_hp_gain":0.0,"max_hp_loss":0.0,"gold_gain":0.0,"cards_transformed":["Runesmith:Strike_RS","Runesmith:Strike_RS"],"event_name":"Designer","player_choice":"Transformed Cards","floor":28.0,"gold_loss":60.0,"damage_taken":0.0,"cards_obtained":["Runesmith:CraftObretio","Runesmith:Retool"]},{"damage_healed":0.0,"max_hp_gain":0.0,"max_hp_loss":0.0,"gold_gain":0.0,"event_name":"Duplicator","player_choice":"Copied","floor":36.0,"gold_loss":0.0,"damage_taken":0.0,"cards_obtained":["Runesmith:BackupBattery"]},{"cards_removed":["Runesmith:Strike_RS"],"damage_healed":0.0,"max_hp_gain":0.0,"max_hp_loss":0.0,"gold_gain":0.0,"event_name":"Purifier","player_choice":"Purged","floor":38.0,"gold_loss":0.0,"damage_taken":0.0},{"damage_healed":0.0,"max_hp_gain":0.0,"max_hp_loss":0.0,"gold_gain":0.0,"event_name":"Mysterious Sphere","player_choice":"Ignored","floor":41.0,"gold_loss":0.0,"damage_taken":0.0}],"is_beta":false,"boss_relics":[{"not_picked":["SlaversCollar","Astrolabe"],"picked":"Ectoplasm"},{"not_picked":["Coffee Dripper","Runesmith:UraniumAnvil"],"picked":"Philosopher\u0027s Stone"}],"items_purged_floors":[13,20],"is_endless":false,"potions_floor_spawned":[2,4,14,18,27,37,45,48],"ascension_level":5}}