{"host":"hgkb2zpbo2dcws21","time":1608639670,"event":{"mods":["AchievementEnabler","BaseMod","Colored Map","Colored Powertips","Custom Start","DeckTracker","KOR Keyword Fix","Minty Spire (QoL Compilation)","Relic Stats","StSLib","SuperFastMode"],"gold_per_floor":[116,116,135,85,10,37,37,68,92,92,92,92,134,147,147,229,229,248,248,83,83,100,100,115,115,115,115,115,150,159,174,174,174,174],"floor_reached":33,"playtime":533,"items_purged":["Strike_P","Strike_P"],"score":517,"play_id":"e901002f-bb86-4d8d-802a-32588ce2a8a2","local_time":"20201222212110","is_ascension_mode":true,"campfire_choices":[{"data":"Eruption","floor":7.0,"key":"SMITH"},{"data":"CrushJoints","floor":11.0,"key":"SMITH"},{"floor":15.0,"key":"REST"},{"floor":23.0,"key":"REST"},{"floor":25.0,"key":"REST"},{"floor":27.0,"key":"REST"},{"floor":32,"key":"REST"}],"circlet_count":0,"master_deck":["AscendersBane","Strike_P","Defend_P+1","Defend_P+1","Defend_P+1","Eruption+1","Vigilance+1","Tantrum","FollowUp+1","EmptyBody","CrushJoints+1","FlurryOfBlows+1","LessonLearned","Adaptation+1","CrushJoints"],"relics":["PureWater","NeowsBlessing","Lantern","Happy Flower","CeramicFish","Torii","Philosopher\u0027s Stone","HornCleat","Blood Vial"],"acts_visited":["Exordium","TheCity"],"potions_floor_usage":[29,33,33],"damage_taken":[{"damage":0.0,"enemies":"Cultist","floor":1.0,"turns":1.0},{"damage":0.0,"enemies":"2 Louse","floor":3.0,"turns":1.0},{"damage":0.0,"enemies":"Lagavulin","floor":6.0,"turns":1.0},{"damage":32.0,"enemies":"Gremlin Nob","floor":8.0,"turns":3.0},{"damage":17.0,"enemies":"3 Sentries","floor":13.0,"turns":9.0},{"damage":0.0,"enemies":"Jaw Worm","floor":14.0,"turns":2.0},{"damage":17.0,"enemies":"Slime Boss","floor":16.0,"turns":6.0},{"damage":16.0,"enemies":"Spheric Guardian","floor":18.0,"turns":3.0},{"damage":14.0,"enemies":"Shell Parasite","floor":22.0,"turns":4.0},{"damage":15.0,"enemies":"3 Cultists","floor":24.0,"turns":5.0},{"damage":23,"enemies":"Slavers","floor":29,"turns":5},{"damage":28,"enemies":"Snecko","floor":31,"turns":4},{"damage":22,"enemies":"Automaton","floor":33,"turns":6}],"seed_played":"5732901017899870572","potions_obtained":[{"floor":6.0,"key":"Regen Potion"},{"floor":16.0,"key":"Strength Potion"},{"floor":18.0,"key":"Dexterity Potion"},{"floor":29,"key":"Energy Potion"}],"is_trial":false,"path_per_floor":["M","?","M","?","$","E","R","E","T","$","R","?","E","M","R","B",null,"M","?","$","?","M","R","M","R","T","R","?","E","?","M","R","B"],"character_chosen":"WATCHER","items_purchased":["Adaptation"],"campfire_rested":5,"item_purchase_floors":[20],"current_hp_per_floor":[61,66,66,66,66,66,66,34,34,34,34,19,17,17,38,21,60,44,31,31,31,17,40,25,48,48,71,71,48,48,22,45,25,25],"gold":174,"neow_bonus":"THREE_ENEMY_KILL","is_daily":false,"chose_seed":false,"campfire_upgraded":2,"win_rate":0.0,"timestamp":1608639670,"path_taken":["M","?","M","?","$","E","R","E","T","?","R","?","E","M","R","BOSS","M","?","$","?","M","R","?","R","T","R","?","E","?","?","R","BOSS"],"items_purchased_type":["Card"],"build_version":"2020-12-13","purchased_purges":2,"victory":false,"max_hp_per_floor":[68,73,73,73,73,73,73,73,73,73,73,73,73,73,73,73,73,73,78,78,78,78,78,78,78,78,78,78,78,78,78,78,78,78],"relic_stats":{"Blood Vial":4,"Happy Flower":[14],"Torii":4,"counters":[13,50],"CeramicFish":36,"obtain_stats":[{"Blood Vial":29,"Lantern":6,"HornCleat":26,"NeowsBlessing":0,"Happy Flower":8,"Torii":13,"CeramicFish":9,"Philosopher\u0027s Stone":17,"PureWater":0},{"Blood Vial":11,"Lantern":3,"HornCleat":10,"NeowsBlessing":0,"Happy Flower":4,"Torii":5,"CeramicFish":4,"Philosopher\u0027s Stone":7,"PureWater":0},{"Blood Vial":40,"Lantern":3,"HornCleat":35,"NeowsBlessing":0,"Happy Flower":6,"Torii":15,"CeramicFish":6,"Philosopher\u0027s Stone":23,"PureWater":0}]},"card_choices":[{"not_picked":["Crescendo","Halt"],"picked":"Tantrum","floor":1.0},{"not_picked":["Sanctity","PathToVictory"],"picked":"FollowUp","floor":3.0},{"not_picked":["ClearTheMind","WreathOfFlame"],"picked":"EmptyBody","floor":6.0},{"not_picked":["LikeWater","Protect"],"picked":"CrushJoints","floor":8.0},{"not_picked":["JustLucky","FollowUp"],"picked":"FlurryOfBlows","floor":13.0},{"not_picked":["FollowUp","Blasphemy","Crescendo"],"picked":"SKIP","floor":14.0},{"not_picked":["Omniscience","Judgement"],"picked":"LessonLearned","floor":16.0},{"not_picked":["PathToVictory","WaveOfTheHand","BowlingBash"],"picked":"SKIP","floor":18.0},{"not_picked":["Crescendo+1","ThirdEye+1","Swivel"],"picked":"SKIP","floor":22.0},{"not_picked":["SignatureMove","FollowUp","CutThroughFate"],"picked":"SKIP","floor":24.0},{"not_picked":["Crescendo","FlurryOfBlows","Nirvana"],"picked":"SKIP","floor":29},{"not_picked":["Swivel","Nirvana+1","Sanctity"],"picked":"SKIP","floor":31}],"player_experience":1097871,"relics_obtained":[{"floor":6.0,"key":"Lantern"},{"floor":8.0,"key":"Happy Flower"},{"floor":9.0,"key":"CeramicFish"},{"floor":13.0,"key":"Torii"},{"floor":26.0,"key":"HornCleat"},{"floor":29,"key":"Blood Vial"}],"event_choices":[{"damage_healed":0.0,"max_hp_gain":5.0,"max_hp_loss":0.0,"gold_gain":0.0,"event_name":"Big Fish","player_choice":"Donut","floor":2.0,"gold_loss":0.0,"damage_taken":0.0},{"cards_removed":["Strike_P"],"damage_healed":0.0,"max_hp_gain":0.0,"max_hp_loss":0.0,"gold_gain":0.0,"event_name":"The Cleric","player_choice":"Card Removal","floor":4.0,"gold_loss":50.0,"damage_taken":0.0},{"damage_healed":0.0,"max_hp_gain":0.0,"max_hp_loss":0.0,"gold_gain":0.0,"event_name":"Shining Light","player_choice":"Entered Light","floor":12.0,"gold_loss":0.0,"damage_taken":15.0,"cards_upgraded":["Defend_P","FollowUp"]},{"damage_healed":0.0,"max_hp_gain":5.0,"max_hp_loss":0.0,"gold_gain":0.0,"event_name":"Forgotten Altar","player_choice":"Shed Blood","floor":19.0,"gold_loss":0.0,"damage_taken":18.0},{"damage_healed":0.0,"max_hp_gain":0.0,"max_hp_loss":0.0,"gold_gain":0.0,"event_name":"Upgrade Shrine","player_choice":"Upgraded","floor":21.0,"gold_loss":0.0,"damage_taken":0.0,"cards_upgraded":["Adaptation"]},{"damage_healed":0.0,"max_hp_gain":0.0,"max_hp_loss":0.0,"gold_gain":0.0,"event_name":"Cursed Tome","player_choice":"Ignored","floor":28.0,"gold_loss":0.0,"damage_taken":0.0},{"damage_healed":0,"gold_gain":0,"cards_transformed":["Defend_P"],"player_choice":"Transformed","damage_taken":0,"max_hp_gain":0,"max_hp_loss":0,"event_name":"Transmorgrifier","floor":30,"gold_loss":0,"cards_obtained":["CrushJoints"]}],"is_beta":false,"boss_relics":[{"not_picked":["HolyWater","Calling Bell"],"picked":"Philosopher\u0027s Stone"}],"items_purged_floors":[5,20],"is_endless":false,"potions_floor_spawned":[6,16,18,24,29],"killed_by":"Automaton","ascension_level":14}}