{"host":"konjmgczbcns2r3g","time":1608608078,"event":{"mods":["AchievementEnabler","BaseMod","Colored Powertips","Hermit","Infinite Spire","Minty Spire (QoL Compilation)","StSLib","The Cursed","The Necromancer","The Servant 0.9.4"],"gold_per_floor":[113,113,113,129,149,149,175,185,185,198,217,232,243,243,243],"floor_reached":14,"playtime":889,"items_purged":[],"score":96,"play_id":"c38f8da0-4478-4400-b180-fef5800db0b7","local_time":"20201221223438","is_ascension_mode":false,"campfire_choices":[{"floor":6,"key":"REST"}],"circlet_count":0,"master_deck":["TheCursedMod:Strike_TheCursed+1","TheCursedMod:Strike_TheCursed","TheCursedMod:Strike_TheCursed","TheCursedMod:Strike_TheCursed","TheCursedMod:Defend_TheCursed","TheCursedMod:Defend_TheCursed","TheCursedMod:Defend_TheCursed","TheCursedMod:Defend_TheCursed","TheCursedMod:CursedWand","TheCursedMod:CleanUpWorkshop+1","TheCursedMod:Dregs","TheCursedMod:CursedMace","TheCursedMod:Stigma","TheCursedMod:ReleasedKnowledge","TheCursedMod:CursedShiv","TheCursedMod:Torture","TheCursedMod:SurpriseAttack","TheCursedMod:VitalStrike","TheCursedMod:Wield","TheCursedMod:SpitefulStrike"],"relics":["TheCursedMod:BlackMagic101","Bag of Marbles","Art of War","TheCursedMod:BloodyHarpoon"],"acts_visited":["Exordium"],"potions_floor_usage":[11,11,14],"damage_taken":[{"damage":0,"enemies":"Jaw Worm","floor":1,"turns":7},{"damage":1,"enemies":"Cultist","floor":4,"turns":3},{"damage":1,"enemies":"2 Louse","floor":5,"turns":3},{"damage":44,"enemies":"Lagavulin","floor":7,"turns":6},{"damage":0,"enemies":"Blue Slaver","floor":8,"turns":2},{"damage":15,"enemies":"Large Slime","floor":10,"turns":5},{"damage":6,"enemies":"Exordium Wildlife","floor":11,"turns":3},{"damage":0,"enemies":"Looter","floor":12,"turns":1},{"damage":3,"enemies":"Blue Slaver","floor":13,"turns":1},{"damage":22,"enemies":"3 Sentries","floor":14,"turns":6}],"seed_played":"-5464730807661086842","potions_obtained":[{"floor":4,"key":"Fire Potion"},{"floor":7,"key":"SpeedPotion"},{"floor":10,"key":"FearPotion"},{"floor":11,"key":"Fruit Juice"},{"floor":13,"key":"DuplicationPotion"}],"is_trial":false,"path_per_floor":["M","?","T","M","M","R","E","M","T","M","M","M","M","E"],"character_chosen":"THE_CURSED","items_purchased":[],"campfire_rested":1,"item_purchase_floors":[],"current_hp_per_floor":[82,66,66,65,64,82,38,38,38,23,22,22,19,0,0],"gold":243,"neow_bonus":"TEN_PERCENT_HP_BONUS","is_daily":false,"chose_seed":false,"campfire_upgraded":0,"win_rate":0.0,"timestamp":1608608078,"path_taken":["M","?","?","M","?","R","E","M","T","M","M","M","M","E"],"items_purchased_type":[],"build_version":"2020-12-13","purchased_purges":0,"victory":false,"max_hp_per_floor":[82,82,82,82,82,82,82,82,82,82,87,87,87,87,87],"card_choices":[{"not_picked":["TheCursedMod:CircleOfWindfury","TheCursedMod:SpitefulStrike"],"picked":"TheCursedMod:CursedMace","floor":1},{"not_picked":["TheCursedMod:WearCloak","TheCursedMod:CursedMace"],"picked":"TheCursedMod:Stigma","floor":4},{"not_picked":["TheCursedMod:Stretching","TheCursedMod:Torture"],"picked":"TheCursedMod:ReleasedKnowledge","floor":5},{"not_picked":["TheCursedMod:ReleasedStrength","TheCursedMod:CircleOfWindfury"],"picked":"TheCursedMod:CursedShiv","floor":7},{"not_picked":["TheCursedMod:RapidMovement","TheCursedMod:HellsGateOpen"],"picked":"TheCursedMod:Torture","floor":8},{"not_picked":["TheCursedMod:CursedArmor","TheCursedMod:CircleOfWindfury"],"picked":"TheCursedMod:SurpriseAttack","floor":10},{"not_picked":["TheCursedMod:Stretching","TheCursedMod:CursedArmor"],"picked":"TheCursedMod:VitalStrike","floor":11},{"not_picked":["TheCursedMod:PrepareRite","TheCursedMod:RavingStaff"],"picked":"TheCursedMod:Wield","floor":12},{"not_picked":["TheCursedMod:SmokeScreen","TheCursedMod:Stretching"],"picked":"TheCursedMod:SpitefulStrike","floor":13}],"player_experience":265082,"relics_obtained":[{"floor":3,"key":"Bag of Marbles"},{"floor":7,"key":"Art of War"},{"floor":9,"key":"TheCursedMod:BloodyHarpoon"}],"event_choices":[{"damage_healed":0,"gold_gain":0,"player_choice":"Entered Light","damage_taken":16,"max_hp_gain":0,"max_hp_loss":0,"event_name":"Shining Light","floor":2,"gold_loss":0,"cards_upgraded":["TheCursedMod:Strike_TheCursed","TheCursedMod:CleanUpWorkshop"]}],"is_beta":false,"boss_relics":[],"items_purged_floors":[],"is_endless":false,"potions_floor_spawned":[4,7,10,11,13],"killed_by":"3 Sentries","ascension_level":0}}