{"host":"4nqeo0vu1vuav7gg","time":1608644246,"event":{"mods":["AchievementEnabler","BaseMod","Block Reminder","Colored Map","Colored Powertips","Highlight Path","Minty Spire (QoL Compilation)","Quick Restart","Rare Cards Sparkle","Relic Relevance Reorder","StSLib"],"gold_per_floor":[113,113,113,133,152,152,180,198,198,473,22,33,67,79,79,155,155,175,193,193,206,206,206,206],"floor_reached":23,"playtime":1357,"items_purged":["Regret"],"score":468,"play_id":"e766e248-ddd2-496b-a6de-dcfb1ca702f7","local_time":"20201222143726","is_ascension_mode":true,"campfire_choices":[{"floor":6.0,"key":"REST"},{"floor":15.0,"key":"REST"}],"circlet_count":0,"master_deck":["AscendersBane","Strike_B","Strike_B","Strike_B","Strike_B","Defend_B","Defend_B","Defend_B","Defend_B","Zap","Dualcast","Thunder Strike+1","Barrage","Chill","Cold Snap","Buffer","Defragment","Capacitor","Undo","BootSequence","Reboot","Fusion","Blizzard+1","Barrage+1","Writhe"],"relics":["Cracked Core","FossilizedHelix","Oddly Smooth Stone","Nuclear Battery","Darkstone Periapt","Molten Egg 2","Strawberry"],"acts_visited":["Exordium","TheCity"],"potions_floor_usage":[23],"damage_taken":[{"damage":7.0,"enemies":"Small Slimes","floor":1.0,"turns":3.0},{"damage":12.0,"enemies":"2 Louse","floor":4.0,"turns":3.0},{"damage":1.0,"enemies":"Cultist","floor":5.0,"turns":3.0},{"damage":36.0,"enemies":"Lagavulin","floor":7.0,"turns":7.0},{"damage":2.0,"enemies":"Large Slime","floor":8.0,"turns":7.0},{"damage":0.0,"enemies":"Lots of Slimes","floor":12.0,"turns":5.0},{"damage":12.0,"enemies":"Gremlin Nob","floor":13.0,"turns":4.0},{"damage":0.0,"enemies":"Looter","floor":14.0,"turns":4.0},{"damage":0.0,"enemies":"Slime Boss","floor":16.0,"turns":13.0},{"damage":1.0,"enemies":"Spheric Guardian","floor":18.0,"turns":5.0},{"damage":0.0,"enemies":"Chosen","floor":19.0,"turns":7.0},{"damage":23.0,"enemies":"Snake Plant","floor":21.0,"turns":7.0},{"damage":38,"enemies":"Gremlin Leader","floor":23,"turns":5}],"seed_played":"596597192681789959","potions_obtained":[{"floor":1.0,"key":"EssenceOfDarkness"},{"floor":5.0,"key":"BlessingOfTheForge"},{"floor":7.0,"key":"GamblersBrew"},{"floor":12.0,"key":"DuplicationPotion"},{"floor":19.0,"key":"CultistPotion"}],"is_trial":false,"path_per_floor":["M","?","?","M","M","R","E","M","T","?","$","M","E","M","R","B",null,"M","M","?","M","?","E"],"character_chosen":"DEFECT","items_purchased":["FossilizedHelix","Capacitor"],"campfire_rested":2,"item_purchase_floors":[11,11],"current_hp_per_floor":[57,57,53,41,40,61,25,23,23,29,29,29,17,17,40,40,68,67,67,46,23,36,0,0],"gold":206,"neow_bonus":"ONE_RANDOM_RARE_CARD","is_daily":false,"chose_seed":false,"campfire_upgraded":0,"win_rate":0.0,"timestamp":1608644246,"path_taken":["M","?","?","M","?","R","E","M","T","?","$","?","E","M","R","BOSS","M","M","?","M","?","E"],"items_purchased_type":["Relic","Card"],"build_version":"2020-12-13","purchased_purges":1,"victory":false,"max_hp_per_floor":[71,71,71,71,71,71,71,71,71,77,77,77,77,77,77,77,77,77,77,77,77,90,90,90],"card_choices":[{"not_picked":["Melter","Steam"],"picked":"Barrage","floor":1.0},{"not_picked":["Recycle","Stack"],"picked":"Chill","floor":4.0},{"not_picked":["Gash","Steam"],"picked":"Cold Snap","floor":5.0},{"not_picked":["Blizzard","Reprogram"],"picked":"Buffer","floor":7.0},{"not_picked":["Go for the Eyes","Beam Cell"],"picked":"Defragment","floor":8.0},{"not_picked":["Rip and Tear+1","Gash+1"],"picked":"Undo","floor":12.0},{"not_picked":["Redo","Lockon+1"],"picked":"BootSequence","floor":13.0},{"not_picked":["Aggregate","Undo","Leap"],"picked":"SKIP","floor":14.0},{"not_picked":["Hyperbeam+1","Meteor Strike+1"],"picked":"Reboot","floor":16.0},{"not_picked":["Compile Driver+1","Conserve Battery"],"picked":"Fusion","floor":18.0},{"not_picked":["Stack","Reprogram"],"picked":"Blizzard+1","floor":19.0},{"not_picked":["White Noise","Stack+1"],"picked":"Barrage+1","floor":21.0}],"player_experience":975140,"relics_obtained":[{"floor":7.0,"key":"Darkstone Periapt"},{"floor":9.0,"key":"Molten Egg 2"},{"floor":13.0,"key":"Oddly Smooth Stone"}],"event_choices":[{"damage_healed":0.0,"max_hp_gain":0.0,"max_hp_loss":0.0,"gold_gain":0.0,"event_name":"Living Wall","player_choice":"Grow","floor":2.0,"gold_loss":0.0,"damage_taken":0.0,"cards_upgraded":["Thunder Strike"]},{"damage_healed":0.0,"max_hp_gain":0.0,"max_hp_loss":0.0,"gold_gain":0.0,"event_name":"The Woman in Blue","player_choice":"Bought 0 Potions","floor":3.0,"gold_loss":0.0,"damage_taken":0.0},{"damage_healed":0.0,"max_hp_gain":0.0,"max_hp_loss":0.0,"gold_gain":275.0,"event_name":"Golden Shrine","player_choice":"Desecrate","floor":10.0,"gold_loss":0.0,"damage_taken":0.0,"cards_obtained":["Regret"]},{"damage_healed":0.0,"max_hp_gain":0.0,"max_hp_loss":0.0,"gold_gain":0.0,"event_name":"Cursed Tome","player_choice":"Obtained Book","floor":20.0,"gold_loss":0.0,"damage_taken":21.0},{"damage_healed":0.0,"max_hp_gain":0.0,"max_hp_loss":0.0,"gold_gain":0.0,"event_name":"The Mausoleum","player_choice":"Opened","floor":22.0,"gold_loss":0.0,"damage_taken":0.0,"relics_obtained":["Strawberry"],"cards_obtained":["Writhe"]}],"is_beta":false,"boss_relics":[{"not_picked":["Calling Bell","Tiny House"],"picked":"Nuclear Battery"}],"items_purged_floors":[11],"is_endless":false,"potions_floor_spawned":[1,5,7,12,19],"killed_by":"Gremlin Leader","ascension_level":15}}