{"host":"q6rs3in4l29iepap","time":1608602747,"event":{"mods":["Aspiration","BaseMod","Colored Map","Downfall","Hermit","Hubris","Infinite Spire","Jorbs\u0027s Wanderer Trilogy","Minty Spire (QoL Compilation)","Replay The Spire","Shade Mod","StSLib","The Bug Knight","The Construct","The Cursed","The Disciple","The Hierophant","The Mystic","The Runesmith"],"gold_per_floor":[110,179,195,195,214,242,242,242,265,280,122,122,122,157,157,157,157],"floor_reached":16,"playtime":1166,"items_purged":[],"score":108,"play_id":"8f16f758-98e5-46a3-bbec-a58a0694b386","local_time":"20201221180547","is_ascension_mode":false,"campfire_choices":[{"floor":8,"key":"REST"},{"data":"construct:Autoturret","floor":12,"key":"SMITH"},{"floor":15,"key":"REST"}],"circlet_count":0,"master_deck":["construct:Strike_Gold","construct:Strike_Gold","construct:Strike_Gold","construct:Strike_Gold","construct:Strike_Gold","construct:Defend_Gold","construct:Defend_Gold","construct:Defend_Gold","construct:Defend_Gold","construct:Defend_Gold","construct:AttackMode","construct:DefenseMode","construct:Versatility","construct:GuardCore","construct:CriticalHit","construct:QuickAttack","construct:Autoturret","construct:Autoturret+1","construct:ClockworkEgg","construct:ClockworkEgg"],"relics":["construct:Cogwheel","NeowsBlessing","Mirror","Ancient Tea Set","Golden Idol","PreservedInsect"],"acts_visited":["Exordium"],"potions_floor_usage":[10,14,14],"damage_taken":[{"damage":0,"enemies":"2 Louse","floor":1,"turns":1},{"damage":0,"enemies":"Cultist","floor":3,"turns":1},{"damage":0,"enemies":"Jaw Worm","floor":5,"turns":1},{"damage":35,"enemies":"Lagavulin","floor":6,"turns":9},{"damage":0,"enemies":"3 Louse","floor":10,"turns":7},{"damage":23,"enemies":"3 Sentries","floor":14,"turns":10},{"damage":69,"enemies":"Slime Boss","floor":16,"turns":13}],"seed_played":"-8979039663600578986","potions_obtained":[{"floor":1,"key":"DuplicationPotion"},{"floor":2,"key":"Ancient Potion"},{"floor":2,"key":"Fire Potion"},{"floor":2,"key":"DistilledChaos"},{"floor":10,"key":"Fruit Juice"},{"floor":14,"key":"Weak Potion"}],"is_trial":false,"path_per_floor":["M","?","M","$","M","E","?","R","T","M","$","R","?","E","R","B"],"character_chosen":"THE_CONSTRUCT_MOD","items_purchased":["construct:Autoturret","construct:ClockworkEgg"],"campfire_rested":2,"item_purchase_floors":[11,11],"current_hp_per_floor":[85,85,85,85,85,50,50,75,75,80,80,80,58,35,62,0,0],"gold":157,"neow_bonus":"THREE_ENEMY_KILL","is_daily":false,"chose_seed":false,"campfire_upgraded":1,"win_rate":0.0,"timestamp":1608602747,"path_taken":["M","?","?","$","M","E","?","R","T","M","$","R","?","E","R","BOSS"],"items_purchased_type":["Card","Card"],"build_version":"2020-12-13","purchased_purges":0,"victory":false,"max_hp_per_floor":[85,85,85,85,85,85,85,85,85,90,90,90,90,90,90,90,90],"card_choices":[{"not_picked":["construct:Anticipate","construct:SuppressiveFire"],"picked":"construct:Versatility","floor":1},{"not_picked":["construct:HardReboot","construct:SuppressiveFire"],"picked":"construct:GuardCore","floor":2},{"not_picked":["construct:OneWayMirror","construct:Versatility"],"picked":"construct:CriticalHit","floor":3},{"not_picked":["construct:SuppressiveFire","construct:SweepLaser"],"picked":"construct:QuickAttack","floor":5},{"not_picked":["construct:Overcharge","construct:Isolate"],"picked":"construct:Autoturret","floor":6},{"not_picked":["construct:Accumulate","construct:SweepLaser","construct:Forcefield"],"picked":"SKIP","floor":10},{"not_picked":["construct:FocusedBeam","construct:Reinforce","construct:Hazardproof"],"picked":"SKIP","floor":14},{"not_picked":["construct:FocusedBeam","construct:Reinforce","construct:Hazardproof"],"picked":"SKIP","floor":14}],"player_experience":82241,"relics_obtained":[{"floor":6,"key":"Mirror"},{"floor":9,"key":"Ancient Tea Set"},{"floor":14,"key":"PreservedInsect"}],"event_choices":[{"damage_healed":0,"gold_gain":0,"player_choice":"Take Damage","damage_taken":22,"relics_obtained":["Golden Idol"],"max_hp_gain":0,"max_hp_loss":0,"event_name":"Golden Idol","floor":13,"gold_loss":0}],"is_beta":false,"boss_relics":[],"items_purged_floors":[],"is_endless":false,"potions_floor_spawned":[1,6,10,14],"killed_by":"Slime Boss","ascension_level":0}}