{"host":"ztvj8pbgeibgztw6","time":1608614790,"event":{"mods":["ATMod(阿瑾Mod)","BaseMod","Colored Map","Dota2Spire","Downfall","Luminous","Marisa（F雨　魔理沙）","Minty Spire (QoL Compilation)","Remilia（蕾米莉亚）","Replay The Spire","Shop Mod","StSLib","The Cursed","The Servant 0.9.4","【东方二次创作】八云紫mod"],"gold_per_floor":[99,114,564,30,30,45,45,60,60,11,11,26,41,56,71,71,71],"floor_reached":16,"playtime":1181,"items_purged":[],"score":194,"play_id":"73306ffb-dc12-4c04-9587-55ac4ed38c2a","local_time":"20201222132630","daily_mods":["SealedDeck","Time Dilation","Lethality"],"is_ascension_mode":false,"campfire_choices":[{"floor":1.0,"key":"RECALL"}],"circlet_count":0,"master_deck":["sneckomod:UnknownBlock","sneckomod:Unknown0Cost","sneckomod:SoulDraw","sneckomod:UnknownClassMARISA_COLOR","sneckomod:Unknown1Cost","sneckomod:UnknownVulnerable","sneckomod:ImprovisedGuard","sneckomod:UnknownUncommonSkill","sneckomod:UnknownClassSLIMEBOUND","sneckomod:UnknownUncommonPower","AT_FamilyPortrait","sneckomod:UnknownEthereal","Slimebound:Icky","Slimebound:Icky","Slimebound:Icky","sneckomod:Unknown1Cost","sneckomod:MasterEye","Pain","sneckomod:UnknownClassGREEN","sneckomod:UnknownClassDEFAULT_GRAY_COLOR","Regret","sneckomod:UnknownStrength","sneckomod:SoulCleanse","sneckomod:UnknownClassMARISA_DERIVATIONS","sneckomod:SoulCleanse","sneckomod:Nope","sneckomod:IronFang"],"relics":["sneckomod:SneckoSoul","AT_ATBox","Du-Vu Doll","Dota2Spire:MagicBottle","WarpedTongs","Pocketwatch","downfall:ShatteredFragment"],"acts_visited":["Exordium"],"potions_floor_usage":[16],"damage_taken":[{"damage":14.0,"enemies":"Jaw Worm","floor":2.0,"turns":3.0},{"damage":18.0,"enemies":"downfall:FleeingMerchant","floor":4.0,"turns":4.0},{"damage":4.0,"enemies":"2 Louse","floor":6.0,"turns":1.0},{"damage":0.0,"enemies":"Cultist","floor":8.0,"turns":2.0},{"damage":23.0,"enemies":"downfall:FleeingMerchant","floor":10.0,"turns":4.0},{"damage":0.0,"enemies":"2 Fungi Beasts","floor":12.0,"turns":1.0},{"damage":6.0,"enemies":"3 Louse","floor":13.0,"turns":1.0},{"damage":18.0,"enemies":"2 Fungi Beasts","floor":14.0,"turns":2.0},{"damage":1,"enemies":"Exordium Thugs","floor":15,"turns":3},{"damage":20,"enemies":"downfall:Defect","floor":16,"turns":5}],"seed_played":"-7682526130134428503","potions_obtained":[{"floor":2.0,"key":"Swift Potion"},{"floor":6.0,"key":"LifebloodPotion"},{"floor":8.0,"key":"Weak Potion"},{"floor":13.0,"key":"SmokeBomb"},{"floor":15,"key":"Explosive Potion"}],"is_trial":false,"path_per_floor":["R","M","?","$","?","M","T","M","?","$","?","M","M","M","M","B"],"character_chosen":"THE_SNECKO","items_purchased":["Du-Vu Doll","Dota2Spire:MagicBottle","sneckomod:MasterEye","sneckomod:SoulCleanse"],"campfire_rested":0,"item_purchase_floors":[4,4,4,10],"current_hp_per_floor":[98,85,85,76,76,73,73,85,85,63,42,43,37,19,18,0,0],"gold":71,"neow_bonus":"","is_daily":true,"chose_seed":false,"campfire_upgraded":0,"win_rate":0.0,"timestamp":1608614790,"path_taken":["R","M","?","$","?","M","T","?","?","$","?","M","M","M","M","BOSS"],"items_purchased_type":["Relic","Relic","Card","Card"],"build_version":"2020-12-13","purchased_purges":0,"victory":false,"max_hp_per_floor":[98,99,99,100,100,101,101,102,102,103,103,104,104,104,104,104,104],"card_choices":[{"not_picked":["sneckomod:QuickBite","sneckomod:IronFang"],"picked":"sneckomod:UnknownEthereal","floor":2.0},{"not_picked":["sneckomod:QuickBite","sneckomod:Mudshield"],"picked":"sneckomod:Unknown1Cost","floor":4.0},{"not_picked":["sneckomod:UnknownDexterity","sneckomod:UnknownBlock"],"picked":"sneckomod:UnknownClassGREEN","floor":6.0},{"not_picked":["sneckomod:UnknownCommonAttack","sneckomod:IronFang"],"picked":"sneckomod:UnknownClassDEFAULT_GRAY_COLOR","floor":8.0},{"not_picked":["sneckomod:SoulDraw","sneckomod:QuickMove"],"picked":"sneckomod:UnknownStrength","floor":10.0},{"not_picked":["sneckomod:UnknownClassBLUE","sneckomod:Rotation"],"picked":"sneckomod:UnknownClassMARISA_DERIVATIONS","floor":12.0},{"not_picked":["sneckomod:SoulDraw","sneckomod:SoulRoll"],"picked":"sneckomod:SoulCleanse","floor":13.0},{"not_picked":["sneckomod:Unknown1Cost","sneckomod:Mudshield"],"picked":"sneckomod:Nope","floor":14.0},{"not_picked":["sneckomod:RainOfDice","sneckomod:QuickBite"],"picked":"sneckomod:IronFang","floor":15}],"player_experience":237785,"relics_obtained":[],"event_choices":[{"damage_healed":0.0,"max_hp_gain":0.0,"max_hp_loss":0.0,"gold_gain":0.0,"event_name":"Accursed Blacksmith","player_choice":"Rummage","floor":5.0,"gold_loss":0.0,"damage_taken":0.0,"relics_obtained":["WarpedTongs"],"cards_obtained":["Pain"]},{"damage_healed":0.0,"max_hp_gain":0.0,"max_hp_loss":0.0,"gold_gain":0.0,"event_name":"Big Fish","player_choice":"Box","floor":9.0,"gold_loss":0.0,"damage_taken":0.0,"relics_obtained":["Pocketwatch"],"cards_obtained":["Regret"]}],"is_beta":false,"boss_relics":[],"items_purged_floors":[],"is_endless":false,"potions_floor_spawned":[6,8,13,15],"killed_by":"downfall:Defect","ascension_level":0}}