{"host":"40bskn0fwnfkmxz7","time":1608628883,"event":{"mods":["BaseMod","Minty Spire (QoL Compilation)","Replay The Spire","StSLib"],"gold_per_floor":[116,130,130,130,130,173,186,220,220,253,253,267,42,56,56,182,182,202,222,237,237,137,172,172,208,208,227,102,102,102,126,126,245,245,263,286,286,299,315,356,356,371,371,394,394,394,429,441,453,0,12,24],"floor_reached":53,"playtime":2687,"items_purged":["Strike_G","Strike_G","Defend_G"],"score":952,"play_id":"9f1308d4-3adb-456c-8fe8-a280be0c0826","local_time":"20201222112123","is_ascension_mode":false,"campfire_choices":[{"floor":15.0,"key":"REST"},{"floor":24.0,"key":"REST"},{"data":"1","floor":29.0,"key":"LIFT"},{"data":"2","floor":32.0,"key":"LIFT"},{"data":"3","floor":41,"key":"LIFT"},{"floor":46,"key":"REST"},{"floor":51,"key":"REST"}],"circlet_count":0,"master_deck":["Survivor+1","Neutralize+1","ReplayTheSpireMod:Scrap Shanks+1","Backflip+1","Noxious Fumes+1","Infinite Blades+1","Acrobatics+1","ReplayTheSpireMod:Scrap Shanks+1","Prepared+1","A Thousand Cuts+1","ReplayTheSpireMod:Scrap Shanks+1","Calculated Gamble+1","ReplayTheSpireMod:Speed Training+1","After Image+1","Die Die Die"],"relics":["Fusion Hammer","Golden Idol","Omamori","Meat on the Bone","ReplayTheSpireMod:TigerMarble","Ornamental Fan","Replay:Ringing Soul","Guide Book","Black Star","Girya","Quantum Egg","Frozen Egg 2","ReplayTheSpireMod:Ninjato","Toxic Egg 2","Kintsugi","Replay:PocketPolymizer","Vajra","Bag of Preparation","Mark of the Bloom","MawBank","Toy Ornithopter","Red Mask"],"acts_visited":["Exordium","TheCity","TheBeyond"],"potions_floor_usage":[39],"damage_taken":[{"damage":0.0,"enemies":"2 Louse","floor":1.0,"turns":2.0},{"damage":0.0,"enemies":"Small Slimes","floor":2.0,"turns":4.0},{"damage":1.0,"enemies":"Replay:BlueRogue","floor":6.0,"turns":11.0},{"damage":0.0,"enemies":"Jaw Worm","floor":7.0,"turns":4.0},{"damage":6.0,"enemies":"3 Sentries","floor":8.0,"turns":7.0},{"damage":14.0,"enemies":"Gremlin Nob","floor":10.0,"turns":4.0},{"damage":0.0,"enemies":"Large Slime","floor":12.0,"turns":6.0},{"damage":5.0,"enemies":"Looter","floor":14.0,"turns":3.0},{"damage":28.0,"enemies":"Fading Forest","floor":16.0,"turns":11.0},{"damage":8.0,"enemies":"3 Byrds","floor":18.0,"turns":4.0},{"damage":11.0,"enemies":"Spheric Guardian","floor":19.0,"turns":4.0},{"damage":2.0,"enemies":"Cultist and Chosen","floor":20.0,"turns":5.0},{"damage":21.0,"enemies":"Book of Stabbing","floor":23.0,"turns":5.0},{"damage":9.0,"enemies":"Replay:Snechameleon","floor":25.0,"turns":5.0},{"damage":0.0,"enemies":"Snecko","floor":27.0,"turns":2.0},{"damage":2.0,"enemies":"Centurion and Healer","floor":31.0,"turns":3.0},{"damage":0.0,"enemies":"Collector","floor":33.0,"turns":4.0},{"damage":13.0,"enemies":"3 Darklings","floor":35.0,"turns":3.0},{"damage":0.0,"enemies":"Orb Walker","floor":36.0,"turns":2.0},{"damage":12,"enemies":"4 Shapes","floor":38,"turns":4},{"damage":1,"enemies":"Jaw Worm Horde","floor":39,"turns":3},{"damage":3,"enemies":"R_Hoarder","floor":40,"turns":3},{"damage":0,"enemies":"Spire Growth","floor":42,"turns":3},{"damage":0,"enemies":"4 Shapes","floor":44,"turns":1},{"damage":0,"enemies":"Nemesis","floor":47,"turns":1},{"damage":0,"enemies":"Donu and Deca","floor":52,"turns":2}],"seed_played":"-7649035923194869981","potions_obtained":[{"floor":1.0,"key":"Swift Potion"},{"floor":10.0,"key":"LiquidBronze"},{"floor":12.0,"key":"Strength Potion"},{"floor":18.0,"key":"Block Potion"},{"floor":20.0,"key":"Swift Potion"},{"floor":25.0,"key":"Reflective Coating"},{"floor":31.0,"key":"SkillPotion"},{"floor":38,"key":"SkillPotion"},{"floor":39,"key":"DistilledChaos"},{"floor":40,"key":"Elixir"}],"is_trial":false,"path_per_floor":["M","M","?","?","?","E","M","E","T","E","T","M","$","M","R","B",null,"M","M","M","?","$","E","R","E","T","M","$","R","?","M","R","B",null,"M","M","?","M","M","E","R","M","T","M","?","R","E","PTL","PTL","?","R","B",null],"character_chosen":"THE_SILENT","items_purchased":["Guide Book"],"campfire_rested":4,"item_purchase_floors":[13],"current_hp_per_floor":[70,70,70,65,58,57,57,51,51,37,37,40,40,38,59,46,74,66,58,56,56,56,50,74,65,65,68,68,68,68,66,66,69,86,73,73,73,61,60,57,57,57,57,57,57,57,57,57,57,57,57,57],"gold":36,"neow_bonus":"BOSS_RELIC","is_daily":false,"chose_seed":false,"campfire_upgraded":0,"win_rate":0.0,"timestamp":1608628883,"path_taken":["M","M","?","?","?","E","M","E","T","E","?","M","$","M","R","BOSS","M","M","M","?","?","E","R","E","T","M","$","R","?","M","R","BOSS","M","M","?","M","M","E","R","M","T","M","?","R","E","PTL","PTL","?","R","BOSS"],"items_purchased_type":["Relic"],"build_version":"2020-12-13","purchased_purges":3,"victory":true,"max_hp_per_floor":[70,70,70,65,65,65,65,65,65,65,65,68,68,71,71,74,74,74,77,77,77,77,80,80,80,80,83,83,83,83,83,83,86,86,86,86,86,86,86,86,86,86,86,86,86,89,89,89,89,89,89,89],"card_choices":[{"not_picked":["Blade Dance","Calculated Gamble"],"picked":"ReplayTheSpireMod:Scrap Shanks","floor":1.0},{"not_picked":["Underhanded Strike","Deflect"],"picked":"Backflip","floor":2.0},{"not_picked":["Atom Bomb","Cloak And Dagger"],"picked":"Noxious Fumes","floor":6.0},{"not_picked":["Outmaneuver","Reflex"],"picked":"Infinite Blades","floor":7.0},{"not_picked":["Prepared","Dagger Spray"],"picked":"Acrobatics","floor":8.0},{"not_picked":["Underhanded Strike","Dagger Throw"],"picked":"ReplayTheSpireMod:Scrap Shanks","floor":10.0},{"not_picked":["ReplayTheSpireMod:Speed Training","Finisher"],"picked":"Prepared","floor":12.0},{"not_picked":["Deflect","Outmaneuver"],"picked":"Dagger Throw","floor":14.0},{"not_picked":["Atom Bomb","Glass Knife"],"picked":"A Thousand Cuts","floor":16.0},{"not_picked":["Acrobatics","ReplayTheSpireMod:The Works","Bane"],"picked":"SKIP","floor":18.0},{"not_picked":["Bane","Infinite Blades"],"picked":"ReplayTheSpireMod:Scrap Shanks","floor":19.0},{"not_picked":["Catalyst","Dagger Throw","Poisoned Stab"],"picked":"SKIP","floor":20.0},{"not_picked":["PiercingWail+1","Poisoned Stab"],"picked":"Calculated Gamble","floor":23.0},{"not_picked":["Bane","Underhanded Strike","Dagger Spray+1"],"picked":"SKIP","floor":25.0},{"not_picked":["Outmaneuver+1","Infinite Blades+1"],"picked":"ReplayTheSpireMod:Speed Training+1","floor":27.0},{"not_picked":["Hidden Blade+1","Prepared+1","Crippling Poison+1"],"picked":"SKIP","floor":31.0},{"not_picked":["Adrenaline+1","Die Die Die"],"picked":"After Image+1","floor":33.0},{"not_picked":["Heel Hook","Eviscerate+1","Expertise+1"],"picked":"SKIP","floor":35.0},{"not_picked":["Dagger Throw","Backflip+1","Noxious Fumes+1"],"picked":"SKIP","floor":36.0},{"not_picked":["Expertise+1","Backflip+1","Dagger Spray"],"picked":"SKIP","floor":38},{"not_picked":["Slice+1","Calculated Gamble+1","Setup+1"],"picked":"SKIP","floor":39},{"not_picked":["Toxin Wave+1","ReplayTheSpireMod:The Works+1","Noxious Fumes+1"],"picked":"SKIP","floor":40},{"not_picked":["Heel Hook+1","Outmaneuver+1","Eviscerate+1"],"picked":"SKIP","floor":42},{"not_picked":["Caltrops+1","Bane","Deadly Poison+1"],"picked":"SKIP","floor":44},{"not_picked":["Sneak Up+1","ReplayTheSpireMod:The Works+1","Blade Dance+1"],"picked":"SKIP","floor":47}],"player_experience":462981,"relics_obtained":[{"floor":6.0,"key":"Omamori"},{"floor":8.0,"key":"Meat on the Bone"},{"floor":9.0,"key":"ReplayTheSpireMod:TigerMarble"},{"floor":10.0,"key":"Ornamental Fan"},{"floor":11.0,"key":"Replay:Ringing Soul"},{"floor":23.0,"key":"Girya"},{"floor":23.0,"key":"Quantum Egg"},{"floor":25.0,"key":"Frozen Egg 2"},{"floor":25.0,"key":"ReplayTheSpireMod:Ninjato"},{"floor":26.0,"key":"Toxic Egg 2"},{"floor":40,"key":"Replay:PocketPolymizer"},{"floor":40,"key":"Vajra"},{"floor":43,"key":"Bag of Preparation"},{"floor":47,"key":"MawBank"},{"floor":47,"key":"Toy Ornithopter"}],"event_choices":[{"damage_healed":0.0,"max_hp_gain":0.0,"max_hp_loss":0.0,"gold_gain":0.0,"event_name":"Scrap Ooze","player_choice":"Fled","floor":3.0,"gold_loss":0.0,"damage_taken":0.0},{"damage_healed":0.0,"max_hp_gain":0.0,"max_hp_loss":5.0,"gold_gain":0.0,"event_name":"Golden Idol","player_choice":"Lose Max HP","floor":4.0,"gold_loss":0.0,"damage_taken":0.0,"relics_obtained":["Golden Idol"]},{"cards_removed":["Strike_G"],"damage_healed":0.0,"max_hp_gain":0.0,"max_hp_loss":0.0,"gold_gain":0.0,"event_name":"Golden Wing","player_choice":"Card Removal","floor":5.0,"gold_loss":0.0,"damage_taken":7.0},{"damage_healed":0.0,"max_hp_gain":0.0,"max_hp_loss":0.0,"gold_gain":0.0,"event_name":"Vampires","player_choice":"Ignored","floor":21.0,"gold_loss":0.0,"damage_taken":0.0},{"damage_healed":0.0,"max_hp_gain":0.0,"max_hp_loss":0.0,"gold_gain":0.0,"event_name":"Ghosts","player_choice":"Ignored","floor":30.0,"gold_loss":0.0,"damage_taken":0.0},{"cards_removed":["Dagger Throw"],"damage_healed":0.0,"max_hp_gain":0.0,"max_hp_loss":0.0,"gold_gain":0.0,"event_name":"Falling","player_choice":"Removed Attack","floor":37.0,"gold_loss":0.0,"damage_taken":0.0},{"damage_healed":0,"gold_gain":0,"player_choice":"Upgrade","damage_taken":0,"relics_obtained":["Mark of the Bloom"],"max_hp_gain":0,"max_hp_loss":0,"event_name":"MindBloom","floor":45,"gold_loss":0,"cards_upgraded":["Defend_G","Survivor","Neutralize","Backflip","Infinite Blades","Acrobatics","ReplayTheSpireMod:Scrap Shanks","Prepared","A Thousand Cuts","ReplayTheSpireMod:Scrap Shanks","Calculated Gamble"]},{"damage_healed":0,"gold_gain":0,"player_choice":"Paid","damage_taken":0,"relics_obtained":["Red Mask"],"max_hp_gain":0,"max_hp_loss":0,"event_name":"Tomb of Lord Red Mask","floor":50,"gold_loss":465}],"is_beta":false,"boss_relics":[{"not_picked":["Replay:Drink Me","Replay:Wanted Poster"],"picked":"Black Star"},{"not_picked":["Philosopher\u0027s Stone","Pandora\u0027s Box"],"picked":"Kintsugi"}],"items_purged_floors":[13,22,28],"is_endless":false,"potions_floor_spawned":[1,10,12,18,20,25,31,38,39,40],"ascension_level":0}}