{"host":"95i1gxnztdrdyvhi","time":1608598679,"event":{"mods":["AchievementEnabler","Act Like it!","BaseMod","Downfall","Minty Spire (QoL Compilation)","Quick Restart","StSLib"],"gold_per_floor":[99,115,115,131,41,41,41,54,67,67,67,67],"floor_reached":10,"playtime":1117,"items_purged":["Guardian:Strike_Guardian"],"score":58,"play_id":"3b9f1dca-33a5-4510-a07e-4330486d6010","local_time":"20201222005759","is_ascension_mode":false,"campfire_choices":[{"data":"Guardian:CurlUp","floor":1,"key":"SMITH"}],"circlet_count":0,"master_deck":["Guardian:Strike_Guardian","Guardian:Strike_Guardian","Guardian:Strike_Guardian","Guardian:Defend_Guardian","Guardian:Defend_Guardian","Guardian:Defend_Guardian","Guardian:Defend_Guardian","Guardian:CurlUp+1","Guardian:TwinSlam","Guardian:Gem_Red","Guardian:CrystalBeam","Guardian:CrystalBeam","Guardian:Gem_Lightblue","Guardian:Gem_Red","Guardian:PiercingHide","Guardian:PiercingHide"],"relics":["Guardian:ModeShifter","Guardian:PickAxe"],"acts_visited":["Exordium"],"potions_floor_usage":[10],"damage_taken":[{"damage":0,"enemies":"Cultist","floor":2,"turns":4},{"damage":5,"enemies":"Small Slimes","floor":4,"turns":5},{"damage":5,"enemies":"downfall:FleeingMerchant","floor":5,"turns":4},{"damage":5,"enemies":"2 Louse","floor":8,"turns":3},{"damage":12,"enemies":"Blue Slaver","floor":9,"turns":4},{"damage":26,"enemies":"3 Sentries","floor":10,"turns":9}],"seed_played":"6197027575238505450","potions_obtained":[{"floor":2,"key":"BlessingOfTheForge"},{"floor":9,"key":"Slimebound:ThreeZeroPotion"}],"is_trial":false,"path_per_floor":["R","M","?","M","$","R","T","M","M","E"],"character_chosen":"GUARDIAN","items_purchased":[],"campfire_rested":0,"item_purchase_floors":[],"current_hp_per_floor":[80,80,74,69,64,64,64,59,47,21,21,21],"gold":67,"neow_bonus":"ONE_RANDOM_RARE_CARD","is_daily":false,"chose_seed":false,"campfire_upgraded":1,"win_rate":0.0,"timestamp":1608598679,"path_taken":["R","M","?","M","$","R","T","M","M","E"],"items_purchased_type":[],"build_version":"2020-12-13","purchased_purges":1,"victory":false,"max_hp_per_floor":[80,80,80,80,80,80,80,80,80,80,80,80],"card_choices":[{"not_picked":["Guardian:Preprogram","Guardian:WalkerClaw"],"picked":"Guardian:Gem_Red","floor":2},{"not_picked":["Guardian:PolyBeam","Guardian:PrismaticBeam"],"picked":"Guardian:CrystalBeam","floor":4},{"not_picked":["Guardian:Reroute","Guardian:SentryBeam"],"picked":"Guardian:CrystalBeam","floor":5},{"not_picked":["Guardian:DecasProtection","Guardian:ShieldCharger"],"picked":"Guardian:PiercingHide","floor":8},{"not_picked":["Guardian:ChargeCore","Guardian:CrystalBeam"],"picked":"Guardian:PiercingHide","floor":9}],"player_experience":778170,"relics_obtained":[],"event_choices":[],"is_beta":false,"boss_relics":[],"items_purged_floors":[5],"is_endless":false,"potions_floor_spawned":[2,9],"killed_by":"3 Sentries","ascension_level":0}}