{"host":"baymyijz6sxaqj5s","time":1608619732,"event":{"mods":["AchievementEnabler","BaseMod","Colored Map","Colored Powertips","DeckTracker","KOR Keyword Fix","Keyboard Shortcuts","Minty Spire (QoL Compilation)","Quick Restart","StSLib","SuperFastMode"],"gold_per_floor":[117,192,212,222,236,236,251,326,350,350,203,221,221,241,241,241,241],"floor_reached":16,"playtime":324,"items_purged":[],"score":94,"play_id":"4812117c-3604-46eb-84e3-30b7a619a09e","local_time":"20201222154852","is_ascension_mode":false,"campfire_choices":[{"data":"Bloodletting","floor":6,"key":"SMITH"},{"floor":10,"key":"REST"},{"data":"Thunderclap","floor":13,"key":"SMITH"},{"data":"Pommel Strike","floor":15,"key":"SMITH"}],"circlet_count":0,"master_deck":["Strike_R","Strike_R","Strike_R","Strike_R","Strike_R","Defend_R","Defend_R","Defend_R","Defend_R","Bash","Thunderclap+1","Bloodletting+1","Twin Strike","Pommel Strike+1"],"relics":["Burning Blood","Toy Ornithopter","Regal Pillow"],"acts_visited":["Exordium"],"potions_floor_usage":[7,7,12],"damage_taken":[{"damage":5,"enemies":"2 Louse","floor":1,"turns":3},{"damage":1,"enemies":"Cultist","floor":3,"turns":3},{"damage":5,"enemies":"Jaw Worm","floor":4,"turns":6},{"damage":8,"enemies":"Exordium Wildlife","floor":5,"turns":4},{"damage":40,"enemies":"Exordium Thugs","floor":7,"turns":5},{"damage":7,"enemies":"Gremlin Gang","floor":12,"turns":3},{"damage":8,"enemies":"2 Fungi Beasts","floor":14,"turns":3},{"damage":67,"enemies":"The Guardian","floor":16,"turns":6}],"seed_played":"-3151718041637861035","potions_obtained":[{"floor":1,"key":"FearPotion"},{"floor":4,"key":"AttackPotion"},{"floor":7,"key":"AttackPotion"}],"is_trial":false,"path_per_floor":["M","?","M","M","M","R","M","?","T","R","$","M","R","M","R","B"],"character_chosen":"IRONCLAD","items_purchased":["Regal Pillow"],"campfire_rested":1,"item_purchase_floors":[11],"current_hp_per_floor":[88,80,85,86,84,84,50,39,39,65,65,69,69,67,67,0,0],"gold":241,"neow_bonus":"TEN_PERCENT_HP_BONUS","is_daily":false,"chose_seed":false,"campfire_upgraded":3,"win_rate":0.0,"timestamp":1608619732,"path_taken":["M","?","M","?","M","R","M","?","T","R","?","M","R","M","R","BOSS"],"items_purchased_type":["Relic"],"build_version":"2020-12-13","purchased_purges":0,"victory":false,"max_hp_per_floor":[88,88,88,88,88,88,88,88,88,88,88,88,88,88,88,88,88],"card_choices":[{"not_picked":["Rage","Evolve"],"picked":"Thunderclap","floor":1},{"not_picked":["Whirlwind","Wild Strike"],"picked":"Bloodletting","floor":3},{"not_picked":["Fire Breathing","Anger"],"picked":"Twin Strike","floor":4},{"not_picked":["Metallicize","Anger"],"picked":"Pommel Strike","floor":5},{"not_picked":["Rampage","Iron Wave","Thunderclap"],"picked":"SKIP","floor":7},{"not_picked":["Sentinel","Anger","Feel No Pain"],"picked":"SKIP","floor":12},{"not_picked":["Clash","Thunderclap","Rampage"],"picked":"SKIP","floor":14}],"player_experience":174224,"relics_obtained":[{"floor":9,"key":"Toy Ornithopter"}],"event_choices":[{"damage_healed":0,"gold_gain":75,"player_choice":"Touch","damage_taken":8,"max_hp_gain":0,"max_hp_loss":0,"event_name":"FaceTrader","floor":2,"gold_loss":0},{"damage_healed":0,"gold_gain":75,"player_choice":"Gather Gold","damage_taken":11,"max_hp_gain":0,"max_hp_loss":0,"event_name":"World of Goop","floor":8,"gold_loss":0}],"is_beta":false,"boss_relics":[],"items_purged_floors":[],"is_endless":false,"potions_floor_spawned":[1,4,7],"killed_by":"The Guardian","ascension_level":0}}