{"host":"v41r765ix9n0d8n3","time":1608674753,"event":{"mods":["BaseMod","Colored Powertips","Hermit","Minty Spire (QoL Compilation)","Shop Mod","StSLib","The Bug Knight","The Cursed","The Druid","The Factory","The Wild Card"],"gold_per_floor":[11,26,44,44,44,44,63,94,120,136,163,163,338,355,355,451,451,471,484,188,198,208,208,237,237,313,333,366,366,366,399,399,500,500,518,568,153,204,204,204,233,249,249,249,259,40,40,59,59,59,59,59,8,40,40],"floor_reached":56,"playtime":6646,"items_purged":["Doubt","Clumsy","Normality"],"score":1400,"play_id":"f6d5f639-127b-4bef-82d5-21fa4042e45e","local_time":"20201222230553","is_ascension_mode":false,"campfire_choices":[{"data":"theWildCard:PaleRider","floor":6,"key":"SMITH"},{"data":"Tools of the Trade","floor":12,"key":"SMITH"},{"data":"A Thousand Cuts","floor":15,"key":"SMITH"},{"data":"After Image","floor":23,"key":"SMITH"},{"data":"Concentrate","floor":25,"key":"SMITH"},{"data":"Dagger Spray","floor":32,"key":"SMITH"},{"floor":40,"key":"RECALL"},{"data":"Prepared","floor":44,"key":"SMITH"},{"data":"Catalyst","floor":47,"key":"SMITH"},{"data":"Deadly Poison","floor":49,"key":"SMITH"},{"data":"Skewer","floor":52,"key":"SMITH"}],"circlet_count":0,"master_deck":["Strike_G","Strike_G","Strike_G","Strike_G","Strike_G","Defend_G","Defend_G","Defend_G","Defend_G","Defend_G","Survivor","Neutralize","A Thousand Cuts+1","Flying Knee","Catalyst+1","Dagger Spray+1","theWildCard:PaleRider+1","Quick Slash","Dash","Distraction","Tools of the Trade+1","Dagger Throw","After Image+1","Dodge and Roll","Heel Hook+1","Backflip","Prepared+1","Quick Slash","Sucker Punch","Concentrate+1","Deadly Poison+1","Dagger Throw","Necronomicurse","Dagger Spray","Burst","Dagger Throw+1","Deadly Poison","Master of Strategy","Quick Slash+1","Skewer+1","Sucker Punch","Backflip+1","Acrobatics+1","PiercingWail+1","Backstab+1","Deadly Poison+1","Poisoned Stab+1"],"relics":["Ring of the Snake","Vajra","Lantern","Akabeko","Cursed Key","HollowMod:PaleOreRelic","Anchor","Bottled Flame","Ancient Tea Set","MutagenicStrength","Necronomicon","Red Mask","Sozu","FossilizedHelix","Snake Skull","Shovel","Toxic Egg 2","Orichalcum"],"acts_visited":["Exordium","TheCity","TheBeyond","TheEnding"],"potions_floor_usage":[7,16,19,31,33],"damage_taken":[{"damage":1,"enemies":"Small Slimes","floor":1,"turns":3},{"damage":0,"enemies":"2 Louse","floor":2,"turns":4},{"damage":0,"enemies":"Cultist","floor":3,"turns":4},{"damage":3,"enemies":"Exordium Wildlife","floor":7,"turns":4},{"damage":30,"enemies":"3 Sentries","floor":8,"turns":8},{"damage":0,"enemies":"Exordium Thugs","floor":10,"turns":3},{"damage":5,"enemies":"HollowMod:MossKnight","floor":11,"turns":6},{"damage":0,"enemies":"Large Slime","floor":14,"turns":2},{"damage":0,"enemies":"Slime Boss","floor":16,"turns":4},{"damage":1,"enemies":"Spheric Guardian","floor":18,"turns":3},{"damage":0,"enemies":"3 Byrds","floor":19,"turns":3},{"damage":0,"enemies":"Snecko","floor":21,"turns":2},{"damage":0,"enemies":"Shelled Parasite and Fungi","floor":22,"turns":3},{"damage":0,"enemies":"Gremlin Leader","floor":24,"turns":4},{"damage":2,"enemies":"Sentry and Sphere","floor":27,"turns":3},{"damage":0,"enemies":"Slavers","floor":28,"turns":2},{"damage":0,"enemies":"Masked Bandits","floor":31,"turns":1},{"damage":46,"enemies":"Collector","floor":33,"turns":7},{"damage":0,"enemies":"3 Darklings","floor":35,"turns":1},{"damage":0,"enemies":"Mind Bloom Boss Battle","floor":36,"turns":2},{"damage":0,"enemies":"2 Orb Walkers","floor":38,"turns":1},{"damage":0,"enemies":"Nemesis","floor":41,"turns":3},{"damage":0,"enemies":"3 Shapes","floor":42,"turns":1},{"damage":0,"enemies":"4 Shapes","floor":45,"turns":1},{"damage":0,"enemies":"Jaw Worm Horde","floor":48,"turns":1},{"damage":0,"enemies":"Donu and Deca","floor":50,"turns":4},{"damage":0,"enemies":"Shield and Spear","floor":54,"turns":3},{"damage":109,"enemies":"The Heart","floor":55,"turns":7}],"seed_played":"-8149632649263906169","potions_obtained":[{"floor":2,"key":"Ancient Potion"},{"floor":3,"key":"Weak Potion"},{"floor":5,"key":"FairyPotion"},{"floor":5,"key":"ColorlessPotion"},{"floor":5,"key":"FairyPotion"},{"floor":14,"key":"ColorlessPotion"},{"floor":18,"key":"Dexterity Potion"},{"floor":19,"key":"Regen Potion"},{"floor":31,"key":"SpeedPotion"}],"is_trial":false,"path_per_floor":["M","M","M","?","?","R","M","E","T","M","E","R","?","M","R","B",null,"M","M","$","M","M","R","E","R","T","M","E","?","?","?","R","B",null,"M","?","$","?","?","R","E","M","T","R","M","$","R","M","R","B",null,"R","$","E","B",null],"character_chosen":"THE_SILENT","items_purchased":["HollowMod:PaleOreRelic","Backflip","Prepared","Snake Skull","Master of Strategy","Acrobatics+1","PiercingWail+1","Deadly Poison+1"],"campfire_rested":0,"item_purchase_floors":[20,20,20,37,37,46,46,53],"current_hp_per_floor":[69,69,69,69,69,69,66,36,36,36,31,31,31,31,31,31,70,69,69,69,69,69,69,69,69,69,67,67,67,51,51,51,5,70,70,70,70,70,70,70,70,70,70,70,70,70,70,70,70,70,70,70,70,70,9],"gold":40,"neow_bonus":"THREE_RARE_CARDS","is_daily":false,"chose_seed":false,"campfire_upgraded":10,"win_rate":0.0,"timestamp":1608674753,"path_taken":["M","M","M","?","?","R","M","E","T","?","E","R","?","M","R","BOSS","M","M","$","M","M","R","E","R","T","M","E","?","?","?","R","BOSS","M","?","$","?","?","R","E","M","T","R","M","$","R","M","R","BOSS","R","$","E","BOSS"],"items_purchased_type":["Relic","Card","Card","Relic","Card","Card","Card","Card"],"build_version":"2020-12-13","purchased_purges":3,"victory":true,"max_hp_per_floor":[70,70,70,70,70,70,70,70,70,70,70,70,70,70,70,70,70,70,70,70,70,70,70,70,70,70,70,70,70,70,70,70,70,70,70,70,70,70,70,70,70,70,70,70,70,70,70,70,70,70,70,70,70,70,70],"card_choices":[{"not_picked":["Burst","Malaise"],"picked":"A Thousand Cuts","floor":0},{"not_picked":["Deflect","Slice"],"picked":"Flying Knee","floor":1},{"not_picked":["Sucker Punch","Backflip"],"picked":"Catalyst","floor":2},{"not_picked":["Storm of Steel","Dodge and Roll"],"picked":"Dagger Spray","floor":3},{"not_picked":["Outmaneuver","Caltrops"],"picked":"Quick Slash","floor":7},{"not_picked":["Underhanded Strike","Slice"],"picked":"Dash","floor":8},{"not_picked":["Dagger Spray","Caltrops"],"picked":"Distraction","floor":10},{"not_picked":["Bane","Outmaneuver"],"picked":"Tools of the Trade","floor":11},{"not_picked":["Skewer","Flying Knee"],"picked":"Dagger Throw","floor":14},{"not_picked":["Malaise","Phantasmal Killer"],"picked":"After Image","floor":16},{"not_picked":["PiercingWail","Expertise"],"picked":"Dodge and Roll","floor":18},{"not_picked":["Blade Dance","Choke"],"picked":"Heel Hook+1","floor":19},{"not_picked":["Blade Dance","Accuracy"],"picked":"Quick Slash","floor":21},{"not_picked":["Dagger Throw","PiercingWail"],"picked":"Sucker Punch","floor":22},{"not_picked":["Leg Sweep","Dagger Throw"],"picked":"Concentrate","floor":24},{"not_picked":["Heel Hook+1","Bane"],"picked":"Deadly Poison","floor":27},{"not_picked":["Dagger Spray+1","Bane"],"picked":"Dagger Throw","floor":28},{"not_picked":["Malaise","Outmaneuver"],"picked":"Dagger Spray","floor":31},{"not_picked":["Grand Finale","A Thousand Cuts"],"picked":"Burst","floor":33},{"not_picked":["Choke","Dagger Spray+1"],"picked":"Dagger Throw+1","floor":35},{"not_picked":["Prepared","Deflect+1"],"picked":"Deadly Poison","floor":36},{"not_picked":["Skewer","Heel Hook"],"picked":"Quick Slash+1","floor":38},{"not_picked":["Caltrops+1","Concentrate+1"],"picked":"Skewer","floor":41},{"not_picked":["Endless Agony+1","Skewer+1"],"picked":"Sucker Punch","floor":42},{"not_picked":["Grand Finale","Slice+1"],"picked":"Backflip+1","floor":45},{"not_picked":["Dagger Throw+1","Dodge and Roll+1"],"picked":"Backstab+1","floor":48},{"not_picked":["Dagger Spray","Prepared+1"],"picked":"Poisoned Stab+1","floor":54}],"player_experience":497636,"relics_obtained":[{"floor":8,"key":"Vajra"},{"floor":9,"key":"Lantern"},{"floor":11,"key":"Akabeko"},{"floor":24,"key":"Anchor"},{"floor":26,"key":"Bottled Flame"},{"floor":28,"key":"Ancient Tea Set"},{"floor":30,"key":"Necronomicon"},{"floor":31,"key":"Red Mask"},{"floor":36,"key":"FossilizedHelix"},{"floor":38,"key":"Shovel"},{"floor":41,"key":"Toxic Egg 2"},{"floor":54,"key":"Orichalcum"}],"event_choices":[{"damage_healed":0,"gold_gain":0,"player_choice":"Got Potions","damage_taken":0,"max_hp_gain":0,"max_hp_loss":0,"event_name":"Lab","floor":5,"gold_loss":0},{"damage_healed":0,"gold_gain":175,"player_choice":"AGREE","damage_taken":0,"max_hp_gain":0,"max_hp_loss":0,"event_name":"Liars Game","floor":13,"gold_loss":0,"cards_obtained":["Doubt"]},{"damage_healed":0,"gold_gain":0,"player_choice":"Inject Mutagens","damage_taken":0,"relics_obtained":["MutagenicStrength"],"max_hp_gain":0,"max_hp_loss":0,"event_name":"Drug Dealer","floor":29,"gold_loss":0},{"damage_healed":0,"gold_gain":0,"player_choice":"Obtained Book","damage_taken":16,"max_hp_gain":0,"max_hp_loss":0,"event_name":"Cursed Tome","floor":30,"gold_loss":0},{"damage_healed":0,"gold_gain":0,"player_choice":"Fought Bandits","damage_taken":0,"max_hp_gain":0,"max_hp_loss":0,"event_name":"Masked Bandits","floor":31,"gold_loss":0},{"damage_healed":0,"gold_gain":0,"player_choice":"Fight","damage_taken":0,"max_hp_gain":0,"max_hp_loss":0,"event_name":"MindBloom","floor":36,"gold_loss":0},{"damage_healed":0,"gold_gain":0,"player_choice":"Fight","damage_taken":0,"max_hp_gain":0,"max_hp_loss":0,"event_name":"Mysterious Sphere","floor":38,"gold_loss":0},{"damage_healed":0,"gold_gain":0,"player_choice":"Bought 0 Potions","damage_taken":0,"max_hp_gain":0,"max_hp_loss":0,"event_name":"The Woman in Blue","floor":39,"gold_loss":0}],"is_beta":false,"boss_relics":[{"not_picked":["Calling Bell","Pandora\u0027s Box"],"picked":"Cursed Key"},{"not_picked":["Runic Dome","Coffee Dripper"],"picked":"Sozu"}],"items_purged_floors":[20,37,46],"is_endless":false,"potions_floor_spawned":[2,3,14,18,19,24,31,35,41,45],"ascension_level":0}}