{"host":"6qohxdms6n72zb21","time":1608608902,"event":{"mods":["2.2 Compatiblity","Act Like it!","Ascension Reborn","Aspiration","BaseMod","Better Synergies","Better Third Choice","Conspire","Downfall","Energized Spire","Hubris","Infinite Spire","Marked Mod","Minty Spire (QoL Compilation)","Permanent Neow","Quick Restart","Replay The Spire","Spicy Shops","Spikes Relics","StSLib","The Blue Laboratory"],"gold_per_floor":[99,111,22,39,39,24,77,77,77,77],"floor_reached":8,"playtime":425,"items_purged":[],"score":51,"play_id":"a3e3e211-b04d-47a1-b6ff-0551830f85c6","local_time":"20201221224822","is_ascension_mode":true,"campfire_choices":[{"floor":1,"key":"RECALL"}],"circlet_count":0,"master_deck":["Slimebound:Strike_Slimebound","Slimebound:Strike_Slimebound","Slimebound:Strike_Slimebound","Slimebound:Tackle","Slimebound:Defend_Slimebound","Slimebound:Defend_Slimebound","Slimebound:Split","Slimebound:SplitAcid","Slimebound:FirmFortitude","Writhe","Slimebound:GoopSpray","InfectiousVector","PiercingWail","Burst","Slimebound:RollThrough"],"relics":["Slimebound:AbsorbEndCombat","Replay:Rubber Ducky","Replay:Lucky Slots","Tiny Chest"],"acts_visited":["Exordium"],"potions_floor_usage":[],"damage_taken":[{"damage":10,"enemies":"Cultist","floor":2,"turns":4},{"damage":19,"enemies":"downfall:FleeingMerchant","floor":3,"turns":4},{"damage":20,"enemies":"Small Slimes","floor":4,"turns":3},{"damage":16,"enemies":"downfall:FleeingMerchant","floor":6,"turns":4},{"damage":41,"enemies":"3 Sentries","floor":8,"turns":4}],"seed_played":"-5649123842756123046","potions_obtained":[],"is_trial":false,"path_per_floor":["R","M","$","M","?","$","T","E"],"character_chosen":"SLIMEBOUND","items_purchased":["Replay:Lucky Slots"],"campfire_rested":0,"item_purchase_floors":[3],"current_hp_per_floor":[60,57,53,45,45,41,41,0,0,0],"gold":77,"neow_bonus":"RANDOM_COMMON_RELIC","is_daily":false,"chose_seed":false,"campfire_upgraded":0,"win_rate":0.0,"timestamp":1608608902,"path_taken":["R","M","$","M","?","$","T","E"],"items_purchased_type":["Relic"],"build_version":"2020-12-13","purchased_purges":0,"victory":false,"max_hp_per_floor":[60,60,60,60,60,60,60,60,60,60],"card_choices":[{"not_picked":["Slimebound:Dissolve","Slimebound:GrowthPunch"],"picked":"Slimebound:SplitAcid","floor":2},{"not_picked":["Slimebound:DouseInSlime","Slimebound:Replication"],"picked":"Slimebound:FirmFortitude","floor":3},{"not_picked":["Slimebound:LeechingTouch","Slimebound:Chomp"],"picked":"Slimebound:GoopSpray","floor":4},{"not_picked":["Slimebound:SplitMire","Slimebound:Schlurp"],"picked":"Slimebound:RollThrough","floor":6}],"player_experience":193767,"relics_obtained":[{"floor":7,"key":"Tiny Chest"}],"event_choices":[],"is_beta":false,"boss_relics":[],"items_purged_floors":[],"is_endless":false,"potions_floor_spawned":[2],"killed_by":"3 Sentries","ascension_level":3}}