{"host":"3l94tha3a4jgu0q4","time":1608660420,"event":{"mods":["2.2 Compatiblity","AchievementEnabler","BaseMod","Colored Map","Colored Powertips","Highlight Path","Minty Spire (QoL Compilation)","Permanent Neow","StSLib","SuperFastMode"],"gold_per_floor":[114,129,54,54,70,70,84,84,84,84,118,128,128,144,144,263,263,282,303,316,31,31,31,31,31],"floor_reached":24,"playtime":403,"items_purged":["Strike_P","Defend_P"],"score":307,"play_id":"7a40e6d5-f978-46a5-b7af-03615ae221a8","local_time":"20201222100700","is_ascension_mode":true,"campfire_choices":[{"data":"Eruption","floor":6,"key":"SMITH"},{"data":"CrushJoints","floor":8,"key":"SMITH"},{"data":"TalkToTheHand","floor":15,"key":"SMITH"},{"data":"Judgement","floor":23,"key":"SMITH"}],"circlet_count":0,"master_deck":["AscendersBane","Strike_P","Strike_P","Strike_P","Defend_P","Defend_P","Defend_P","Eruption+1","Vigilance","CrushJoints+1","InnerPeace","TalkToTheHand+1","FlurryOfBlows","Adaptation","TalkToTheHand","BowlingBash","Judgement+1","ClearTheMind+1","FlurryOfBlows","Fasting2","LessonLearned","EmptyBody"],"relics":["Sozu","Lizard Tail","Pantograph","Omamori","Golden Idol","Runic Pyramid","MutagenicStrength"],"acts_visited":["Exordium","TheCity"],"potions_floor_usage":[],"damage_taken":[{"damage":0,"enemies":"Cultist","floor":1,"turns":4},{"damage":1,"enemies":"2 Louse","floor":2,"turns":4},{"damage":4,"enemies":"Jaw Worm","floor":5,"turns":3},{"damage":0,"enemies":"2 Fungi Beasts","floor":7,"turns":4},{"damage":6,"enemies":"Lagavulin","floor":11,"turns":5},{"damage":20,"enemies":"Looter","floor":12,"turns":2},{"damage":7,"enemies":"Red Slaver","floor":14,"turns":4},{"damage":8,"enemies":"Hexaghost","floor":16,"turns":7},{"damage":0,"enemies":"3 Byrds","floor":18,"turns":3},{"damage":12,"enemies":"Chosen","floor":19,"turns":2},{"damage":51,"enemies":"Snake Plant","floor":20,"turns":3},{"damage":36,"enemies":"Slavers","floor":24,"turns":2}],"seed_played":"-7967301596566195584","potions_obtained":[],"is_trial":false,"path_per_floor":["M","M","$","?","M","R","M","R","T","?","E","M","?","M","R","B",null,"M","M","M","$","?","R","E"],"character_chosen":"WATCHER","items_purchased":["LessonLearned","EmptyBody"],"campfire_rested":0,"item_purchase_floors":[21,21],"current_hp_per_floor":[65,64,64,46,42,42,42,42,42,42,36,16,16,9,9,26,57,57,45,33,33,33,33,0,0],"gold":31,"neow_bonus":"BOSS_RELIC","is_daily":false,"chose_seed":false,"campfire_upgraded":4,"win_rate":0.0,"timestamp":1608660420,"path_taken":["M","M","$","?","M","R","M","R","T","?","E","M","?","M","R","BOSS","M","M","M","$","?","R","E"],"items_purchased_type":["Card","Card"],"build_version":"2020-12-13","purchased_purges":2,"victory":false,"max_hp_per_floor":[72,72,72,72,72,72,72,72,72,72,72,72,67,67,67,67,67,67,67,67,67,67,67,67,67],"card_choices":[{"not_picked":["Halt","BowlingBash"],"picked":"CrushJoints","floor":1},{"not_picked":["Halt","EmptyBody"],"picked":"InnerPeace","floor":2},{"not_picked":["Prostrate","Collect"],"picked":"TalkToTheHand","floor":5},{"not_picked":["EmptyBody","FollowUp"],"picked":"FlurryOfBlows","floor":7},{"not_picked":["Establishment","FlurryOfBlows"],"picked":"Adaptation","floor":11},{"not_picked":["Evaluate","FollowUp"],"picked":"TalkToTheHand","floor":12},{"not_picked":["SashWhip","Weave"],"picked":"BowlingBash","floor":14},{"not_picked":["MasterReality","Ragnarok"],"picked":"Judgement","floor":16},{"not_picked":["LikeWater","Consecrate+1"],"picked":"ClearTheMind+1","floor":18},{"not_picked":["BattleHymn","Consecrate"],"picked":"FlurryOfBlows","floor":19},{"not_picked":["DeceiveReality","Swivel"],"picked":"Fasting2","floor":20}],"player_experience":1866651,"relics_obtained":[{"floor":9,"key":"Pantograph"},{"floor":11,"key":"Omamori"}],"event_choices":[{"damage_healed":0,"gold_gain":0,"player_choice":"Success","damage_taken":18,"relics_obtained":["Lizard Tail"],"max_hp_gain":0,"max_hp_loss":0,"event_name":"Scrap Ooze","floor":4,"gold_loss":0},{"damage_healed":0,"gold_gain":0,"player_choice":"Ignored","damage_taken":0,"max_hp_gain":0,"max_hp_loss":0,"event_name":"Liars Game","floor":10,"gold_loss":0},{"damage_healed":0,"gold_gain":0,"player_choice":"Lose Max HP","damage_taken":0,"relics_obtained":["Golden Idol"],"max_hp_gain":0,"max_hp_loss":5,"event_name":"Golden Idol","floor":13,"gold_loss":0},{"damage_healed":0,"gold_gain":0,"player_choice":"Inject Mutagens","damage_taken":0,"relics_obtained":["MutagenicStrength"],"max_hp_gain":0,"max_hp_loss":0,"event_name":"Drug Dealer","floor":22,"gold_loss":0}],"is_beta":false,"boss_relics":[{"not_picked":["Tiny House","Cursed Key"],"picked":"Runic Pyramid"}],"items_purged_floors":[3,21],"is_endless":false,"potions_floor_spawned":[7,11,19,20],"killed_by":"Slavers","ascension_level":11}}