{"host":"agbyy69nq62afhwx","time":1608600352,"event":{"mods":["BaseMod","Colored Map","Highlight Path","Keyboard Shortcuts","Minty Spire (QoL Compilation)","Quick Restart","StSLib","SuperFastMode","everything is the same but u backflip on backflip"],"gold_per_floor":[112,124,124,141,72,72,83,83,83,33,53,70,70,97,97,202,252,263,45,45,60,159,159,170,170,221,255,266,266,297,308,308,410,410,420,420,433,88,137,171,171,185,185,185,213,230,33,43,43,43],"floor_reached":51,"playtime":1386,"items_purged":["Strike_G","Defend_G"],"score":1054,"play_id":"2918ae21-ae45-4e46-a30b-df7fa0b7ead2","local_time":"20201222102552","is_ascension_mode":true,"campfire_choices":[{"data":"Accuracy","floor":6.0,"key":"SMITH"},{"data":"Blade Dance","floor":8.0,"key":"SMITH"},{"data":"Cloak And Dagger","floor":15.0,"key":"SMITH"},{"data":"Phantasmal Killer","floor":23.0,"key":"SMITH"},{"data":"Blade Dance","floor":25.0,"key":"SMITH"},{"data":"Burst","floor":29.0,"key":"SMITH"},{"data":"Cloak And Dagger","floor":32.0,"key":"SMITH"},{"floor":41.0,"key":"REST"},{"data":"Calculated Gamble","floor":44,"key":"SMITH"},{"data":"PiercingWail","floor":49,"key":"SMITH"}],"circlet_count":0,"master_deck":["Defend_G+1","Defend_G","Defend_G","Defend_G","Survivor","Neutralize","Cloak And Dagger+1","Blade Dance+1","Accuracy+1","Footwork+1","PiercingWail+1","Phantasmal Killer+1","Expertise+1","Accuracy+1","Finisher","Blade Dance+1","Burst+1","A Thousand Cuts+1","Escape Plan+1","Calculated Gamble+1","Cloak And Dagger+1"],"relics":["Ring of the Snake","NeowsBlessing","Frozen Egg 2","Turnip","Tiny House","Orichalcum","Thread and Needle","Meat on the Bone","Philosopher\u0027s Stone","InkBottle","FossilizedHelix","Smiling Mask","Vajra","Kunai","DollysMirror"],"acts_visited":["Exordium","TheCity","TheBeyond"],"potions_floor_usage":[50,50],"damage_taken":[{"damage":0.0,"enemies":"2 Louse","floor":1.0,"turns":1.0},{"damage":0.0,"enemies":"Jaw Worm","floor":2.0,"turns":1.0},{"damage":0.0,"enemies":"Cultist","floor":4.0,"turns":1.0},{"damage":0.0,"enemies":"Looter","floor":7.0,"turns":2.0},{"damage":0.0,"enemies":"2 Fungi Beasts","floor":11.0,"turns":3.0},{"damage":0.0,"enemies":"3 Louse","floor":12.0,"turns":4.0},{"damage":11.0,"enemies":"3 Sentries","floor":14.0,"turns":5.0},{"damage":13.0,"enemies":"The Guardian","floor":16.0,"turns":13.0},{"damage":7.0,"enemies":"Shell Parasite","floor":18.0,"turns":5.0},{"damage":0.0,"enemies":"Chosen","floor":21.0,"turns":3.0},{"damage":0.0,"enemies":"3 Cultists","floor":24.0,"turns":3.0},{"damage":0.0,"enemies":"Gremlin Leader","floor":27.0,"turns":3.0},{"damage":0.0,"enemies":"Snake Plant","floor":28.0,"turns":3.0},{"damage":6.0,"enemies":"Slavers","floor":30.0,"turns":6.0},{"damage":0.0,"enemies":"Chosen and Byrds","floor":31.0,"turns":2.0},{"damage":6.0,"enemies":"Champ","floor":33.0,"turns":5.0},{"damage":1.0,"enemies":"3 Darklings","floor":35.0,"turns":4.0},{"damage":0.0,"enemies":"3 Shapes","floor":37.0,"turns":2.0},{"damage":28.0,"enemies":"2 Orb Walkers","floor":39.0,"turns":3.0},{"damage":0.0,"enemies":"Reptomancer","floor":40.0,"turns":2.0},{"damage":0,"enemies":"Jaw Worm Horde","floor":42,"turns":4},{"damage":0,"enemies":"Giant Head","floor":45,"turns":4},{"damage":0,"enemies":"3 Darklings","floor":46,"turns":2},{"damage":0,"enemies":"Maw","floor":48,"turns":3},{"damage":10,"enemies":"Time Eater","floor":50,"turns":9}],"seed_played":"7066811143917838886","potions_obtained":[{"floor":11.0,"key":"CunningPotion"},{"floor":12.0,"key":"Explosive Potion"},{"floor":14.0,"key":"Explosive Potion"},{"floor":17.0,"key":"FairyPotion"},{"floor":28.0,"key":"Weak Potion"},{"floor":31.0,"key":"CultistPotion"},{"floor":39.0,"key":"SteroidPotion"}],"is_trial":false,"path_per_floor":["M","M","?","M","$","R","M","R","T","?","M","M","?","E","R","B",null,"M","$","?","M","?","R","M","R","T","E","M","R","E","M","R","B",null,"M","?","M","$","?","E","R","M","T","R","E","M","$","M","R","B",null],"character_chosen":"THE_SILENT","items_purchased":["Accuracy","Accuracy+1","Finisher","InkBottle","GhostInAJar","DollysMirror"],"campfire_rested":1,"item_purchase_floors":[5,19,19,38,38,47],"current_hp_per_floor":[63,63,63,63,63,63,63,63,63,63,63,63,56,45,45,32,66,59,59,59,59,59,59,59,59,59,59,59,59,53,53,53,47,68,67,67,67,67,39,39,61,61,61,61,61,61,61,61,61,51],"gold":43,"neow_bonus":"THREE_ENEMY_KILL","is_daily":false,"chose_seed":false,"campfire_upgraded":9,"win_rate":0.0,"timestamp":1608600352,"path_taken":["M","M","?","M","$","R","M","R","T","?","M","M","?","E","R","BOSS","M","$","?","?","?","R","M","R","T","E","M","R","E","M","R","BOSS","M","?","M","$","?","E","R","M","T","R","E","M","$","M","R","BOSS"],"items_purchased_type":["Card","Card","Card","Relic","Potion","Relic"],"build_version":"2020-12-13","purchased_purges":2,"victory":true,"max_hp_per_floor":[70,70,70,70,70,70,70,70,70,70,70,70,70,70,70,70,75,75,75,75,75,75,75,75,75,75,75,75,75,75,75,75,75,75,75,75,75,75,75,75,75,75,75,75,75,75,75,75,75,75],"card_choices":[{"not_picked":["Sucker Punch","Outmaneuver"],"picked":"Cloak And Dagger","floor":1.0},{"not_picked":["Prepared","Backstab"],"picked":"Blade Dance","floor":2.0},{"not_picked":["Underhanded Strike","All Out Attack"],"picked":"Cloak And Dagger","floor":4.0},{"not_picked":["Bouncing Flask","Flying Knee","Dodge and Roll"],"picked":"SKIP","floor":7.0},{"not_picked":["Dagger Throw","Skewer","Riddle With Holes"],"picked":"SKIP","floor":11.0},{"not_picked":["Slice","Riddle With Holes"],"picked":"Footwork+1","floor":12.0},{"not_picked":["Poisoned Stab","Glass Knife"],"picked":"PiercingWail","floor":14.0},{"not_picked":["Venomology","Doppelganger"],"picked":"Phantasmal Killer","floor":16.0},{"not_picked":["Dagger Spray+1","Blur+1"],"picked":"Expertise+1","floor":18.0},{"not_picked":["Dodge and Roll","Dagger Throw+1"],"picked":"Blade Dance","floor":21.0},{"not_picked":["PiercingWail+1","Slice+1","Underhanded Strike"],"picked":"SKIP","floor":24.0},{"not_picked":["Noxious Fumes+1","Flying Knee"],"picked":"Burst","floor":27.0},{"not_picked":["Outmaneuver","Crippling Poison+1","Underhanded Strike+1"],"picked":"SKIP","floor":28.0},{"not_picked":["Poisoned Stab","Blade Dance","Prepared"],"picked":"SKIP","floor":30.0},{"not_picked":["Cloak And Dagger","Dagger Spray","Setup+1"],"picked":"SKIP","floor":31.0},{"not_picked":["Phantasmal Killer","Glass Knife"],"picked":"A Thousand Cuts+1","floor":33.0},{"not_picked":["Quick Slash+1","Backstab+1","Eviscerate+1"],"picked":"SKIP","floor":35.0},{"not_picked":["All Out Attack+1","Choke+1","Outmaneuver"],"picked":"SKIP","floor":37.0},{"not_picked":["Blade Dance+1","Backflip"],"picked":"Escape Plan+1","floor":39.0},{"not_picked":["Distraction","Noxious Fumes+1","Underhanded Strike+1"],"picked":"SKIP","floor":40.0},{"not_picked":["Dagger Throw","Leg Sweep"],"picked":"Calculated Gamble","floor":42},{"not_picked":["Accuracy+1","Choke","Doppelganger"],"picked":"SKIP","floor":45},{"not_picked":["Deadly Poison+1","PiercingWail","Blade Dance"],"picked":"SKIP","floor":46},{"not_picked":["Flechettes+1","Predator+1","Noxious Fumes+1"],"picked":"SKIP","floor":48}],"player_experience":350016,"relics_obtained":[{"floor":9.0,"key":"Frozen Egg 2"},{"floor":14.0,"key":"Turnip"},{"floor":26.0,"key":"Orichalcum"},{"floor":27.0,"key":"Thread and Needle"},{"floor":30.0,"key":"Meat on the Bone"},{"floor":39.0,"key":"FossilizedHelix"},{"floor":40.0,"key":"Smiling Mask"},{"floor":43,"key":"Vajra"},{"floor":45,"key":"Kunai"}],"event_choices":[{"cards_removed":["Strike_G"],"damage_healed":0.0,"max_hp_gain":0.0,"max_hp_loss":0.0,"gold_gain":0.0,"event_name":"Living Wall","player_choice":"Forget","floor":3.0,"gold_loss":0.0,"damage_taken":0.0},{"cards_removed":["Strike_G"],"damage_healed":0.0,"max_hp_gain":0.0,"max_hp_loss":0.0,"gold_gain":0.0,"event_name":"The Cleric","player_choice":"Card Removal","floor":10.0,"gold_loss":50.0,"damage_taken":0.0},{"cards_removed":["Strike_G"],"damage_healed":0.0,"max_hp_gain":0.0,"max_hp_loss":0.0,"gold_gain":0.0,"event_name":"Golden Wing","player_choice":"Card Removal","floor":13.0,"gold_loss":0.0,"damage_taken":7.0},{"cards_removed":["Strike_G"],"damage_healed":0.0,"max_hp_gain":0.0,"max_hp_loss":0.0,"gold_gain":0.0,"event_name":"Bonfire Elementals","player_choice":"Offered Basic","floor":20.0,"gold_loss":0.0,"damage_taken":0.0},{"damage_healed":0.0,"max_hp_gain":0.0,"max_hp_loss":0.0,"gold_gain":99.0,"event_name":"Nest","player_choice":"Stole From Cult","floor":22.0,"gold_loss":0.0,"damage_taken":0.0},{"cards_removed":["Cloak And Dagger"],"damage_healed":0.0,"max_hp_gain":0.0,"max_hp_loss":0.0,"gold_gain":0.0,"event_name":"Falling","player_choice":"Removed Skill","floor":36.0,"gold_loss":0.0,"damage_taken":0.0},{"damage_healed":0.0,"max_hp_gain":0.0,"max_hp_loss":0.0,"gold_gain":0.0,"event_name":"Mysterious Sphere","player_choice":"Fight","floor":39.0,"gold_loss":0.0,"damage_taken":0.0}],"is_beta":false,"boss_relics":[{"not_picked":["Snecko Eye","Velvet Choker"],"picked":"Tiny House"},{"not_picked":["Black Star","Cursed Key"],"picked":"Philosopher\u0027s Stone"}],"items_purged_floors":[19,47],"is_endless":false,"potions_floor_spawned":[11,12,14,18,24,28,31,33,35,39,45],"ascension_level":6}}