{"host":"4b06nrmhsmzqjm1r","time":1608602460,"event":{"mods":["2.2 Compatiblity","AchievementEnabler","BaseMod","BetterRewards","Colored Map","Colored Powertips","Downfall","Hermit","Highlight Path","Marisa????????","Minty Spire (QoL Compilation)","StSLib","The Animator","The Cursed","The Hierophant","The Servant 0.9.4"],"gold_per_floor":[121,121,121,134,84,124,124,129,129],"floor_reached":8,"playtime":946,"items_purged":["hermit:Defend_Hermit","hermit:Strike_Hermit"],"score":54,"play_id":"6599b672-d037-4930-9337-c933e267b7ae","local_time":"20201222030100","is_ascension_mode":false,"campfire_choices":[],"circlet_count":0,"master_deck":["hermit:Strike_Hermit","hermit:Defend_Hermit","hermit:Defend_Hermit","hermit:Snapshot","hermit:Covet","hermit:Snipe","hermit:Combo","hermit:CursedWeapon","hermit:Snipe","hermit:Scavenge","hermit:Ricochet","hermit:BlackWind","hermit:Vantage","hermit:TrackingShot"],"relics":["hermit:Momento","Orrery","Ornamental Fan","Peace Pipe"],"acts_visited":["Exordium"],"potions_floor_usage":[6],"damage_taken":[{"damage":7,"enemies":"2 Louse","floor":1,"turns":2},{"damage":0,"enemies":"Jaw Worm","floor":4,"turns":1},{"damage":5,"enemies":"3 Sentries","floor":6,"turns":5},{"damage":34,"enemies":"Lagavulin","floor":8,"turns":5}],"seed_played":"-8845881578703232100","potions_obtained":[{"floor":1,"key":"BlessingOfTheForge"}],"is_trial":false,"path_per_floor":["M","?","?","M","?","E","$","E"],"character_chosen":"HERMIT","items_purchased":["hermit:Snipe","Orrery","Ornamental Fan"],"campfire_rested":0,"item_purchase_floors":[0,0,0],"current_hp_per_floor":[33,33,26,26,26,21,21,0,0],"gold":129,"neow_bonus":"","is_daily":false,"chose_seed":false,"campfire_upgraded":0,"win_rate":0.0,"timestamp":1608602460,"path_taken":["M","?","?","M","?","E","$","E"],"items_purchased_type":["Card","Relic","Relic"],"build_version":"2020-12-13","purchased_purges":2,"victory":false,"max_hp_per_floor":[75,75,75,75,75,75,75,75,75],"card_choices":[{"not_picked":["hermit:TrackingShot","hermit:GhostlyPresence"],"picked":"hermit:Combo","floor":0},{"not_picked":["hermit:HoleUp","hermit:DeadOrAlive"],"picked":"hermit:CursedWeapon","floor":0},{"not_picked":["hermit:Headshot","hermit:Enervate"],"picked":"hermit:Snipe","floor":0},{"not_picked":["hermit:Adapt","hermit:Coalescence"],"picked":"hermit:Scavenge","floor":0},{"not_picked":["hermit:HoleUp","hermit:ItchyTrigger"],"picked":"hermit:Ricochet","floor":0},{"not_picked":["hermit:CalledShot","hermit:LuckOfTheDraw"],"picked":"hermit:BlackWind","floor":1},{"not_picked":["hermit:Glare","hermit:WideOpen"],"picked":"hermit:Vantage","floor":4},{"not_picked":["hermit:Gestalt","hermit:Headshot"],"picked":"hermit:TrackingShot","floor":6}],"player_experience":202017,"relics_obtained":[{"floor":6,"key":"Peace Pipe"}],"event_choices":[{"cards_removed":["hermit:Strike_Hermit"],"damage_healed":0,"gold_gain":0,"player_choice":"Forget","damage_taken":0,"max_hp_gain":0,"max_hp_loss":0,"event_name":"Living Wall","floor":2,"gold_loss":0},{"cards_removed":["hermit:Defend_Hermit"],"damage_healed":0,"gold_gain":0,"player_choice":"Card Removal","damage_taken":7,"max_hp_gain":0,"max_hp_loss":0,"event_name":"Golden Wing","floor":3,"gold_loss":0},{"cards_removed":["hermit:Strike_Hermit"],"damage_healed":0,"gold_gain":0,"player_choice":"Card Removal","damage_taken":0,"max_hp_gain":0,"max_hp_loss":0,"event_name":"The Cleric","floor":5,"gold_loss":50}],"is_beta":false,"boss_relics":[],"items_purged_floors":[0,0],"is_endless":false,"potions_floor_spawned":[1],"killed_by":"Lagavulin","ascension_level":0}}