{"host":"nsu382cuivk29rjh","time":1608605463,"event":{"mods":["BaseMod","Downfall","Minty Spire (QoL Compilation)","StSLib"],"gold_per_floor":[99,111,111,386,402,59,59,234,85,85,85,85],"floor_reached":10,"playtime":409,"items_purged":["Regret","Doubt"],"score":57,"play_id":"2fb665eb-0590-4e4a-b583-b4d13d39f0e6","local_time":"20201222105103","is_ascension_mode":true,"campfire_choices":[{"data":"Guardian:CurlUp","floor":1.0,"key":"SMITH"}],"circlet_count":0,"master_deck":["Guardian:Strike_Guardian","Guardian:Strike_Guardian","Guardian:Strike_Guardian","Guardian:Strike_Guardian","Guardian:Defend_Guardian","Guardian:Defend_Guardian","Guardian:Defend_Guardian","Guardian:Defend_Guardian","Guardian:CurlUp+1","Guardian:TwinSlam","Panache","Guardian:Suspension","Guardian:MultiBeam","Guardian:TimeBomb","Guardian:Emergency+1","Guardian:BronzeOrb"],"relics":["Guardian:ModeShifter","Toxic Egg 2","Ice Cream"],"acts_visited":[],"potions_floor_usage":[],"damage_taken":[{"damage":2.0,"enemies":"Jaw Worm","floor":2.0,"turns":4.0},{"damage":10,"enemies":"Small Slimes","floor":5,"turns":4},{"damage":2,"enemies":"downfall:FleeingMerchant","floor":6,"turns":4},{"damage":15,"enemies":"downfall:FleeingMerchant","floor":9,"turns":4},{"damage":27,"enemies":"3 Sentries","floor":10,"turns":4}],"seed_played":"6922523179264006345","potions_obtained":[],"is_trial":false,"path_per_floor":["R","M","?","?","M","$","T","?","$","E"],"character_chosen":"GUARDIAN","items_purchased":["Toxic Egg 2","Guardian:BronzeOrb"],"campfire_rested":0,"item_purchase_floors":[6,9],"current_hp_per_floor":[56,54,54,54,44,42,42,42,27,0,0,0],"gold":85,"neow_bonus":"RANDOM_COLORLESS_2","is_daily":false,"chose_seed":false,"campfire_upgraded":1,"win_rate":0.0,"timestamp":1608605463,"path_taken":["R","M","?","?","?","$","T","?","$","E"],"items_purchased_type":["Relic","Card"],"build_version":"2020-12-13","purchased_purges":2,"victory":false,"max_hp_per_floor":[80,80,80,80,80,80,80,80,80,80,80,80],"card_choices":[{"not_picked":["Metamorphosis","Thinking Ahead"],"picked":"Panache","floor":0.0},{"not_picked":["Guardian:RollAttack","Guardian:VentSteam"],"picked":"Guardian:Suspension","floor":2.0},{"not_picked":["Guardian:WalkerClaw","Guardian:TemporalStrike"],"picked":"Guardian:MultiBeam","floor":5},{"not_picked":["Guardian:Gem_White","Guardian:Planning"],"picked":"Guardian:TimeBomb","floor":6},{"not_picked":["Guardian:SentryBeam","Guardian:VentSteam+1"],"picked":"Guardian:Emergency+1","floor":9}],"player_experience":1111188,"relics_obtained":[{"floor":7,"key":"Ice Cream"}],"event_choices":[],"is_beta":false,"boss_relics":[],"items_purged_floors":[6,9],"is_endless":false,"potions_floor_spawned":[],"killed_by":"3 Sentries","ascension_level":1}}