{"host":"0fmi5fguj5lvt8pf","time":1608608657,"event":{"mods":["BaseMod","Colored Map","Curses Come First","Downfall","Minty Spire (QoL Compilation)","Permanent Neow","StSLib","Waifu the Spire"],"gold_per_floor":[99,99,99,199,260,288,288,288,300,300,400,400,418,434,452,548,548,548,559,659,659,674,674,674,674,707,376,151,151,178,201,211,211,211],"floor_reached":33,"playtime":1728,"items_purged":["champ:FaceSlap"],"score":261,"play_id":"1d53f759-2032-47fc-86d2-33da5b2d5893","local_time":"20201221194417","is_ascension_mode":false,"campfire_choices":[{"floor":1.0,"key":"RECALL"},{"data":"champ:Devastate","floor":8.0,"key":"SMITH"},{"data":"champ:Encircle","floor":10.0,"key":"SMITH"},{"data":"champ:Taunt","floor":12.0,"key":"SMITH"},{"data":"champ:Encircle","floor":18.0,"key":"SMITH"},{"data":"champ:Shatter","floor":23.0,"key":"SMITH"},{"data":"champ:Duel","floor":28,"key":"SMITH"}],"circlet_count":0,"master_deck":["champ:Strike","champ:Strike","champ:Defend","champ:Defend","champ:Defend","champ:Execute","champ:Taunt+1","champ:Encircle+1","champ:RageSigil","champ:Devastate+1","champ:Lariat","champ:Encircle+1","champ:IgnorePain","champ:Duel+1","J.A.X.","champ:Shatter+1","champ:ShieldSlam","champ:AdrenalArmor"],"relics":["champ:ChampionCrown","downfall:HeartsMalice","Champion Belt","Mercury Hourglass","Art of War","Meat on the Bone","downfall:GremlinWheel","SacredBark","MutagenicStrength","downfall:RedIOU","CeramicFish","Membership Card","Molten Egg 2","downfall:HeartBlessingRed","downfall:HeartBlessingGreen","downfall:HeartBlessingBlue","Frozen Egg 2","Oddly Smooth Stone"],"acts_visited":["Exordium","TheCity"],"potions_floor_usage":[32],"damage_taken":[{"damage":0.0,"enemies":"Jaw Worm","floor":2.0,"turns":1.0},{"damage":0.0,"enemies":"Jaw Worm","floor":4.0,"turns":1.0},{"damage":0.0,"enemies":"Gremlin Nob","floor":5.0,"turns":1.0},{"damage":43.0,"enemies":"Lagavulin","floor":6.0,"turns":5.0},{"damage":13.0,"enemies":"2 Louse","floor":9.0,"turns":3.0},{"damage":44.0,"enemies":"2 Louse","floor":11.0,"turns":4.0},{"damage":9.0,"enemies":"Cultist","floor":13.0,"turns":2.0},{"damage":0.0,"enemies":"Large Slime","floor":14.0,"turns":2.0},{"damage":31.0,"enemies":"Exordium Thugs","floor":15.0,"turns":3.0},{"damage":61.0,"enemies":"downfall:Silent","floor":16.0,"turns":6.0},{"damage":26.0,"enemies":"3 Byrds","floor":19.0,"turns":3.0},{"damage":38.0,"enemies":"downfall:Augmenter","floor":20.0,"turns":4.0},{"damage":15.0,"enemies":"Shell Parasite","floor":22.0,"turns":3.0},{"damage":53.0,"enemies":"Gremlin Leader","floor":26.0,"turns":7.0},{"damage":17,"enemies":"downfall:FleeingMerchant","floor":27,"turns":4},{"damage":12,"enemies":"Snecko","floor":31,"turns":3},{"damage":23,"enemies":"3 Cultists","floor":32,"turns":3},{"damage":69,"enemies":"downfall:Ironclad","floor":33,"turns":7}],"seed_played":"3272796775047642738","potions_obtained":[{"floor":4.0,"key":"SneckoOil"},{"floor":5.0,"key":"DistilledChaos"},{"floor":13.0,"key":"Fire Potion"},{"floor":14.0,"key":"Swift Potion"},{"floor":15.0,"key":"SpeedPotion"},{"floor":19.0,"key":"SkillPotion"},{"floor":22.0,"key":"SkillPotion"},{"floor":31,"key":"AttackPotion"}],"is_trial":false,"path_per_floor":["R","M","?","?","?","E","T","R","M","R","?","R","M","M","M","B",null,"R","M","?","?","M","R","T","?","E","$","R","?","T","M","M","B"],"character_chosen":"THE_CHAMP","items_purchased":["Membership Card","Molten Egg 2"],"campfire_rested":0,"item_purchase_floors":[27,27],"current_hp_per_floor":[90,90,78,80,82,66,66,66,64,64,52,52,66,68,60,35,90,90,84,82,82,76,76,76,76,53,57,67,67,67,59,68,0,0],"gold":211,"neow_bonus":"THREE_ENEMY_KILL","is_daily":false,"chose_seed":false,"campfire_upgraded":6,"win_rate":0.0,"timestamp":1608608657,"path_taken":["R","M","?","?","?","E","T","R","M","R","?","R","M","?","M","BOSS","R","M","?","?","?","R","T","?","E","$","R","?","?","M","M","BOSS"],"items_purchased_type":["Relic","Relic"],"build_version":"2020-12-13","purchased_purges":1,"victory":false,"max_hp_per_floor":[90,90,90,90,90,90,90,90,90,90,90,90,90,90,90,90,90,90,90,90,90,90,90,90,90,90,90,100,100,100,100,100,100,100],"card_choices":[{"not_picked":["champ:GladiatorsShout","champ:AdrenalArmor"],"picked":"champ:Encircle","floor":2.0},{"not_picked":["champ:Encircle","champ:CrookedStrike"],"picked":"champ:RageSigil","floor":4.0},{"not_picked":["champ:GutPunch","champ:PerfectedStrike"],"picked":"champ:Devastate","floor":6.0},{"not_picked":["champ:PerfectedStrike","champ:Haymaker","champ:GladiatorStyle"],"picked":"SKIP","floor":9.0},{"not_picked":["champ:Circumvent","champ:Encircle"],"picked":"champ:Lariat","floor":13.0},{"not_picked":["champ:BringItOn","champ:BladeFlurry","champ:GutPunch"],"picked":"SKIP","floor":14.0},{"not_picked":["champ:BladeFlurry","champ:Haymaker"],"picked":"champ:Encircle","floor":15.0},{"not_picked":["champ:StrikeOfGenius","champ:HoldFirm"],"picked":"champ:IgnorePain","floor":16.0},{"not_picked":["champ:SkillfulDodge+1","champ:HeartStrike","champ:BringItOn+1"],"picked":"SKIP","floor":19.0},{"not_picked":[],"picked":"J.A.X.","floor":20.0},{"not_picked":["champ:Backstep","champ:Improvising"],"picked":"champ:Shatter","floor":22.0},{"not_picked":["champ:SkillfulDodge","champ:CrookedStrike","champ:RageSigil"],"picked":"SKIP","floor":26.0},{"not_picked":["champ:TornadoPunch","champ:BladeFlurry"],"picked":"champ:ShieldSlam","floor":27},{"not_picked":["champ:PerfectedStrike+1","champ:RisingSlash+1"],"picked":"champ:AdrenalArmor","floor":31},{"not_picked":["champ:RapidStrikes+1","champ:GladiatorsShout+1","champ:DefensiveShout+1"],"picked":"SKIP","floor":32}],"player_experience":1228949,"relics_obtained":[{"floor":4.0,"key":"Champion Belt"},{"floor":5.0,"key":"Mercury Hourglass"},{"floor":6.0,"key":"Art of War"},{"floor":7.0,"key":"Meat on the Bone"},{"floor":11.0,"key":"downfall:GremlinWheel"},{"floor":20.0,"key":"MutagenicStrength"},{"floor":26.0,"key":"CeramicFish"},{"floor":30,"key":"Oddly Smooth Stone"}],"event_choices":[{"damage_healed":0.0,"max_hp_gain":0.0,"max_hp_loss":0.0,"gold_gain":0.0,"event_name":"Scrap Ooze","player_choice":"Success","floor":3.0,"gold_loss":0.0,"damage_taken":12.0,"relics_obtained":["Blood Vial"]},{"cards_removed":["champ:Strike"],"damage_healed":0.0,"max_hp_gain":0.0,"max_hp_loss":0.0,"gold_gain":0.0,"event_name":"Wheel of Change","player_choice":"Card Removal","floor":18.0,"gold_loss":0.0,"damage_taken":0.0}],"is_beta":false,"boss_relics":[{"not_picked":["Pandora\u0027s Box","Fusion Hammer"],"picked":"SacredBark"}],"items_purged_floors":[27],"is_endless":false,"potions_floor_spawned":[4,5,13,14,15,19,22,31],"killed_by":"downfall:Ironclad","ascension_level":0}}