{"host":"19kf8tqwqindyscq","time":1608610211,"event":{"mods":["2.2 Compatiblity","BaseMod","Colored Map","Colored Powertips","Conspire","Downfall","Gremlin Mod","GungeonMod","Hermit","Hubris","Infinite Spire","Minty Spire (QoL Compilation)","Quick Restart","Rare Cards Sparkle","Replay The Spire","Somnambulant","StSLib","SuperFastMode","The Bladedancer","The Bug Knight","The Construct","The Cursed","The Mystic","The Necromancer"],"gold_per_floor":[116,127,127,143,28,62,81,21,21,35,50,50,50,64,64,167,217,233,233,110,110,110],"floor_reached":21,"playtime":1116,"items_purged":["somnambulantmod: SomnambulantStrike"],"score":181,"play_id":"d91edefe-9527-4f72-be6e-d47f20ebbdf2","local_time":"20201222011011","is_ascension_mode":false,"campfire_choices":[{"floor":13,"key":"REST"},{"floor":15,"key":"REST"}],"circlet_count":0,"master_deck":["somnambulantmod: SomnambulantStrike","somnambulantmod: SomnambulantStrike","somnambulantmod: SomnambulantStrike","somnambulantmod: SomnambulantStrike","somnambulantmod: Defend_Somnambulant","somnambulantmod: Defend_Somnambulant","somnambulantmod: Defend_Somnambulant","somnambulantmod: Defend_Somnambulant","somnambulantmod: Defend_Somnambulant","somnambulantmod: QuickNap","somnambulantmod: PrimingPunch","somnambulantmod: HeavyLids+1","somnambulantmod: DreamBig+1","somnambulantmod: LeechFears+1","somnambulantmod: Blink","somnambulantmod: HeavyLids","somnambulantmod: DarkeningMind","somnambulantmod: DarkeningMind","somnambulantmod: Stimulus","somnambulantmod: Trauma","somnambulantmod: Blink","somnambulantmod: Lucidity+1","somnambulantmod: DreamBig","somnambulantmod: HorrificThought"],"relics":["somnambulantmod: DreamJournal","NeowsBlessing","DemoMod:GnawedKey","Ginger","Bottled Tornado","Tiny House","Omamori"],"acts_visited":["Exordium","TheCity"],"potions_floor_usage":[7,11,16,16],"damage_taken":[{"damage":0,"enemies":"Cultist","floor":1,"turns":1},{"damage":0,"enemies":"Small Slimes","floor":2,"turns":1},{"damage":0,"enemies":"Jaw Worm","floor":4,"turns":1},{"damage":44,"enemies":"Gremlin Nob","floor":6,"turns":5},{"damage":7,"enemies":"Lots of Slimes","floor":7,"turns":3},{"damage":6,"enemies":"Exordium Thugs","floor":10,"turns":6},{"damage":10,"enemies":"Large Slime","floor":11,"turns":6},{"damage":7,"enemies":"Red Slaver","floor":14,"turns":6},{"damage":44,"enemies":"Fading Forest","floor":16,"turns":11},{"damage":50,"enemies":"3 Byrds","floor":18,"turns":7},{"damage":39,"enemies":"conspire:FuzzyDice","floor":21,"turns":1}],"seed_played":"1610022136141631350","potions_obtained":[{"floor":2,"key":"Energy Potion"},{"floor":4,"key":"Strength Potion"},{"floor":6,"key":"Explosive Potion"},{"floor":7,"key":"Dexterity Potion"},{"floor":17,"key":"Guardian:BlockOnCardUsePotion"}],"is_trial":false,"path_per_floor":["M","M","?","M","$","E","M","$","T","M","M","?","R","M","R","B",null,"M","T","$","M"],"character_chosen":"THE_SOMNAMBULANT","items_purchased":["DemoMod:GnawedKey","somnambulantmod: DarkeningMind","somnambulantmod: HorrificThought"],"campfire_rested":2,"item_purchase_floors":[5,8,20],"current_hp_per_floor":[70,70,70,70,70,26,19,19,19,13,3,3,26,19,42,16,79,29,29,29,0,0],"gold":110,"neow_bonus":"THREE_ENEMY_KILL","is_daily":false,"chose_seed":false,"campfire_upgraded":0,"win_rate":0.0,"timestamp":1608610211,"path_taken":["M","?","?","M","$","E","M","$","T","M","M","?","R","M","R","BOSS","M","?","$","M"],"items_purchased_type":["Relic","Card","Card"],"build_version":"2020-12-13","purchased_purges":1,"victory":false,"max_hp_per_floor":[70,70,70,70,70,70,70,70,70,70,70,70,72,72,74,74,79,79,79,79,79,79],"card_choices":[{"not_picked":["somnambulantmod: NightmareFuel","somnambulantmod: BrainFeeder"],"picked":"somnambulantmod: HeavyLids","floor":1},{"not_picked":["somnambulantmod: Bloom","somnambulantmod: Wake"],"picked":"somnambulantmod: DreamBig","floor":2},{"not_picked":["somnambulantmod: HappyThoughts","somnambulantmod: OpeningUp"],"picked":"somnambulantmod: LeechFears","floor":4},{"not_picked":["somnambulantmod: MindWave","somnambulantmod: Bruise"],"picked":"somnambulantmod: Blink","floor":6},{"not_picked":["somnambulantmod: Harden","somnambulantmod: Refracture"],"picked":"somnambulantmod: HeavyLids","floor":7},{"not_picked":["somnambulantmod: Sleepyhead","somnambulantmod: RecurringDream"],"picked":"somnambulantmod: Stimulus","floor":10},{"not_picked":["somnambulantmod: RacingThoughts","somnambulantmod: DeeperSleep"],"picked":"somnambulantmod: Trauma","floor":11},{"not_picked":["somnambulantmod: Repression","somnambulantmod: DeeperSleep"],"picked":"somnambulantmod: Blink","floor":14},{"not_picked":["somnambulantmod: Narcolepsy","somnambulantmod: Damping"],"picked":"somnambulantmod: Lucidity","floor":16},{"not_picked":["somnambulantmod: Cower","somnambulantmod: HeavyLids"],"picked":"somnambulantmod: DreamBig","floor":17},{"not_picked":["somnambulantmod: Nosebleed","somnambulantmod: Harden+1","somnambulantmod: Blink"],"picked":"SKIP","floor":18}],"player_experience":151194,"relics_obtained":[{"floor":6,"key":"Ginger"},{"floor":9,"key":"Bottled Tornado"},{"floor":19,"key":"Omamori"}],"event_choices":[{"damage_healed":0,"gold_gain":0,"player_choice":"Leave","damage_taken":0,"max_hp_gain":0,"max_hp_loss":0,"event_name":"The Cleric","floor":3,"gold_loss":0},{"damage_healed":0,"gold_gain":0,"player_choice":"Forge","damage_taken":0,"max_hp_gain":0,"max_hp_loss":0,"event_name":"Accursed Blacksmith","floor":12,"gold_loss":0,"cards_upgraded":["somnambulantmod: DreamBig"]}],"is_beta":false,"boss_relics":[{"not_picked":["hubris:HollowSoul","conspire:SlowCooker"],"picked":"Tiny House"}],"items_purged_floors":[20],"is_endless":false,"potions_floor_spawned":[2,4,6,7],"killed_by":"conspire:FuzzyDice","ascension_level":0}}