{"host":"jak4ncvfzor9mys0","time":1608622526,"event":{"mods":["2.2 Compatiblity","AchievementEnabler","BaseMod","Better Altar","Better Match","Better Note","Better Sensory Stone","Better Skull","Better Third Choice","BetterRewards","Block Reminder","Colored Map","Colored Powertips","Energized Spire","Gold Saver","Hubris","Infinite Spire","Key Reminder","Minty Spire (QoL Compilation)","Rare Cards Sparkle","Red Circlet Mod","Relic Sorter","Relic Stats","Replay The Spire","Retaliation","StSLib","SuperFastMode","The Blue Laboratory"],"gold_per_floor":[454,292,302,1,11,30,62,76,76,76,273,304,304,304,304,403,403,414,434,457,468,169,169,203,203,203,235,245,245,256,256,256,361,361,361,361,361,361],"floor_reached":37,"playtime":2030,"items_purged":["Strike_R","Bash"],"score":590,"play_id":"51c9d167-7989-4609-9256-a5dc74826f11","local_time":"20201221233526","is_ascension_mode":false,"campfire_choices":[{"data":"ReplayTheSpireMod:LeadingStrike","floor":10,"key":"SMITH"},{"floor":13,"key":"REST"},{"data":"Trip","floor":15,"key":"SMITH"},{"data":"Demon Form","floor":23,"key":"SMITH"},{"floor":25,"key":"REST"},{"data":"hubris:ReadiedAction","floor":32,"key":"SMITH"},{"data":"1","floor":35,"key":"LIFT"}],"circlet_count":0,"master_deck":["Strike_R","Strike_R","Strike_R","Defend_R","Defend_R","Defend_R","Defend_R","ReplayTheSpireMod:LeadingStrike+1","Pommel Strike","Trip+1","hubris:ReadiedAction+1","ReplayTheSpireMod:Strike From Hell","Perfected Strike","Demon Form+1","Twin Strike+1","Perfected Strike+1","Twin Strike","Perfected Strike+1"],"relics":["Black Blood","Girya","Another Sword","hubris:GlazedTorus","Vajra","infinitespire:Lucky Rock","hubris:IronBody","hubris:TenFootPole","Dream Catcher","hubris:DisguiseKit","Onion Ring","hubris:Backtick","Vampiric Spirits"],"acts_visited":["Exordium","TheCity","TheEnding"],"potions_floor_usage":[16,16,24,24,28,33],"damage_taken":[{"damage":0,"enemies":"Small Slimes","floor":1,"turns":3},{"damage":1,"enemies":"Jaw Worm","floor":3,"turns":3},{"damage":1,"enemies":"2 Louse","floor":5,"turns":3},{"damage":3,"enemies":"Red Slaver","floor":6,"turns":3},{"damage":17,"enemies":"Replay:BlueRogue","floor":7,"turns":4},{"damage":11,"enemies":"Gremlin Gang","floor":8,"turns":4},{"damage":0,"enemies":"Gremlin Nob","floor":12,"turns":2},{"damage":12,"enemies":"Fading Forest","floor":16,"turns":11},{"damage":9,"enemies":"Shell Parasite","floor":18,"turns":3},{"damage":9,"enemies":"Spheric Guardian","floor":19,"turns":5},{"damage":19,"enemies":"Snake Plant","floor":21,"turns":4},{"damage":47,"enemies":"Nightmare","floor":24,"turns":6},{"damage":19,"enemies":"Slavers","floor":27,"turns":5},{"damage":10,"enemies":"Shelled Parasite and Fungi","floor":28,"turns":3},{"damage":2,"enemies":"3 Cultists","floor":30,"turns":3},{"damage":23,"enemies":"Automaton","floor":33,"turns":6},{"damage":85,"enemies":"Shield and Spear","floor":37,"turns":3}],"seed_played":"-1246176040756495662","potions_obtained":[{"floor":5,"key":"SpeedPotion"},{"floor":8,"key":"Strength Potion"},{"floor":12,"key":"Dexterity Potion"},{"floor":16,"key":"blueLaboratory:BubblePotion"},{"floor":21,"key":"BlessingOfTheForge"},{"floor":24,"key":"blueLaboratory:BottleOfVodka"},{"floor":27,"key":"Weak Potion"},{"floor":30,"key":"blueLaboratory:ImpenetrablePotion"}],"is_trial":false,"path_per_floor":["M","$","M","$","M","M","E","M","T","R","?","E","R","?","R","B",null,"M","M","T","M","$","R","NM","R","T","E","M","?","M","?","R","B",null,"R","$","E"],"character_chosen":"IRONCLAD","items_purchased":["hubris:GlazedTorus","ReplayTheSpireMod:LeadingStrike","Pommel Strike","Trip","Vajra","hubris:ReadiedAction","Another Sword"],"campfire_rested":2,"item_purchase_floors":[0,0,0,2,4,4,22],"current_hp_per_floor":[80,80,80,80,80,80,69,64,64,64,32,38,62,62,62,66,80,80,80,80,73,73,73,38,62,62,55,57,61,71,71,71,60,80,80,80,0,0],"gold":361,"neow_bonus":"","is_daily":false,"chose_seed":false,"campfire_upgraded":4,"win_rate":0.0,"timestamp":1608622526,"path_taken":["M","$","M","$","M","M","E","M","T","R","?","E","R","?","R","BOSS","M","M","?","?","?","R","NM","R","T","E","M","?","M","?","R","BOSS","R","$","E"],"items_purchased_type":["Relic","Card","Card","Card","Relic","Card","Relic"],"build_version":"2020-12-13","purchased_purges":2,"victory":false,"max_hp_per_floor":[80,80,80,80,80,80,80,80,80,80,80,80,80,80,80,80,80,80,80,80,80,80,80,80,80,80,80,80,80,80,80,80,80,80,80,80,80,80],"relic_stats":{"Dream Catcher":1,"counters":[56,258],"Black Blood":270,"obtain_stats":[{"Vampiric Spirits":34,"Vajra":23,"Black Blood":17,"Bag of Preparation":9,"Replay:Mystery Machine":46,"Sling":13,"Burning Blood":0,"Replay:Rubber Ducky":27,"Sozu":17,"Replay:Ringing Soul":26,"Centennial Puzzle":43,"Dream Catcher":20,"hubris:Icosahedron":5,"hubris:Backtick":34,"Tiny Chest":10,"hubris:IronBody":9,"HandDrill":36,"Kunai":40,"Toxic Egg 2":14,"hubris:ChampionShield":37,"energizedSpire:DecayingSkull":17,"hubris:GlazedTorus":13,"Girya":24,"hubris:DisguiseKit":26,"Happy Flower":20,"Quantum Egg":7,"Counterbalance":9,"Pen Nib":0,"infinitespire:Beetle Shell":26,"hubris:MedicalManual":36,"Replay:Kaleidoscope":36,"infinitespire:Lucky Rock":7,"hubris:Towel":37,"Peace Pipe":0,"hubris:Zylophone":21,"Bottled Flame":10,"Anchor":20,"infinitespire:Lychee Nut":2,"Bird Faced Urn":39,"Simple Rune":31,"Onion Ring":27,"Another Sword":22,"hubris:TenFootPole":23,"StrikeDummy":13},{"Vampiric Spirits":55,"Vajra":32,"Black Blood":47,"Bag of Preparation":4,"Replay:Mystery Machine":21,"Sling":28,"Burning Blood":0,"Replay:Rubber Ducky":12,"Sozu":7,"Replay:Ringing Soul":33,"Centennial Puzzle":20,"Dream Catcher":49,"hubris:Icosahedron":3,"hubris:Backtick":55,"Tiny Chest":28,"hubris:IronBody":45,"HandDrill":37,"Kunai":19,"Toxic Egg 2":29,"hubris:ChampionShield":38,"energizedSpire:DecayingSkull":30,"hubris:GlazedTorus":28,"Girya":51,"hubris:DisguiseKit":51,"Happy Flower":31,"Quantum Egg":28,"Counterbalance":28,"Pen Nib":0,"infinitespire:Beetle Shell":12,"hubris:MedicalManual":37,"Replay:Kaleidoscope":16,"infinitespire:Lucky Rock":44,"hubris:Towel":16,"Peace Pipe":24,"hubris:Zylophone":31,"Bottled Flame":28,"Anchor":31,"infinitespire:Lychee Nut":1,"Bird Faced Urn":18,"Simple Rune":14,"Onion Ring":52,"Another Sword":50,"hubris:TenFootPole":11,"StrikeDummy":5},{"Vampiric Spirits":255,"Vajra":147,"Black Blood":220,"Bag of Preparation":14,"Replay:Mystery Machine":85,"Sling":119,"Burning Blood":0,"Replay:Rubber Ducky":43,"Sozu":26,"Replay:Ringing Soul":151,"Centennial Puzzle":81,"Dream Catcher":228,"hubris:Icosahedron":10,"hubris:Backtick":255,"Tiny Chest":119,"hubris:IronBody":207,"HandDrill":175,"Kunai":76,"Toxic Egg 2":123,"hubris:ChampionShield":182,"energizedSpire:DecayingSkull":133,"hubris:GlazedTorus":119,"Girya":238,"hubris:DisguiseKit":238,"Happy Flower":138,"Quantum Egg":119,"Counterbalance":119,"Pen Nib":0,"infinitespire:Beetle Shell":43,"hubris:MedicalManual":175,"Replay:Kaleidoscope":60,"infinitespire:Lucky Rock":203,"hubris:Towel":60,"Peace Pipe":100,"hubris:Zylophone":138,"Bottled Flame":119,"Anchor":138,"infinitespire:Lychee Nut":4,"Bird Faced Urn":69,"Simple Rune":51,"Onion Ring":243,"Another Sword":232,"hubris:TenFootPole":40,"StrikeDummy":17}]},"card_choices":[{"not_picked":["Bloodletting","hubris:SharpeningStone","Clothesline"],"picked":"SKIP","floor":1},{"not_picked":["DDmod:SpikedSkill","Cleave","Evolve"],"picked":"SKIP","floor":3},{"not_picked":["Havoc","Sentinel","hubris:ReadiedAction"],"picked":"SKIP","floor":5},{"not_picked":["DDmod:EasePowerCard","Sword Boomerang"],"picked":"ReplayTheSpireMod:Strike From Hell","floor":6},{"not_picked":["Clothesline","Searing Blow","Dark Embrace"],"picked":"SKIP","floor":7},{"not_picked":["Shockwave","Battle Trance","Thunderclap"],"picked":"SKIP","floor":8},{"not_picked":["Clash","Body Slam"],"picked":"Perfected Strike","floor":11},{"not_picked":["Flex","Run Through","Whirlwind"],"picked":"SKIP","floor":12},{"not_picked":["Brutality","Reaper"],"picked":"Demon Form","floor":16},{"not_picked":["ReplayTheSpireMod:Strike From Hell","ReplayTheSpireMod:Corrosion Curse"],"picked":"Twin Strike+1","floor":18},{"not_picked":["Rupture+1","Battle Trance+1","DDmod:UnstoppableAttack"],"picked":"SKIP","floor":19},{"not_picked":["Carnage+1","Cleave","Flame Barrier+1"],"picked":"SKIP","floor":21},{"not_picked":["True Grit","Flame Barrier","DDmod:CallousedSkill+1"],"picked":"SKIP","floor":24},{"not_picked":["Shrug It Off+1","DDmod:CallousedSkill+1"],"picked":"Perfected Strike+1","floor":25},{"not_picked":["Replay:Undeath\u0027s Touch","Armaments","hubris:TrickCloak"],"picked":"Twin Strike","floor":27},{"not_picked":["Iron Wave","Hemokinesis","Sword Boomerang","hubris:Counter"],"picked":"SKIP","floor":28},{"not_picked":["Iron Wave","Hemokinesis","Sword Boomerang","hubris:Counter"],"picked":"SKIP","floor":28},{"not_picked":["Whirlwind+1","Wild Strike+1","Replay:Bag of Tricks"],"picked":"Perfected Strike+1","floor":30}],"player_experience":2658452,"relics_obtained":[{"floor":7,"key":"infinitespire:Lucky Rock"},{"floor":9,"key":"hubris:IronBody"},{"floor":12,"key":"hubris:TenFootPole"},{"floor":20,"key":"Dream Catcher"},{"floor":24,"key":"Girya"},{"floor":26,"key":"hubris:DisguiseKit"},{"floor":27,"key":"Onion Ring"}],"event_choices":[{"cards_removed":["Strike_R"],"damage_healed":0,"gold_gain":0,"player_choice":"Card Removal","damage_taken":0,"max_hp_gain":0,"max_hp_loss":0,"event_name":"Wheel of Change","floor":14,"gold_loss":0},{"damage_healed":4,"gold_gain":0,"player_choice":"LEAVE ","damage_taken":0,"relics_obtained":[],"max_hp_gain":0,"max_hp_loss":0,"event_name":"betterSkull:BetterSkull","floor":29,"gold_loss":0,"cards_upgraded":[]},{"damage_healed":0,"gold_gain":0,"player_choice":"Ignored","damage_taken":0,"max_hp_gain":0,"max_hp_loss":0,"event_name":"Transmorgrifier","floor":31,"gold_loss":0}],"is_beta":false,"boss_relics":[{"not_picked":["hubris:TerracottaHorce","SacredBark"],"picked":"Black Blood"},{"not_picked":["Astrolabe","ReplayTheSpireMod:DimensionalGlitch"],"picked":"hubris:Backtick"}],"items_purged_floors":[2,4],"is_endless":true,"potions_floor_spawned":[5,8,12,16,21,24,27,30],"killed_by":"Shield and Spear","ascension_level":0}}