{"host":"Teixeira","time":1608670276,"event":{"mods":["2.2 Compatiblity","AchievementEnabler","Aspiration","BaseMod","Better Match","Better Note","Better Sensory Stone","Better Skull","Better Third Choice","Colored Map","Colored Powertips","Downfall","Hermit","Hubris","Infinite Spire","Marked Mod","Minty Spire (QoL Compilation)","Permanent Neow","Quick Restart","Rare Cards Sparkle","Relic Filter","Replay The Spire","Spicy Shops","StSLib","SuperFastMode"],"gold_per_floor":[118,118,133,133,149,193,193,268,268,304,327,368,388,412,412,536,536,554,575,157,157,157,201,219,219,219,237,12,46,46,89,89,219,219,261,297,342,68,85,131,161,161,185,212,212,265,265,306,306,306,306,306,5,38,38],"floor_reached":56,"playtime":3369,"items_purged":["Strike_R","hubris:Greed"],"score":1702,"play_id":"a54851c0-f60b-40c1-9e6c-8a65fc0c1881","local_time":"20201222175116","is_ascension_mode":true,"campfire_choices":[{"data":"Headbutt","floor":7.0,"key":"SMITH"},{"data":"Spot Weakness","floor":15.0,"key":"SMITH"},{"data":"Creative AI","floor":25.0,"key":"SMITH"},{"data":"Inflame","floor":32.0,"key":"SMITH"},{"data":"Clumsy","floor":42,"key":"PURGE"},{"data":"Injury","floor":49,"key":"PURGE"},{"data":"Echo Form","floor":52,"key":"SMITH"}],"circlet_count":0,"master_deck":["Strike_R+1","Strike_R","Strike_R","Strike_R","Defend_R+1","Defend_R","Defend_R","Defend_R+1","Bash+1","Headbutt+1","Run Through+1","Pommel Strike+1","Hemogenesis+1","Warcry+1","Spot Weakness+1","Brutality","Pommel Strike+1","Creative AI+1","Ball Lightning+1","Metallicize+1","Inflame+1","Echo Form+1","Capacitor+1"],"relics":["Burning Blood","Anchor","Golden Idol","Question Card","Molten Egg 2","Nunchaku","aspiration:SeaSaltIceCream","Question Card","infinitespire:FocusingShard","Pear","aspiration:DefectSkillbook","Replay:Wax Seal","hubris:TenFootPole","ReplayTheSpireMod:TigerMarble","Durian","hubris:PeanutButter","Sling","War Paint","Vajra","infinitespire:EvilPickle","Replay:Ancient Bell","Simple Rune","The Courier","Peace Pipe","Gremlin Horn","infinitespire:ShieldingShard","Blue Doll","infinitespire:BottledMercury","ReplayTheSpireMod:Ninjato","Kunai","hubris:FunFungus"],"acts_visited":["Exordium","TheCity","TheBeyond","TheEnding"],"potions_floor_usage":[40,40,54,55],"damage_taken":[{"damage":1.0,"enemies":"Jaw Worm","floor":1.0,"turns":3.0},{"damage":0.0,"enemies":"2 Louse","floor":3.0,"turns":2.0},{"damage":1.0,"enemies":"Cultist","floor":5.0,"turns":3.0},{"damage":28.0,"enemies":"Gremlin Nob","floor":6.0,"turns":4.0},{"damage":30.0,"enemies":"3 Sentries","floor":10.0,"turns":7.0},{"damage":6.0,"enemies":"Blue Slaver","floor":11.0,"turns":3.0},{"damage":45.0,"enemies":"Lagavulin","floor":12.0,"turns":6.0},{"damage":0.0,"enemies":"Exordium Wildlife","floor":13.0,"turns":2.0},{"damage":6.0,"enemies":"Gremlin Gang","floor":14.0,"turns":4.0},{"damage":6.0,"enemies":"Slime Boss","floor":16.0,"turns":7.0},{"damage":9.0,"enemies":"3 Byrds","floor":18.0,"turns":5.0},{"damage":10.0,"enemies":"2 Thieves","floor":19.0,"turns":3.0},{"damage":39.0,"enemies":"Slavers","floor":23.0,"turns":4.0},{"damage":15.0,"enemies":"3 Cultists","floor":24.0,"turns":5.0},{"damage":0.0,"enemies":"Chosen and Byrds","floor":27.0,"turns":4.0},{"damage":9.0,"enemies":"Replay:Snechameleon","floor":29.0,"turns":3.0},{"damage":0.0,"enemies":"Gremlin Leader","floor":31.0,"turns":5.0},{"damage":53.0,"enemies":"Pondfish","floor":33.0,"turns":8.0},{"damage":10.0,"enemies":"3 Darklings","floor":35.0,"turns":6.0},{"damage":46.0,"enemies":"3 Shapes","floor":36.0,"turns":5.0},{"damage":25.0,"enemies":"Jaw Worm Horde","floor":37.0,"turns":4.0},{"damage":0,"enemies":"Transient","floor":39,"turns":5},{"damage":6,"enemies":"Reptomancer","floor":40,"turns":5},{"damage":0,"enemies":"Sphere and 2 Shapes","floor":41,"turns":4},{"damage":27,"enemies":"Spire Growth","floor":44,"turns":5},{"damage":0,"enemies":"R_Hoarder","floor":46,"turns":6},{"damage":1,"enemies":"3 Darklings","floor":48,"turns":5},{"damage":11,"enemies":"Time Eater","floor":50,"turns":8},{"damage":39,"enemies":"Shield and Spear","floor":54,"turns":7},{"damage":80,"enemies":"The Heart","floor":55,"turns":9}],"seed_played":"-6869329967212504853","potions_obtained":[{"floor":3.0,"key":"SpeedPotion"},{"floor":10.0,"key":"Elixir"},{"floor":11.0,"key":"Regen Potion"},{"floor":13.0,"key":"LiquidBronze"},{"floor":18.0,"key":"Strength Potion"},{"floor":19.0,"key":"Block Potion"},{"floor":27.0,"key":"infinitespire:BlackPotion"},{"floor":31.0,"key":"Regen Potion"},{"floor":39,"key":"FearPotion"},{"floor":46,"key":"Ancient Potion"},{"floor":48,"key":"SpeedPotion"},{"floor":54,"key":"SpeedPotion"}],"is_trial":false,"path_per_floor":["M","?","M","T","M","E","R","?","T","E","M","E","M","M","R","B",null,"M","M","$","?","T","E","M","R","T","M","$","E","?","E","R","B",null,"M","M","M","$","M","E","M","R","T","M","?","E","?","M","R","B",null,"R","$","E","B",null],"character_chosen":"IRONCLAD","items_purchased":["Replay:Wax Seal","Creative AI","hubris:TenFootPole","Sling","Gremlin Horn","ReplayTheSpireMod:Ninjato","Kunai"],"campfire_rested":0,"item_purchase_floors":[20,20,20,28,38,53,53],"current_hp_per_floor":[80,80,80,80,80,58,58,50,50,26,34,20,26,34,34,34,90,87,83,83,83,83,55,60,60,60,77,77,74,74,80,80,50,95,95,55,41,41,47,61,67,67,67,57,57,63,63,68,68,71,95,95,95,76,24],"gold":38,"neow_bonus":"RANDOM_COMMON_RELIC","is_daily":false,"chose_seed":false,"campfire_upgraded":5,"win_rate":0.0,"timestamp":1608670276,"path_taken":["M","?","M","?","M","E","R","?","T","E","M","E","M","M","R","BOSS","M","M","$","?","?","E","M","R","T","?","?","E","?","E","R","BOSS","M","M","M","$","M","E","M","R","T","M","?","E","?","M","R","BOSS","R","$","E","BOSS"],"items_purchased_type":["Relic","Card","Relic","Relic","Relic","Relic","Relic"],"build_version":"2020-11-17","purchased_purges":2,"victory":true,"max_hp_per_floor":[80,80,80,80,80,80,80,80,80,80,80,90,90,90,90,90,90,90,90,90,90,90,95,95,95,95,95,95,95,95,95,95,95,95,95,95,95,95,95,95,95,95,95,95,95,95,95,95,95,95,95,95,95,95,95],"card_choices":[{"not_picked":["True Grit","Replay:Undeath\u0027s Touch","Heavy Blade"],"picked":"Headbutt","floor":1.0},{"not_picked":["Clash","ReplayTheSpireMod:Strike From Hell","Heavy Blade","Wild Strike"],"picked":"SKIP","floor":3.0},{"not_picked":["Clash","ReplayTheSpireMod:Strike From Hell","Heavy Blade","Wild Strike"],"picked":"SKIP","floor":3.0},{"not_picked":["Heavy Blade+1","Sword Boomerang+1","Wild Strike+1"],"picked":"Run Through+1","floor":5.0},{"not_picked":["Flame Barrier","Sentinel","Warcry"],"picked":"Pommel Strike+1","floor":6.0},{"not_picked":["Offering","Battle Trance","Searing Blow+1","Sever Soul+1"],"picked":"Hemogenesis+1","floor":10.0},{"not_picked":["Infernal Blade","Thunderclap+1","Disarm","Whirlwind+1","Cleave+1"],"picked":"SKIP","floor":11.0},{"not_picked":["Pommel Strike+1","Rampage+1","Defy Death","Demon Form","Body Slam+1"],"picked":"SKIP","floor":12.0},{"not_picked":["Cleave+1","Warcry","Feel No Pain","True Grit","Pummel+1"],"picked":"SKIP","floor":13.0},{"not_picked":["Cleave+1","Feel No Pain","True Grit","Pummel+1"],"picked":"Warcry","floor":13.0},{"not_picked":["Pommel Strike+1","ReplayReversal","Replay:Undeath\u0027s Touch+1","Burning Pact"],"picked":"Spot Weakness","floor":14.0},{"not_picked":["Barricade","Corruption","Impervious","Double Tap"],"picked":"Brutality","floor":16.0},{"not_picked":["Anger+1","Panic Button","Run Through+1","Warcry","Coolheaded"],"picked":"Pommel Strike+1","floor":18.0},{"not_picked":["Searing Blow+1","Barrage+1","True Grit","FIFO Queue","Perfected Strike+1","Clothesline+1"],"picked":"SKIP","floor":19.0},{"not_picked":["Abandon","ReplayTheSpireMod:System Scan","Reprogram","Buffer","Barrage+1","Body Slam+1"],"picked":"SKIP","floor":23.0},{"not_picked":["Thunderclap+1","True Grit","Stack","Ball Lightning+1","ReplayTheSpireMod:Reroute Power","ReplayTheSpireMod:Repulse"],"picked":"SKIP","floor":24.0},{"not_picked":["Coolheaded","Rip and Tear+1","Rebound+1","Body Slam+1","Blizzard+1"],"picked":"Ball Lightning+1","floor":27.0},{"not_picked":["Turbo+1","Intimidate","Rebound+1","Replay:Many Hands","Clash+1"],"picked":"Metallicize+1","floor":29.0},{"not_picked":["Run Through+1","Life Link","Sword Boomerang+1","ReplayTheSpireMod:Stacked","Ball Lightning+1"],"picked":"Inflame","floor":31.0},{"not_picked":["Core Surge+1","Feed+1","ReplayTheSpireMod:Fabricate Wheel","Hyperbeam+1","Juggernaut"],"picked":"Echo Form","floor":33.0},{"not_picked":["hubris:Despair","hubris:Lust","Amnesia","hubris:Compulsion","CurseOfTheBell"],"picked":"Injury","floor":34.0},{"not_picked":["hubris:Greed","Amnesia","Decay","ReplayTheSpireMod:Restless Dread","Shame"],"picked":"Clumsy","floor":34.0},{"not_picked":["Slimebound:Icky","CurseOfTheBell","hubris:Disease","Replay:Hysterical Blindness","sneckomod:Bewildered"],"picked":"hubris:Greed","floor":34.0},{"not_picked":["Thunderclap+1","Body Slam+1","Headbutt+1","Steam Power","Leap+1","Flame Barrier"],"picked":"SKIP","floor":35.0},{"not_picked":["ReplayTheSpireMod:Calculation Training","Streamline+1","Blizzard+1","Genetic Algorithm","Cleave+1"],"picked":"Capacitor+1","floor":36.0},{"not_picked":["Beam Cell+1","Loop","hubris:PowerSurge+1","Reinforced Body","ReplayTheSpireMod:Omega Cannon+1","Coolheaded"],"picked":"SKIP","floor":37.0},{"not_picked":["Beam Cell+1","Loop","hubris:PowerSurge+1","Reinforced Body","ReplayTheSpireMod:Omega Cannon+1","Coolheaded"],"picked":"SKIP","floor":37.0},{"not_picked":["Armaments+1","Compile Driver+1","ReplaySort+1","ReplayTheSpireMod:Strike From Hell+1","Body Slam+1","Chaos+1"],"picked":"SKIP","floor":39},{"not_picked":["ReplayTheSpireMod:Muscle Training+1","Heatsinks","Warcry","Infernal Blade","Armaments","Sentinel"],"picked":"SKIP","floor":40},{"not_picked":["Hemogenesis+1","Intimidate+1","Hemokinesis+1","Rip and Tear+1","Loop","Massacre+1"],"picked":"SKIP","floor":41},{"not_picked":["Clothesline+1","Warcry","Go for the Eyes+1","Feel No Pain+1","Perfected Strike+1","Sword Boomerang+1"],"picked":"SKIP","floor":44},{"not_picked":["Clothesline+1","Warcry","Go for the Eyes+1","Feel No Pain+1","Perfected Strike+1","Sword Boomerang+1"],"picked":"SKIP","floor":44},{"not_picked":["Darkness","Cold Snap+1","Evolve+1","Skim","hubris:StunningStrike+1","Anger+1"],"picked":"SKIP","floor":46},{"not_picked":["hubris:ReadiedAction+1","Clash+1","Run Through+1","Cleave+1","Go for the Eyes+1","Thunderclap+1"],"picked":"SKIP","floor":48},{"not_picked":["Power Through","Crystallizer","hubris:ReadiedAction","Wild Strike+1","Massacre+1","Feed+1"],"picked":"SKIP","floor":54}],"player_experience":101396,"relics_obtained":[{"floor":4.0,"key":"Molten Egg 2"},{"floor":6.0,"key":"Nunchaku"},{"floor":9.0,"key":"aspiration:SeaSaltIceCream"},{"floor":10.0,"key":"infinitespire:FocusingShard"},{"floor":12.0,"key":"Pear"},{"floor":23.0,"key":"Durian"},{"floor":26.0,"key":"hubris:PeanutButter"},{"floor":29.0,"key":"War Paint"},{"floor":31.0,"key":"Vajra"},{"floor":40,"key":"infinitespire:ShieldingShard"},{"floor":43,"key":"Blue Doll"},{"floor":46,"key":"infinitespire:BottledMercury"},{"floor":54,"key":"hubris:FunFungus"}],"event_choices":[{"damage_healed":0.0,"max_hp_gain":0.0,"max_hp_loss":0.0,"gold_gain":75.0,"event_name":"FaceTrader","player_choice":"Touch","floor":8.0,"gold_loss":0.0,"damage_taken":8.0},{"damage_healed":0.0,"max_hp_gain":0.0,"max_hp_loss":0.0,"gold_gain":0.0,"event_name":"WeMeetAgain","player_choice":"Gave Potion","floor":21.0,"gold_loss":0.0,"damage_taken":0.0,"relics_obtained":["ReplayTheSpireMod:TigerMarble"]},{"damage_healed":0.0,"max_hp_gain":0.0,"max_hp_loss":0.0,"gold_gain":0.0,"event_name":"Upgrade Shrine","player_choice":"Upgraded","floor":30.0,"gold_loss":0.0,"damage_taken":0.0,"cards_upgraded":["Bash"]},{"damage_healed":0,"gold_gain":3,"player_choice":"1","damage_taken":0,"max_hp_gain":0,"max_hp_loss":0,"event_name":"betterStone:BetterStone","floor":47,"gold_loss":0}],"is_beta":true,"boss_relics":[{"not_picked":["Abe\u0027s Treasure","Pandora\u0027s Box"],"picked":"aspiration:DefectSkillbook"},{"not_picked":["Ring of Chaos","Black Blood"],"picked":"Replay:Ancient Bell"},{"not_picked":["Replay:Mystery Machine","Ancient Tea Set"],"picked":"Simple Rune"},{"not_picked":["aspiration:FetidBarrel","Frozen Egg 2"],"picked":"The Courier"},{"not_picked":["Calipers","hubris:BundleOfHerbs"],"picked":"Peace Pipe"}],"items_purged_floors":[28,38],"is_endless":false,"potions_floor_spawned":[3,10,11,13,18,19,27,31,39,46,48,54],"ascension_level":1}}