{"host":"6hzrz31j95f2y1pa","time":1608673446,"event":{"mods":["BaseMod","Colored Map","Downfall","Minty Spire (QoL Compilation)","StSLib"],"gold_per_floor":[199,215,34,134,147,182,209,209,242,75,94,79,4,22,38,137,137,62,80,95,105,90,90,90,103,117,146,146,146,146,129,142,237,237,237,237,248,123,142,67,67,83,103,120,148,167,167,193,205,205,205,238,8,8,8],"floor_reached":56,"playtime":13852,"items_purged":["champ:Strike","champ:Strike","champ:Strike"],"score":1429,"play_id":"ab15e02e-5beb-4829-95b8-19dcee0bd3f8","local_time":"20201222164406","is_ascension_mode":true,"campfire_choices":[{"data":"champ:Taunt","floor":1.0,"key":"SMITH"},{"floor":13.0,"key":"REST"},{"data":"champ:EnchantCrown","floor":18,"key":"SMITH"},{"data":"champ:GladiatorStyle","floor":23,"key":"SMITH"},{"floor":30,"key":"REST"},{"floor":35,"key":"RECALL"},{"data":"champ:SteelEdge","floor":40,"key":"SMITH"},{"data":"champ:CalledShot","floor":47,"key":"SMITH"},{"data":"champ:Aggression","floor":54,"key":"SMITH"}],"circlet_count":0,"master_deck":["champ:Defend","champ:Defend","champ:Defend","champ:Execute","champ:Taunt+1","champ:CalledShot+1","champ:RecklessLeap","champ:RisingSlash","champ:FlashCut","champ:TornadoPunch","champ:RisingSlash","champ:Aggression+1","champ:GladiatorsShout","champ:GladiatorStyle+1","champ:SteelEdge+1","champ:Haymaker","champ:BringItOn","champ:EnchantCrown+1","champ:RageSigil","champ:RisingSlash+1","champ:RageSigil","expansioncontent:GuardianWhirl","champ:LastStand","champ:PerfectedStrike+1","champ:BladeFlurry+1","champ:EnchantCrown","Panache+1","champ:SwordSigil"],"relics":["champ:ChampionCrown","CloakClasp","Bag of Marbles","champ:LiftRelic","Centennial Puzzle","Lantern","downfall:HeartBlessingBlue","Empty Cage","downfall:HeartBlessingGreen","Pear","Art of War","TheAbacus","Sozu","Kunai","downfall:HeartBlessingRed","hexamod:BolsterEngine","Frozen Egg 2","White Beast Statue","Mummified Hand"],"acts_visited":["Exordium","TheCity","TheBeyond","TheEnding"],"potions_floor_usage":[52,55],"damage_taken":[{"damage":5.0,"enemies":"2 Louse","floor":2.0,"turns":3.0},{"damage":5.0,"enemies":"downfall:FleeingMerchant","floor":3.0,"turns":4.0},{"damage":32.0,"enemies":"downfall:FleeingMerchant","floor":4.0,"turns":7.0},{"damage":25.0,"enemies":"Jaw Worm","floor":5.0,"turns":3.0},{"damage":31.0,"enemies":"3 Sentries","floor":6.0,"turns":5.0},{"damage":40.0,"enemies":"Gremlin Nob","floor":9.0,"turns":3.0},{"damage":18.0,"enemies":"downfall:FleeingMerchant","floor":10.0,"turns":4.0},{"damage":0.0,"enemies":"Small Slimes","floor":11.0,"turns":1.0},{"damage":23.0,"enemies":"downfall:FleeingMerchant","floor":12.0,"turns":4.0},{"damage":0.0,"enemies":"3 Louse","floor":14.0,"turns":1.0},{"damage":6,"enemies":"Exordium Thugs","floor":15,"turns":3},{"damage":28,"enemies":"downfall:Watcher","floor":16,"turns":5},{"damage":15,"enemies":"Shell Parasite","floor":19,"turns":1},{"damage":15,"enemies":"Snecko","floor":20,"turns":2},{"damage":28,"enemies":"Centurion and Healer","floor":21,"turns":5},{"damage":14,"enemies":"downfall:FleeingMerchant","floor":22,"turns":4},{"damage":19,"enemies":"Shelled Parasite and Fungi","floor":25,"turns":3},{"damage":0,"enemies":"Cultist and Chosen","floor":26,"turns":4},{"damage":21,"enemies":"Slavers","floor":27,"turns":4},{"damage":15,"enemies":"downfall:FleeingMerchant","floor":31,"turns":2},{"damage":23,"enemies":"Sentry and Sphere","floor":32,"turns":3},{"damage":38,"enemies":"downfall:Defect","floor":33,"turns":5},{"damage":15,"enemies":"Orb Walker","floor":37,"turns":2},{"damage":8,"enemies":"3 Shapes","floor":39,"turns":4},{"damage":0,"enemies":"3 Darklings","floor":42,"turns":3},{"damage":0,"enemies":"Spire Growth","floor":43,"turns":2},{"damage":21,"enemies":"Transient","floor":44,"turns":5},{"damage":19,"enemies":"Reptomancer","floor":45,"turns":3},{"damage":9,"enemies":"Sphere and 2 Shapes","floor":46,"turns":3},{"damage":5,"enemies":"Giant Head","floor":48,"turns":4},{"damage":4,"enemies":"3 Darklings","floor":49,"turns":2},{"damage":28,"enemies":"downfall:Ironclad","floor":50,"turns":4},{"damage":48,"enemies":"downfall:CharBossMerchant","floor":52,"turns":5},{"damage":76,"enemies":"downfall:NeowBoss","floor":55,"turns":17}],"seed_played":"-6480200759645832602","potions_obtained":[{"floor":4.0,"key":"champ:OpenerPotion"},{"floor":5.0,"key":"SpeedPotion"},{"floor":9.0,"key":"SteroidPotion"},{"floor":20,"key":"PowerPotion"},{"floor":25,"key":"Swift Potion"},{"floor":27,"key":"SteroidPotion"}],"is_trial":false,"path_per_floor":["R","M","$","?","M","E","T","?","E","$","M","$","R","M","M","B",null,"R","M","M","M","$","R","T","M","M","E","?","?","R","$","M","B",null,"R","?","M","$","M","R","T","M","M","M","E","M","R","E","M","B",null,"E","$","R","B",null],"character_chosen":"THE_CHAMP","items_purchased":["champ:RisingSlash","champ:FlashCut","Lantern","TheAbacus","champ:RageSigil","expansioncontent:GuardianWhirl","Panache+1","champ:SwordSigil"],"campfire_rested":2,"item_purchase_floors":[3,3,10,31,31,31,53,53],"current_hp_per_floor":[90,90,90,78,73,62,62,62,48,45,45,37,77,77,71,68,100,100,100,100,92,78,78,88,84,84,63,40,40,74,74,71,53,115,115,115,115,115,113,113,113,113,113,112,98,94,94,94,90,82,115,82,82,82,26],"gold":8,"neow_bonus":"HUNDRED_GOLD","is_daily":false,"chose_seed":false,"campfire_upgraded":6,"win_rate":0.0,"timestamp":1608673446,"path_taken":["R","M","$","?","M","E","T","?","E","$","M","?","R","M","M","BOSS","R","M","M","M","$","R","T","M","M","E","?","?","R","$","M","BOSS","R","?","M","$","M","R","T","M","M","M","E","M","R","E","M","BOSS","E","$","R","BOSS"],"items_purchased_type":["Card","Card","Relic","Relic","Card","Card","Card","Card"],"build_version":"2020-12-13","purchased_purges":3,"victory":true,"max_hp_per_floor":[90,90,90,90,90,90,90,90,90,90,90,90,100,100,100,100,100,100,100,100,100,100,100,110,110,110,110,115,115,115,115,115,115,115,115,115,115,115,115,115,115,115,115,115,115,115,115,115,115,115,115,115,115,115,115],"card_choices":[{"not_picked":["champ:ShieldSigil","champ:RageSigil"],"picked":"champ:CalledShot","floor":2.0},{"not_picked":["champ:AdrenalArmor","champ:RapidStrikes"],"picked":"champ:RecklessLeap","floor":3.0},{"not_picked":["champ:StanceDance","champ:FalseCounter"],"picked":"champ:TornadoPunch","floor":4.0},{"not_picked":["champ:Backstep","champ:Control"],"picked":"champ:RisingSlash","floor":5.0},{"not_picked":["champ:Riposte","champ:GladiatorsShout"],"picked":"champ:Aggression","floor":6.0},{"not_picked":["champ:Haymaker","champ:BerserkerStyle"],"picked":"champ:GladiatorsShout","floor":9.0},{"not_picked":["champ:Balance","champ:EndlessRage"],"picked":"champ:GladiatorStyle","floor":10.0},{"not_picked":["champ:StanceDance","champ:Duel"],"picked":"champ:SteelEdge","floor":11.0},{"not_picked":["champ:Circumvent","champ:Backstep","champ:IronFortress"],"picked":"SKIP","floor":12.0},{"not_picked":["champ:Circumvent","champ:AdrenalArmor"],"picked":"champ:Haymaker","floor":14.0},{"not_picked":["champ:CalledShot","champ:Encircle"],"picked":"champ:BringItOn","floor":15},{"not_picked":["champ:Improvising","champ:HoldFirm"],"picked":"champ:EnchantCrown","floor":16},{"not_picked":["champ:Encircle","champ:GladiatorStyle"],"picked":"champ:RageSigil","floor":19},{"not_picked":["champ:CrookedStrike","champ:PerfectedStrike","champ:FocusedDefense"],"picked":"SKIP","floor":20},{"not_picked":["champ:FocusedDefense+1","champ:Haymaker+1","champ:EndlessRage+1"],"picked":"SKIP","floor":21},{"not_picked":["champ:EnchantSword","champ:FlashCut","champ:EnGarde"],"picked":"SKIP","floor":22},{"not_picked":["champ:FlashCut","champ:RapidStrikes"],"picked":"champ:RisingSlash+1","floor":25},{"not_picked":["champ:HeartStrike+1","champ:AdrenalArmor","champ:BladeFlurry"],"picked":"SKIP","floor":26},{"not_picked":["champ:ShieldWall","champ:Encircle","champ:RisingSlash"],"picked":"SKIP","floor":27},{"not_picked":["champ:EndlessRage+1","champ:Haymaker","champ:Encircle+1"],"picked":"SKIP","floor":31},{"not_picked":["champ:FanOfKnives","champ:SteelEdge","champ:Shatter"],"picked":"SKIP","floor":32},{"not_picked":["champ:EnchantCrown","champ:Devastate"],"picked":"champ:LastStand","floor":33},{"not_picked":["champ:FanOfKnives","champ:GladiatorsShout","champ:BerserkersShout+1"],"picked":"SKIP","floor":37},{"not_picked":["champ:RapidStrikes","champ:BringItOn"],"picked":"champ:PerfectedStrike+1","floor":39},{"not_picked":["champ:DeathBlow+1","champ:Backstep"],"picked":"champ:BladeFlurry+1","floor":42},{"not_picked":["champ:ShieldSigil","champ:TornadoPunch","champ:AdrenalArmor"],"picked":"SKIP","floor":43},{"not_picked":["champ:ShieldThrow","champ:EnGarde+1","champ:DefensiveShout+1"],"picked":"SKIP","floor":44},{"not_picked":["champ:DeathBlow","champ:DefensiveStyle+1","champ:ShieldSigil"],"picked":"SKIP","floor":45},{"not_picked":["champ:Backstep","champ:AdrenalArmor+1"],"picked":"champ:EnchantCrown","floor":46},{"not_picked":["champ:Aggression+1","champ:BladeFlurry","champ:BerserkerStyle+1"],"picked":"SKIP","floor":48},{"not_picked":["champ:PerfectedStrike","champ:HeartStrike+1","champ:ShieldSigil"],"picked":"SKIP","floor":49},{"not_picked":["champ:BringItOn+1","champ:Riposte","champ:Circumvent"],"picked":"SKIP","floor":52}],"player_experience":1216652,"relics_obtained":[{"floor":4.0,"key":"CloakClasp"},{"floor":6.0,"key":"Bag of Marbles"},{"floor":9.0,"key":"Centennial Puzzle"},{"floor":24,"key":"Pear"},{"floor":27,"key":"Art of War"},{"floor":36,"key":"Kunai"},{"floor":41,"key":"hexamod:BolsterEngine"},{"floor":45,"key":"Frozen Egg 2"},{"floor":48,"key":"White Beast Statue"},{"floor":52,"key":"Mummified Hand"}],"event_choices":[{"damage_healed":0,"gold_gain":0,"player_choice":"Ignored","damage_taken":0,"max_hp_gain":0,"max_hp_loss":0,"event_name":"Ghosts","floor":29,"gold_loss":0}],"is_beta":false,"boss_relics":[{"not_picked":["SacredBark","Pandora\u0027s Box"],"picked":"Empty Cage"},{"not_picked":["Tiny House","Cursed Key"],"picked":"Sozu"}],"items_purged_floors":[3,31,38],"is_endless":false,"potions_floor_spawned":[4,5,9,14,15,16,20,25,27,32,45,46,48,49,52],"ascension_level":4}}