{"host":"87fdiiwflhrwsj8a","time":1608597562,"event":{"mods":["Aspiration","BaseMod","Better Match","Better Third Choice","BetterRewards","Colored Map","Conspire","GifTheSpireLib","Infinite Spire","Minty Spire (QoL Compilation)","Quick Restart","Relic Sorter","Replay The Spire","Robot Space Explorer","StSLib","Stuff the Spire","The Cursed","The Jungle"],"gold_per_floor":[111,111,111,131,147,147,178,188,214,39,66,66,66,66],"floor_reached":13,"playtime":370,"items_purged":[],"score":186,"play_id":"a466b3da-69a6-4c4c-acbb-78a85be00f41","local_time":"20201221193922","is_ascension_mode":true,"campfire_choices":[{"floor":6.0,"key":"DIG"}],"circlet_count":0,"master_deck":["AscendersBane","Strike_R","Strike_R","Strike_R","Strike_R","Strike_R","Defend_R","Defend_R","Defend_R","Defend_R","Bash","Shame","Double Tap","Juggernaut","Battle Trance"],"relics":["Burning Blood","ReplayTheSpireMod:CursedCoin","Shovel","Unceasing Top","StuffTheSpire:Tea","Iron Hammer","FossilizedHelix","infinitespire:PuzzleCube","Ginger","Mummified Hand","Replay:Rubber Ducky","Bag of Marbles"],"acts_visited":["Exordium"],"potions_floor_usage":[11],"damage_taken":[{"damage":1.0,"enemies":"Cultist","floor":1.0,"turns":3.0},{"damage":0.0,"enemies":"Jaw Worm","floor":4.0,"turns":3.0},{"damage":0.0,"enemies":"Small Slimes","floor":5.0,"turns":3.0},{"damage":10.0,"enemies":"Lagavulin","floor":7.0,"turns":4.0},{"damage":19,"enemies":"Gremlin Gang","floor":8,"turns":4},{"damage":20,"enemies":"3 Sentries","floor":11,"turns":9},{"damage":0,"enemies":"Nightmare","floor":13,"turns":3}],"seed_played":"7541505122579865295","potions_obtained":[{"floor":4.0,"key":"Strength Potion"},{"floor":5.0,"key":"AttackPotion"},{"floor":7,"key":"Strength Potion"}],"is_trial":false,"path_per_floor":["M","T","?","M","M","R","E","M","T","$","E","$","NM"],"character_chosen":"IRONCLAD","items_purchased":["ReplayTheSpireMod:CursedCoin","StuffTheSpire:Tea","Iron Hammer","Juggernaut"],"campfire_rested":0,"item_purchase_floors":[0,0,0,10],"current_hp_per_floor":[27,27,27,33,39,39,35,22,22,22,8,8,8,8],"gold":66,"neow_bonus":"","is_daily":false,"chose_seed":false,"campfire_upgraded":0,"win_rate":0.0,"timestamp":1608597562,"path_taken":["M","?","?","M","M","R","E","M","T","$","E","$","NM"],"items_purchased_type":["Relic","Relic","Relic","Card"],"build_version":"2020-12-13","purchased_purges":0,"victory":false,"max_hp_per_floor":[75,75,75,75,75,75,75,75,75,75,75,75,75,75],"card_choices":[{"not_picked":["ReplayTheSpireMod:Strike From Hell","Thunderclap"],"picked":"Iron Wave","floor":1.0},{"not_picked":["Body Slam","Bloodletting"],"picked":"Double Tap","floor":4.0},{"not_picked":["Dark Embrace","StuffTheSpire:Incineration","Warcry"],"picked":"SKIP","floor":5.0},{"not_picked":["Havoc","Replay:Undeath\u0027s Touch","StuffTheSpire:RockThrow"],"picked":"SKIP","floor":7},{"not_picked":["Dark Embrace","StuffTheSpire:Incineration","Anger"],"picked":"SKIP","floor":8},{"not_picked":["Armaments","Replay:Undeath\u0027s Touch"],"picked":"Battle Trance","floor":11}],"player_experience":2618656,"relics_obtained":[{"floor":2.0,"key":"FossilizedHelix"},{"floor":6.0,"key":"Ginger"},{"floor":7,"key":"Mummified Hand"},{"floor":9,"key":"Replay:Rubber Ducky"},{"floor":11,"key":"Bag of Marbles"}],"event_choices":[{"cards_removed":["Iron Wave"],"damage_healed":0.0,"max_hp_gain":0.0,"max_hp_loss":0.0,"gold_gain":0.0,"event_name":"WeMeetAgain","player_choice":"Gave Card","floor":3.0,"gold_loss":0.0,"damage_taken":0.0,"relics_obtained":["infinitespire:PuzzleCube"]}],"is_beta":false,"boss_relics":[],"items_purged_floors":[],"is_endless":false,"potions_floor_spawned":[4,5,7],"killed_by":"Nightmare","ascension_level":20}}