{"host":"9v3x998ddbx8o276","time":1608632041,"event":{"mods":["AchievementEnabler","BaseMod","Colored Map","Highlight Path","Minty Spire (QoL Compilation)","Quick Restart","Rare Cards Sparkle"],"gold_per_floor":[110,110,110,110,126,169,9,9,9,9,50,69,69,84,84,179,179,202,202,227,28,28,28,2,2,2,2,2,2,28,51,51,146,146,160,85,85,106,25,65,84,84,84,84,108,147,147,165,165,165,165],"floor_reached":50,"playtime":3746,"items_purged":["Setup"],"score":1058,"play_id":"42b1c7ce-d53a-4f1c-bc84-3181a5d60a5f","local_time":"20201222204401","is_ascension_mode":true,"campfire_choices":[{"data":"A Thousand Cuts","floor":8.0,"key":"SMITH"},{"data":"Dagger Spray","floor":10.0,"key":"SMITH"},{"data":"Caltrops","floor":13.0,"key":"SMITH"},{"data":"Deadly Poison","floor":15.0,"key":"SMITH"},{"data":"Noxious Fumes","floor":23,"key":"SMITH"},{"data":"Blur","floor":25,"key":"SMITH"},{"data":"Bouncing Flask","floor":29,"key":"SMITH"},{"data":"Malaise","floor":32,"key":"SMITH"},{"floor":42,"key":"REST"},{"floor":44,"key":"REST"},{"floor":47,"key":"REST"},{"floor":49,"key":"RECALL"}],"circlet_count":0,"master_deck":["AscendersBane","Survivor","Neutralize","Dagger Spray+1","Prepared","A Thousand Cuts+1","Blade Dance","Caltrops+1","Deadly Poison+1","After Image","Malaise","Deflect","Poisoned Stab","Dagger Spray","Heel Hook","Grand Finale","Blur+1","Glass Knife","Malaise+1","PiercingWail","Backflip","Noxious Fumes+1","Deflect","Bouncing Flask+1","Cloak And Dagger","Die Die Die","Deadly Poison","Terror","Sucker Punch","Finisher","Footwork","Phantasmal Killer","Deflect","PiercingWail+1"],"relics":["NeowsBlessing","FossilizedHelix","Golden Idol","Strawberry","MealTicket","Bottled Tornado","Centennial Puzzle","Pandora\u0027s Box","Nloth\u0027s Gift","Enchiridion","Dead Branch","Nunchaku","SlaversCollar","Oddly Smooth Stone","InkBottle"],"acts_visited":["Exordium","TheCity","TheBeyond"],"potions_floor_usage":[40,50],"damage_taken":[{"damage":0.0,"enemies":"2 Louse","floor":1.0,"turns":1.0},{"damage":0.0,"enemies":"Jaw Worm","floor":5.0,"turns":1.0},{"damage":0.0,"enemies":"Gremlin Nob","floor":6.0,"turns":1.0},{"damage":2.0,"enemies":"Lagavulin","floor":11.0,"turns":6.0},{"damage":0.0,"enemies":"Small Slimes","floor":12.0,"turns":2.0},{"damage":0.0,"enemies":"3 Louse","floor":14.0,"turns":2.0},{"damage":17.0,"enemies":"Slime Boss","floor":16.0,"turns":7.0},{"damage":1,"enemies":"Shell Parasite","floor":18,"turns":4},{"damage":5,"enemies":"Spheric Guardian","floor":20,"turns":6},{"damage":11,"enemies":"Snecko","floor":31,"turns":5},{"damage":16,"enemies":"Automaton","floor":33,"turns":9},{"damage":15,"enemies":"3 Shapes","floor":35,"turns":5},{"damage":15,"enemies":"3 Darklings","floor":38,"turns":3},{"damage":35,"enemies":"Reptomancer","floor":40,"turns":6},{"damage":16,"enemies":"Sphere and 2 Shapes","floor":41,"turns":5},{"damage":21,"enemies":"Spire Growth","floor":45,"turns":5},{"damage":21,"enemies":"Nemesis","floor":46,"turns":11},{"damage":24,"enemies":"Transient","floor":48,"turns":6},{"damage":60,"enemies":"Donu and Deca","floor":50,"turns":7}],"seed_played":"5702082419881893124","potions_obtained":[{"floor":12.0,"key":"Block Potion"},{"floor":14.0,"key":"SneckoOil"},{"floor":16.0,"key":"BlessingOfTheForge"},{"floor":20,"key":"SmokeBomb"},{"floor":38,"key":"DistilledChaos"},{"floor":46,"key":"LiquidBronze"}],"is_trial":false,"path_per_floor":["M","?","?","?","M","E","$","R","T","R","E","M","R","M","R","B",null,"M","?","M","$","?","R","$","R","T","$","?","R","T","M","R","B",null,"M","$","?","M","$","E","M","R","T","R","M","E","R","M","R","B"],"character_chosen":"THE_SILENT","items_purchased":["MealTicket","Noxious Fumes","FairyPotion","Deflect","Footwork"],"campfire_rested":3,"item_purchase_floors":[7,21,21,24,39],"current_hp_per_floor":[59,48,48,53,53,60,60,60,60,60,58,58,58,58,58,41,64,63,63,58,72,51,51,66,66,66,72,72,72,72,61,61,45,65,50,65,65,50,65,30,14,35,35,56,35,14,35,11,11,0,0],"gold":165,"neow_bonus":"THREE_ENEMY_KILL","is_daily":false,"chose_seed":false,"campfire_upgraded":8,"win_rate":0.0,"timestamp":1608632041,"path_taken":["M","?","?","?","M","E","$","R","T","R","E","M","R","M","R","BOSS","M","?","M","?","?","R","$","R","T","$","?","R","?","M","R","BOSS","M","$","?","M","$","E","M","R","T","R","M","E","R","M","R","BOSS"],"items_purchased_type":["Relic","Card","Potion","Card","Card"],"build_version":"2020-12-13","purchased_purges":1,"victory":false,"max_hp_per_floor":[66,66,60,65,65,72,72,72,72,72,72,72,72,72,72,72,72,72,72,72,72,72,72,72,72,72,72,72,72,72,72,72,72,72,72,72,72,72,72,72,72,72,72,72,72,72,72,72,72,72,72],"card_choices":[{"not_picked":["Deflect","Cloak And Dagger"],"picked":"Dagger Spray","floor":1.0},{"not_picked":["Cloak And Dagger","Infinite Blades"],"picked":"Prepared","floor":5.0},{"not_picked":["Prepared","Sucker Punch"],"picked":"A Thousand Cuts","floor":6.0},{"not_picked":["Flying Knee","Distraction"],"picked":"Blade Dance","floor":11.0},{"not_picked":["Sucker Punch","Dagger Throw"],"picked":"Caltrops","floor":12.0},{"not_picked":["Venomology","Underhanded Strike"],"picked":"Deadly Poison","floor":14.0},{"not_picked":["Venomology","Malaise"],"picked":"After Image","floor":16.0},{"not_picked":["Sucker Punch","Concentrate"],"picked":"PiercingWail","floor":18},{"not_picked":["Slice","Calculated Gamble"],"picked":"Backflip","floor":20},{"not_picked":["Riddle With Holes","Unload"],"picked":"Cloak And Dagger","floor":31},{"not_picked":["Storm of Steel","Envenom"],"picked":"Die Die Die","floor":33},{"not_picked":["Dagger Throw","PiercingWail"],"picked":"Deadly Poison","floor":35},{"not_picked":["Flying Knee","Setup+1"],"picked":"Finisher","floor":38},{"not_picked":["Unload","Infinite Blades+1"],"picked":"Phantasmal Killer","floor":40},{"not_picked":["Poisoned Stab+1","PiercingWail","Expertise"],"picked":"SKIP","floor":41},{"not_picked":["Expertise","Flying Knee"],"picked":"Deflect","floor":45},{"not_picked":["Tactician","Expertise"],"picked":"PiercingWail+1","floor":46},{"not_picked":["Dagger Spray","Underhanded Strike","Deflect"],"picked":"SKIP","floor":48}],"player_experience":2050054,"relics_obtained":[{"floor":6.0,"key":"Strawberry"},{"floor":9.0,"key":"Bottled Tornado"},{"floor":11.0,"key":"Centennial Puzzle"},{"floor":22,"key":"Enchiridion"},{"floor":26,"key":"Dead Branch"},{"floor":30,"key":"Nunchaku"},{"floor":40,"key":"Oddly Smooth Stone"},{"floor":46,"key":"InkBottle"}],"event_choices":[{"damage_healed":0.0,"max_hp_gain":0.0,"max_hp_loss":0.0,"gold_gain":0.0,"event_name":"Scrap Ooze","player_choice":"Success","floor":2.0,"gold_loss":0.0,"damage_taken":11.0,"relics_obtained":["FossilizedHelix"]},{"damage_healed":0.0,"max_hp_gain":0.0,"max_hp_loss":6.0,"gold_gain":0.0,"event_name":"Golden Idol","player_choice":"Lose Max HP","floor":3.0,"gold_loss":0.0,"damage_taken":0.0,"relics_obtained":["Golden Idol"]},{"damage_healed":0.0,"max_hp_gain":5.0,"max_hp_loss":0.0,"gold_gain":0.0,"event_name":"Big Fish","player_choice":"Donut","floor":4.0,"gold_loss":0.0,"damage_taken":0.0},{"damage_healed":0,"gold_gain":0,"player_choice":"Traded Relic","damage_taken":0,"relics_obtained":["Nloth\u0027s Gift"],"max_hp_gain":0,"max_hp_loss":0,"event_name":"N\u0027loth","floor":19,"relics_lost":["Ring of the Snake"],"gold_loss":0},{"damage_healed":0,"gold_gain":0,"player_choice":"Obtained Book","damage_taken":21,"max_hp_gain":0,"max_hp_loss":0,"event_name":"Cursed Tome","floor":22,"gold_loss":0},{"damage_healed":0,"gold_gain":0,"player_choice":"Read","damage_taken":0,"max_hp_gain":0,"max_hp_loss":0,"event_name":"The Library","floor":28,"gold_loss":0,"cards_obtained":["Bouncing Flask"]},{"damage_healed":0,"gold_gain":0,"player_choice":"2 cards matched","damage_taken":0,"max_hp_gain":0,"max_hp_loss":0,"event_name":"Match and Keep!","floor":37,"gold_loss":0,"cards_obtained":["Terror","Sucker Punch"]}],"is_beta":false,"boss_relics":[{"not_picked":["Philosopher\u0027s Stone","SacredBark"],"picked":"Pandora\u0027s Box"},{"not_picked":["HoveringKite","Coffee Dripper"],"picked":"SlaversCollar"}],"items_purged_floors":[36],"is_endless":false,"potions_floor_spawned":[12,14,16,20,35,38,46],"killed_by":"Donu and Deca","ascension_level":20}}