{"host":"mq7pyadb5kndcn8l","time":1608664582,"event":{"mods":["AchievementEnabler","Aspiration","BaseMod","Better Altar","Better Match","Better Note","Better Sensory Stone","Better Skull","Better Third Choice","BetterRewards","Block Reminder","CCEM","Challenge The Spire","ChefMod","Colored Map","Colored Powertips","Conspire","Defuse TimeMaze Blight","Dio Mod","Displayed Cursed Tome","Dota2Spire","Duelist Mod","Energized Spire","Friendly Minions","GifTheSpireLib","Gremlin Skip","Highlight Path","Ironclad Rager","Jedi Mod","Mad Scientist","Marked Mod","Mimic Mod","Minty Spire (QoL Compilation)","Permanent Neow","QueenMod","Quick Restart","Random Character Button","Rare Cards Sparkle","Relic Filter","Relic Sorter","Replay The Spire","Reworked Bosses","Shade Mod","Shop Mod","Spicy Shops","Spikes Relics","StSLib","Stuff the Spire","SuperFastMode","The Blue Laboratory","The Death Knight","The Exalted","The Necromancer","The Poker Player","TheBandit","Thieving Mod","Thrall Mod","Trackpad","Transform Curses","Unceasing Turn Reminder","Wandering Minibosses","vexMod"],"gold_per_floor":[119,99,113,113,113,113,142,8,46,79,90,90,103,115,115,193,193,212,1,1,24,38,71,91,91,91,106,121,148,165,191,191,268,268,284,300,316,334,259,285,285,316,397,425,464,464,496,508,508,508,508,508,166,197,197],"floor_reached":56,"playtime":8334,"items_purged":["Shade:CarefulCut","Shade:Strike_Shade","Shade:SkeletonHug+1","Shade:Defend_Shade","Shade:Bite_Shade+1","conspire:GhostlyDefend"],"score":2938,"play_id":"67210c21-b19a-4fd2-bad5-328b13fddbed","local_time":"20201222141622","is_ascension_mode":true,"campfire_choices":[{"floor":6,"key":"REST"},{"data":"Mayhem","floor":15,"key":"SMITH"},{"data":"Shade:AnimateDead","floor":25,"key":"SMITH"},{"data":"Shade:AnimateDead","floor":32,"key":"SMITH"},{"floor":46,"key":"RECALL"},{"data":"Shade:OpenGraves","floor":49,"key":"SMITH"},{"data":"Shade:OpenGraves","floor":52,"key":"SMITH"}],"circlet_count":0,"master_deck":["AscendersBane","conspire:GhostlyDefend","conspire:GhostlyDefend","Shade:AnimateDead+1","Shade:AnimateDead+1","Mayhem+1","Shade:Carnophage","Shade:LichForm+1","Mayhem","Shade:StitchTogether+1","Shade:OpenGraves+1","Shade:Brains","Shade:Putrefaction","Shade:OpenGraves+1","Shade:AuraOfUnlife","Shade:GraveStillness","Shade:LoseControl","Deep Breath","Shade:Brains+1","Shade:Carnophage","ReplayUltimateDefense","Shade:Brains+1"],"relics":["Shade:YorickSkull","Dota2Spire:RefresherOrb","Dota2Spire:CrimsonGuard","trackpad:BottledShadow","conspire:TreasureMap","MerchantsRug","Sling","Bronze Scales","Astrolabe","jedi:gremlinknob","betterThird:SlimedRelic","CCEMRelics:JestersCrown","Tiny Chest","CosmicIsotope","Smiling Mask","vexMod:Dragonfruit","StuffTheSpire:MayFlowers","Lizard Tail","Art of War","CCEMRelics:OverlyComfyChair","aspiration:FetidBarrel","BrokenLever","Pear","StuffTheSpire:Expresso","trackpad:WritersBlock","StuffTheSpire:PointBlank"],"acts_visited":["Exordium","TheCity","TheBeyond","TheEnding"],"potions_floor_usage":[38,55],"damage_taken":[{"damage":0,"enemies":"conspire:RoseBush","floor":1,"turns":3},{"damage":8,"enemies":"2 Louse","floor":3,"turns":3},{"damage":13,"enemies":"Replay:BlueRogue","floor":7,"turns":4},{"damage":0,"enemies":"Small Slimes","floor":9,"turns":6},{"damage":0,"enemies":"Lagavulin","floor":10,"turns":3},{"damage":0,"enemies":"Small Slimes","floor":11,"turns":4},{"damage":2,"enemies":"2 Fungi Beasts","floor":13,"turns":4},{"damage":8,"enemies":"Exordium Wildlife","floor":14,"turns":6},{"damage":0,"enemies":"Fading Forest","floor":16,"turns":10},{"damage":0,"enemies":"Shell Parasite","floor":18,"turns":4},{"damage":0,"enemies":"conspire:FuzzyDice","floor":22,"turns":6},{"damage":10,"enemies":"Slavers","floor":23,"turns":4},{"damage":0,"enemies":"3 Cultists","floor":24,"turns":4},{"damage":5,"enemies":"Snecko","floor":27,"turns":4},{"damage":0,"enemies":"Sentry and Sphere","floor":28,"turns":4},{"damage":2,"enemies":"theDuelist:KaibaA2","floor":29,"turns":4},{"damage":7,"enemies":"Snake Plant","floor":30,"turns":3},{"damage":8,"enemies":"Book of Stabbing","floor":31,"turns":4},{"damage":1,"enemies":"StardustCrusaders","floor":33,"turns":5},{"damage":0,"enemies":"Orb Walker","floor":35,"turns":3},{"damage":20,"enemies":"3 Darklings","floor":36,"turns":5},{"damage":0,"enemies":"Spire Growth","floor":37,"turns":4},{"damage":30,"enemies":"4 Shapes","floor":38,"turns":4},{"damage":0,"enemies":"R_Hoarder","floor":40,"turns":6},{"damage":0,"enemies":"Giant Head","floor":42,"turns":5},{"damage":4,"enemies":"R_Hoarder","floor":44,"turns":5},{"damage":0,"enemies":"Writhing Mass","floor":45,"turns":5},{"damage":9,"enemies":"Reptomancer","floor":47,"turns":4},{"damage":9,"enemies":"Writhing Mass","floor":48,"turns":3},{"damage":0,"enemies":"bossMod:newShapes","floor":50,"turns":5},{"damage":8,"enemies":"Shield and Spear","floor":54,"turns":5},{"damage":0,"enemies":"Kars","floor":55,"turns":7}],"seed_played":"7566907418598129839","potions_obtained":[{"floor":7,"key":"SteroidPotion"},{"floor":10,"key":"blueLaboratory:BottleOfRum"},{"floor":13,"key":"Adrenaline Potion"},{"floor":14,"key":"blueLaboratory:LouseDecoction"},{"floor":23,"key":"blueLaboratory:FruitPunch"},{"floor":24,"key":"DeathKnight:RimePotion"},{"floor":40,"key":"PowerPotion"},{"floor":54,"key":"blueLaboratory:RememoryPotion"}],"is_trial":false,"path_per_floor":["M","?","M","?","?","R","E","$","MIM","E","M","?","M","M","R","B",null,"M","$","?","T","M","E","M","R","T","M","M","E","M","E","R","B",null,"M","M","M","M","?","E","?","E","T","E","MIM","R","E","M","R","B",null,"R","$","E","B",null],"character_chosen":"SHADE","items_purchased":["trackpad:BottledShadow","DollysMirror","conspire:TreasureMap","MerchantsRug","Mayhem","Shade:Carnophage","Sling","Bronze Scales","Astrolabe","jedi:gremlinknob","Mayhem","Shade:StitchTogether+1","Shade:OpenGraves","Shade:Brains","Shade:AuraOfUnlife","Shade:Carnophage","ReplayUltimateDefense","trackpad:WritersBlock"],"campfire_rested":1,"item_purchase_floors":[0,0,0,0,0,0,0,0,0,0,0,0,0,0,19,53,53,53],"current_hp_per_floor":[17,6,8,8,23,39,42,42,55,55,55,55,55,55,55,55,55,55,55,42,42,42,42,42,42,47,42,47,45,38,40,40,47,47,47,37,47,29,29,34,34,44,44,45,59,59,59,59,59,59,59,59,59,51,59],"gold":197,"neow_bonus":"","is_daily":false,"chose_seed":false,"campfire_upgraded":5,"win_rate":0.0,"timestamp":1608664582,"path_taken":["M","?","M","?","?","R","E","$","MIM","E","?","?","M","M","R","BOSS","M","$","?","?","M","E","M","R","T","M","M","E","?","E","R","BOSS","M","M","M","M","?","E","?","E","T","E","?","R","E","M","R","BOSS","R","$","E","BOSS"],"items_purchased_type":["Relic","Relic","Relic","Relic","Card","Card","Relic","Relic","Relic","Relic","Card","Card","Card","Card","Card","Card","Card","Relic"],"build_version":"2020-12-13","purchased_purges":6,"victory":true,"max_hp_per_floor":[55,55,55,55,55,55,55,55,55,55,55,55,55,55,55,55,55,55,55,42,42,42,42,42,42,47,47,47,47,47,47,47,47,47,47,47,47,49,49,49,49,49,49,49,59,59,59,59,59,59,59,59,59,59,59],"card_choices":[{"not_picked":["Shade:FuneraryArmor","Shade:PotionOfRestlessness","Shade:CallWraith"],"picked":"SKIP","floor":1},{"not_picked":["Shade:Bonestorm","Shade:GreyBargain","Shade:BoneShards"],"picked":"SKIP","floor":3},{"not_picked":["Shade:CoffinDance","Shade:Carnophage","Shade:UnbarTheGrave"],"picked":"SKIP","floor":7},{"not_picked":["Shade:CallOfTheGrave","Shade:GreyBargain","Shade:FuneraryArmor"],"picked":"SKIP","floor":10},{"not_picked":["Shade:SkeletonHug","Shade:AncientSpear","Shade:FleshOffering"],"picked":"SKIP","floor":11},{"not_picked":["Shade:Excise","Shade:FreshBones","Shade:RavenousHorde"],"picked":"SKIP","floor":13},{"not_picked":["Shade:SkeletonHug","Shade:Premonition","Shade:Brains"],"picked":"SKIP","floor":14},{"not_picked":["Shade:GreaterAnimation","Shade:SelfBurial"],"picked":"Shade:Putrefaction","floor":16},{"not_picked":["Shade:CommandSoldier","Shade:Frenzy"],"picked":"Shade:OpenGraves","floor":18},{"not_picked":["Shade:CoffinDance+1","Shade:ClawBack","Shade:FreshBones"],"picked":"SKIP","floor":22},{"not_picked":["Shade:Doomsay","Shade:Premonition","Shade:ExtraLimbs"],"picked":"SKIP","floor":23},{"not_picked":["Shade:FingerOfDeath","Shade:FleshLikeOak+1","Shade:Doomsay"],"picked":"SKIP","floor":24},{"not_picked":["Shade:Premonition","Shade:Trample","Shade:Haruspicy"],"picked":"SKIP","floor":27},{"not_picked":["Shade:Bonestorm","Shade:LyeBath","Shade:FuneraryArmor+1"],"picked":"SKIP","floor":28},{"not_picked":["Shade:LichForm","Shade:ExtraLimbs","Shade:FingerOfDeath+1"],"picked":"SKIP","floor":29},{"not_picked":["Shade:FingerOfDeath","Shade:WallOfFlesh"],"picked":"Shade:GraveStillness","floor":30},{"not_picked":["Shade:Premonition","Shade:AuraOfUnlife","Shade:GraveStillness"],"picked":"SKIP","floor":31},{"not_picked":["Shade:FingerOfDeath","Shade:FleshLikeOak","Shade:ExtraLimbs+1"],"picked":"SKIP","floor":35},{"not_picked":["Shade:Asphyxiate+1","Shade:ExtraLimbs","Shade:FreshBones"],"picked":"SKIP","floor":36},{"not_picked":["Shade:CoffinDance+1","Shade:PoundOfFlesh","Shade:ExtraLimbs"],"picked":"SKIP","floor":37},{"not_picked":["Shade:ScuttlingHand+1","Shade:SoulToxin+1"],"picked":"Shade:LoseControl","floor":38},{"not_picked":["Shade:RitualOffering","Shade:FuneraryArmor","Shade:AncientSpear+1"],"picked":"SKIP","floor":40},{"not_picked":["Dramatic Entrance","Forethought"],"picked":"Deep Breath","floor":41},{"not_picked":["Shade:FeralStrike","Shade:ExtraLimbs","Shade:SpectralStrikes"],"picked":"SKIP","floor":42},{"not_picked":["Shade:FingerOfDeath","Shade:WallOfFlesh","Shade:CloudOfShrapnel"],"picked":"SKIP","floor":44},{"not_picked":["Shade:SensePrey","Shade:Haruspicy","Shade:Putrefaction"],"picked":"SKIP","floor":47},{"not_picked":["Shade:Doomsay+1","Shade:BoneShards"],"picked":"Shade:Brains+1","floor":48},{"not_picked":["Shade:LastGasp","Shade:GreyBargain"],"picked":"Shade:Brains+1","floor":54}],"player_experience":882985,"relics_obtained":[{"floor":7,"key":"CCEMRelics:JestersCrown"},{"floor":9,"key":"Dota2Spire:CrimsonGuard"},{"floor":10,"key":"Tiny Chest"},{"floor":23,"key":"Smiling Mask"},{"floor":26,"key":"vexMod:Dragonfruit"},{"floor":29,"key":"StuffTheSpire:MayFlowers"},{"floor":31,"key":"Lizard Tail"},{"floor":40,"key":"Art of War"},{"floor":42,"key":"CCEMRelics:OverlyComfyChair"},{"floor":43,"key":"aspiration:FetidBarrel"},{"floor":44,"key":"BrokenLever"},{"floor":45,"key":"Pear"},{"floor":47,"key":"StuffTheSpire:Expresso"},{"floor":54,"key":"StuffTheSpire:PointBlank"}],"event_choices":[{"damage_healed":0,"gold_gain":0,"player_choice":"Slimed","damage_taken":11,"max_hp_gain":0,"max_hp_loss":0,"event_name":"betterThird:BetterGoop","floor":2,"gold_loss":20},{"damage_healed":0,"gold_gain":0,"player_choice":"Agree","damage_taken":0,"max_hp_gain":0,"max_hp_loss":0,"event_name":"conspire:LoneGhost","floor":12,"gold_loss":0},{"damage_healed":0,"gold_gain":0,"player_choice":"1","damage_taken":0,"max_hp_gain":0,"max_hp_loss":0,"event_name":"betterMatch:BetterMatch","floor":39,"gold_loss":0,"cards_obtained":["betterMatch:CommonCard","betterMatch:UncommonCard","betterMatch:UncommonCard"]},{"damage_healed":0,"gold_gain":3,"player_choice":"1","damage_taken":0,"max_hp_gain":0,"max_hp_loss":0,"event_name":"betterStone:BetterStone","floor":41,"gold_loss":0}],"is_beta":false,"boss_relics":[{"not_picked":["Runic Pyramid","jedi:battlestandard"],"picked":"CosmicIsotope"},{"not_picked":["SacredBark","CCEMRelics:TransientCore"],"picked":"aspiration:FutureDiary"}],"items_purged_floors":[0,0,0,8,19,53],"is_endless":false,"potions_floor_spawned":[7,10,13,14,16,23,24,28,29,30,33,36,38,40,47,48,54],"ascension_level":14}}