{"host":"daa8jqyg4gqfaysm","time":1608651671,"event":{"mods":["BaseMod","Colored Powertips","Minty Spire (QoL Compilation)","StSLib"],"gold_per_floor":[112,124,124,19,35,35,47,47,47,47,74,74,94,94,94,167,167,167,167,167,92,92,92,92,92,92,92,92,92,7,7,7,7,7,7,7,7,7,7,7,7,7,7,7,7,7,7,7,7,7,7,7,7,7,7,7,7],"floor_reached":56,"playtime":2759,"items_purged":[],"score":2063,"play_id":"fd30e1ba-2dc7-4353-928b-4382909ba288","local_time":"20201222234111","is_ascension_mode":true,"campfire_choices":[{"data":"Bash","floor":6,"key":"SMITH"},{"data":"Pommel Strike","floor":8,"key":"SMITH"},{"data":"Clothesline","floor":10,"key":"SMITH"},{"data":"True Grit","floor":12,"key":"SMITH"},{"data":"Headbutt","floor":15,"key":"SMITH"},{"data":"Heavy Blade","floor":24,"key":"SMITH"},{"data":"Demon Form","floor":29,"key":"SMITH"},{"data":"Offering","floor":32,"key":"SMITH"},{"data":"Battle Trance","floor":41,"key":"SMITH"},{"floor":46,"key":"RECALL"},{"data":"Parasite","floor":49,"key":"PURGE"},{"data":"Whirlwind","floor":53,"key":"SMITH"}],"circlet_count":0,"master_deck":["AscendersBane","Strike_R","Defend_R","Defend_R","Defend_R","Bash+1","Shrug It Off","Clothesline+1","Pommel Strike+1","Headbutt+1","Iron Wave","Reaper","True Grit+1","Demon Form+1","Battle Trance","Reaper","Metallicize","Twin Strike+1","Inflame","Offering+1","Heavy Blade+1","Feel No Pain","Brutality","Pommel Strike+1","Headbutt","Battle Trance+1","Whirlwind+1","Power Through"],"relics":["Burning Blood","Prayer Wheel","Magic Flower","Odd Mushroom","Ectoplasm","Singing Bowl","Dead Branch","Mummified Hand","Old Coin","Ornamental Fan","Coffee Dripper","WingedGreaves","Bag of Marbles","Peace Pipe","Pen Nib","Charon\u0027s Ashes"],"acts_visited":["Exordium","TheCity","TheBeyond","TheEnding"],"potions_floor_usage":[16,23,40,56],"damage_taken":[{"damage":14,"enemies":"Jaw Worm","floor":1,"turns":5},{"damage":15,"enemies":"Small Slimes","floor":2,"turns":4},{"damage":1,"enemies":"Cultist","floor":5,"turns":3},{"damage":6,"enemies":"Large Slime","floor":7,"turns":8},{"damage":48,"enemies":"Lagavulin","floor":11,"turns":10},{"damage":9,"enemies":"The Mushroom Lair","floor":13,"turns":5},{"damage":31,"enemies":"The Guardian","floor":16,"turns":16},{"damage":25,"enemies":"3 Byrds","floor":18,"turns":6},{"damage":25,"enemies":"Spheric Guardian","floor":20,"turns":6},{"damage":24,"enemies":"Shelled Parasite and Fungi","floor":22,"turns":8},{"damage":58,"enemies":"Book of Stabbing","floor":23,"turns":7},{"damage":96,"enemies":"Slavers","floor":25,"turns":9},{"damage":35,"enemies":"Book of Stabbing","floor":28,"turns":7},{"damage":19,"enemies":"3 Cultists","floor":31,"turns":7},{"damage":76,"enemies":"Automaton","floor":33,"turns":11},{"damage":23,"enemies":"Orb Walker","floor":35,"turns":3},{"damage":6,"enemies":"3 Shapes","floor":38,"turns":4},{"damage":78,"enemies":"Reptomancer","floor":40,"turns":7},{"damage":69,"enemies":"Nemesis","floor":42,"turns":7},{"damage":25,"enemies":"3 Darklings","floor":44,"turns":4},{"damage":21,"enemies":"Giant Head","floor":45,"turns":5},{"damage":52,"enemies":"Reptomancer","floor":47,"turns":4},{"damage":13,"enemies":"Writhing Mass","floor":48,"turns":5},{"damage":48,"enemies":"Donu and Deca","floor":50,"turns":8},{"damage":81,"enemies":"Awakened One","floor":51,"turns":11},{"damage":132,"enemies":"Shield and Spear","floor":55,"turns":6},{"damage":31,"enemies":"The Heart","floor":56,"turns":2}],"seed_played":"8594229644867366375","potions_obtained":[{"floor":2,"key":"FairyPotion"},{"floor":11,"key":"DistilledChaos"},{"floor":18,"key":"Weak Potion"},{"floor":28,"key":"Block Potion"},{"floor":44,"key":"FearPotion"}],"is_trial":false,"path_per_floor":["M","M","?","$","M","R","M","R","T","R","E","R","?","?","R","B",null,"M","?","M","?","M","E","R","E","T","?","E","R","?","M","R","B",null,"M","?","$","M","?","E","R","E","T","M","E","R","E","M","R","B","B",null,"R","$","E","B"],"character_chosen":"IRONCLAD","items_purchased":["Pommel Strike","Headbutt"],"campfire_rested":0,"item_purchase_floors":[4,4],"current_hp_per_floor":[60,51,56,56,61,61,61,61,61,61,19,19,37,30,30,17,64,78,78,80,80,80,80,80,41,41,41,68,68,68,82,82,56,76,82,82,82,84,84,86,86,60,60,92,92,92,92,92,92,83,93,93,93,93,15,0,0],"gold":7,"neow_bonus":"REMOVE_CARD","is_daily":false,"chose_seed":false,"campfire_upgraded":10,"win_rate":0.0,"timestamp":1608651671,"path_taken":["M","M","?","$","M","R","M","R","T","R","E","R","?","?","R","BOSS","M","?","?","?","M","E","R","E","T","?","E","R","?","M","R","BOSS","M","?","?","M","?","E","R","E","T","M","E","R","E","M","R","BOSS","BOSS","R","$","E","BOSS"],"items_purchased_type":["Card","Card"],"build_version":"2020-12-13","purchased_purges":0,"victory":false,"max_hp_per_floor":[75,75,80,80,80,80,80,80,80,80,80,80,80,80,80,80,80,80,80,80,80,80,80,80,80,80,80,82,82,82,82,82,82,82,82,82,82,84,84,86,86,88,88,92,92,92,92,96,93,93,93,93,93,93,95,95,95],"card_choices":[{"not_picked":["Sword Boomerang","Perfected Strike"],"picked":"Shrug It Off","floor":1},{"not_picked":["Wild Strike","Infernal Blade"],"picked":"Clothesline","floor":2},{"not_picked":["Headbutt","Perfected Strike"],"picked":"Iron Wave","floor":5},{"not_picked":["Rage","Cleave"],"picked":"Reaper","floor":7},{"not_picked":["Fire Breathing","Body Slam"],"picked":"True Grit","floor":11},{"not_picked":["Reaper","Barricade"],"picked":"Demon Form","floor":16},{"not_picked":["Pommel Strike","Rage"],"picked":"Battle Trance","floor":18},{"not_picked":["Sever Soul","Hemokinesis","Uppercut"],"picked":"SKIP","floor":18},{"not_picked":["Shrug It Off","Carnage"],"picked":"Metallicize","floor":20},{"not_picked":["Perfected Strike","Dual Wield"],"picked":"Twin Strike+1","floor":20},{"not_picked":["Power Through","Wild Strike"],"picked":"Inflame","floor":22},{"not_picked":["Twin Strike","Cleave"],"picked":"Offering","floor":22},{"not_picked":["Whirlwind","Rampage"],"picked":"Heavy Blade","floor":23},{"not_picked":["Twin Strike","Cleave"],"picked":"Feel No Pain","floor":25},{"not_picked":["Iron Wave","Sword Boomerang","Thunderclap"],"picked":"Singing Bowl","floor":28},{"not_picked":["Flex","Clash","Perfected Strike+1"],"picked":"SKIP","floor":31},{"not_picked":["Rampage","True Grit","Warcry"],"picked":"SKIP","floor":31},{"not_picked":["Offering","Double Tap"],"picked":"Brutality","floor":33},{"not_picked":["Reckless Charge","Inflame"],"picked":"Pommel Strike+1","floor":35},{"not_picked":["Body Slam+1","Wild Strike"],"picked":"Headbutt","floor":35},{"not_picked":["True Grit+1","Searing Blow"],"picked":"Battle Trance","floor":38},{"not_picked":["Evolve","Combust","Wild Strike"],"picked":"Singing Bowl","floor":38},{"not_picked":["Shrug It Off","Warcry","Carnage"],"picked":"Singing Bowl","floor":40},{"not_picked":["Shockwave","Cleave","Sword Boomerang"],"picked":"Singing Bowl","floor":42},{"not_picked":["Pommel Strike","Clothesline+1","Thunderclap+1"],"picked":"Singing Bowl","floor":44},{"not_picked":["Flex","Havoc","Entrench"],"picked":"Singing Bowl","floor":44},{"not_picked":["Clash","Rupture"],"picked":"Whirlwind","floor":45},{"not_picked":["Pummel","Infernal Blade+1"],"picked":"Power Through","floor":47},{"not_picked":["Wild Strike","Headbutt","Double Tap"],"picked":"Singing Bowl","floor":48},{"not_picked":["Uppercut","Bloodletting","Dropkick"],"picked":"Singing Bowl","floor":48},{"not_picked":["Perfected Strike","Twin Strike","True Grit"],"picked":"Singing Bowl","floor":55}],"player_experience":717219,"relics_obtained":[{"floor":9,"key":"Prayer Wheel"},{"floor":11,"key":"Magic Flower"},{"floor":13,"key":"Odd Mushroom"},{"floor":23,"key":"Singing Bowl"},{"floor":25,"key":"Dead Branch"},{"floor":26,"key":"Mummified Hand"},{"floor":28,"key":"Old Coin"},{"floor":40,"key":"WingedGreaves"},{"floor":42,"key":"Bag of Marbles"},{"floor":45,"key":"Peace Pipe"},{"floor":47,"key":"Pen Nib"},{"floor":55,"key":"Charon\u0027s Ashes"}],"event_choices":[{"damage_healed":0,"gold_gain":0,"player_choice":"Donut","damage_taken":0,"max_hp_gain":5,"max_hp_loss":0,"event_name":"Big Fish","floor":3,"gold_loss":0},{"damage_healed":0,"gold_gain":0,"player_choice":"Fought Mushrooms","damage_taken":0,"max_hp_gain":0,"max_hp_loss":0,"event_name":"Mushrooms","floor":13,"gold_loss":0},{"cards_removed":["Strike_R"],"damage_healed":0,"gold_gain":0,"player_choice":"Card Removal","damage_taken":7,"max_hp_gain":0,"max_hp_loss":0,"event_name":"Golden Wing","floor":14,"gold_loss":0},{"damage_healed":0,"gold_gain":0,"player_choice":"Copied","damage_taken":0,"max_hp_gain":0,"max_hp_loss":0,"event_name":"Duplicator","floor":19,"gold_loss":0,"cards_obtained":["Reaper"]},{"cards_removed":["Strike_R"],"damage_healed":0,"gold_gain":0,"player_choice":"Gave Gold","damage_taken":0,"max_hp_gain":0,"max_hp_loss":0,"event_name":"Beggar","floor":21,"gold_loss":75},{"damage_healed":0,"gold_gain":0,"player_choice":"Ignored","damage_taken":0,"max_hp_gain":0,"max_hp_loss":0,"event_name":"Ghosts","floor":27,"gold_loss":0},{"damage_healed":0,"gold_gain":0,"player_choice":"Obtained Relic","damage_taken":0,"relics_obtained":["Ornamental Fan"],"max_hp_gain":0,"max_hp_loss":0,"event_name":"Addict","floor":30,"gold_loss":85},{"cards_removed":["Strike_R"],"damage_healed":0,"gold_gain":0,"player_choice":"Offered Basic","damage_taken":0,"max_hp_gain":0,"max_hp_loss":0,"event_name":"Bonfire Elementals","floor":36,"gold_loss":0},{"cards_removed":["Defend_R"],"damage_healed":0,"gold_gain":0,"player_choice":"Removed Skill","damage_taken":0,"max_hp_gain":0,"max_hp_loss":0,"event_name":"Falling","floor":39,"gold_loss":0}],"is_beta":false,"boss_relics":[{"not_picked":["Tiny House","SacredBark"],"picked":"Ectoplasm"},{"not_picked":["Sozu","Runic Dome"],"picked":"Coffee Dripper"}],"items_purged_floors":[],"is_endless":false,"potions_floor_spawned":[2,11,18,28,38,44,47],"killed_by":"The Heart","ascension_level":20}}