{"host":"1hv1kueuvc4r3rdp","time":1608662114,"event":{"mods":["AchievementEnabler","BaseMod","DeckTracker","Highlight Path","Minty Spire (QoL Compilation)","Permanent Neow","StSLib"],"gold_per_floor":[117,130,148,148,163,190,190,222,222,235,254,17,17,44,44,143,143,156,170,187,133,133,133,143,143,143,163,173,186,286,315,315,419,419,438,370,380,396,92,92,109,122,195,195,223,237,289,307,307,307],"floor_reached":51,"playtime":6018,"items_purged":[],"score":975,"play_id":"6c189c10-753e-47d9-970b-9d544288bf5d","local_time":"20201222123514","is_ascension_mode":true,"campfire_choices":[{"floor":7,"key":"REST"},{"data":"Biased Cognition","floor":15,"key":"SMITH"},{"data":"Zap","floor":23,"key":"SMITH"},{"floor":25,"key":"REST"},{"floor":32,"key":"REST"},{"data":"Loop","floor":40,"key":"SMITH"},{"data":"Ball Lightning","floor":44,"key":"SMITH"},{"data":"Dualcast","floor":49,"key":"SMITH"}],"circlet_count":0,"master_deck":["Zap+1","Dualcast+1","Sweeping Beam","Compile Driver","Cold Snap","Leap","Biased Cognition+1","Loop+1","Leap+1","Ball Lightning+1","Auto Shields+1","Seek+1","Aggregate+1","Machine Learning","Steam+1","Ball Lightning+1","Go for the Eyes+1","Glacier+1","Multi-Cast+1","Sweeping Beam+1","Melter+1","Machine Learning","Auto Shields+1","Compile Driver+1","Doom and Gloom+1","Core Surge+1","Go for the Eyes+1","Seek+1","White Noise+1"],"relics":["Cracked Core","NeowsBlessing","Dead Branch","HornCleat","Toxic Egg 2","Molten Egg 2","Nuclear Battery","Nilry\u0027s Codex","FossilizedHelix","Gambling Chip","Gremlin Horn","Ornamental Fan","Pandora\u0027s Box","Ancient Tea Set","Lantern","Meat on the Bone","Symbiotic Virus","Bird Faced Urn"],"acts_visited":["Exordium","TheCity","TheBeyond"],"potions_floor_usage":[33,42,50,50],"damage_taken":[{"damage":0,"enemies":"Small Slimes","floor":1,"turns":1},{"damage":0,"enemies":"Jaw Worm","floor":2,"turns":1},{"damage":0,"enemies":"2 Louse","floor":3,"turns":1},{"damage":0,"enemies":"2 Fungi Beasts","floor":5,"turns":3},{"damage":19,"enemies":"Lagavulin","floor":6,"turns":8},{"damage":23,"enemies":"Gremlin Nob","floor":8,"turns":4},{"damage":12,"enemies":"Large Slime","floor":10,"turns":4},{"damage":0,"enemies":"Looter","floor":11,"turns":3},{"damage":0,"enemies":"3 Sentries","floor":14,"turns":5},{"damage":18,"enemies":"Hexaghost","floor":16,"turns":12},{"damage":0,"enemies":"3 Byrds","floor":18,"turns":4},{"damage":0,"enemies":"Spheric Guardian","floor":19,"turns":2},{"damage":2,"enemies":"Shelled Parasite and Fungi","floor":20,"turns":5},{"damage":13,"enemies":"Snake Plant","floor":24,"turns":4},{"damage":9,"enemies":"Centurion and Healer","floor":27,"turns":5},{"damage":0,"enemies":"Snecko","floor":28,"turns":5},{"damage":0,"enemies":"Shelled Parasite and Fungi","floor":29,"turns":4},{"damage":0,"enemies":"Colosseum Slavers","floor":30,"turns":3},{"damage":5,"enemies":"Colosseum Nobs","floor":30,"turns":4},{"damage":0,"enemies":"Book of Stabbing","floor":31,"turns":6},{"damage":12,"enemies":"Champ","floor":33,"turns":12},{"damage":0,"enemies":"3 Darklings","floor":35,"turns":3},{"damage":0,"enemies":"Orb Walker","floor":37,"turns":1},{"damage":0,"enemies":"3 Darklings","floor":38,"turns":4},{"damage":0,"enemies":"Maw","floor":41,"turns":6},{"damage":0,"enemies":"Transient","floor":42,"turns":5},{"damage":0,"enemies":"Nemesis","floor":45,"turns":3},{"damage":0,"enemies":"Sphere and 2 Shapes","floor":46,"turns":4},{"damage":0,"enemies":"2 Orb Walkers","floor":47,"turns":3},{"damage":0,"enemies":"4 Shapes","floor":48,"turns":3},{"damage":12,"enemies":"Donu and Deca","floor":50,"turns":6}],"seed_played":"6338771493278581366","potions_obtained":[{"floor":2,"key":"DuplicationPotion"},{"floor":8,"key":"SkillPotion"},{"floor":10,"key":"FearPotion"},{"floor":31,"key":"FocusPotion"},{"floor":35,"key":"Energy Potion"},{"floor":42,"key":"PotionOfCapacity"},{"floor":45,"key":"LiquidMemories"}],"is_trial":false,"path_per_floor":["M","M","M","?","M","E","R","E","T","M","M","$","?","E","R","B",null,"M","M","M","$","?","R","M","R","T","M","M","M","?","E","R","B",null,"M","$","M","M","$","R","M","M","T","R","E","M","?","M","R","B",null],"character_chosen":"DEFECT","items_purchased":["Auto Shields+1","Seek+1","Go for the Eyes+1","Seek+1","Ancient Tea Set","Lantern"],"campfire_rested":3,"item_purchase_floors":[12,12,21,36,39,39],"current_hp_per_floor":[68,68,68,61,61,42,64,41,41,29,29,29,29,29,29,11,59,59,59,57,57,41,41,28,50,50,41,41,41,36,36,58,46,68,68,68,68,68,68,68,68,68,68,68,68,68,68,75,75,75],"gold":307,"neow_bonus":"THREE_ENEMY_KILL","is_daily":false,"chose_seed":false,"campfire_upgraded":5,"win_rate":0.0,"timestamp":1608662114,"path_taken":["M","M","M","?","M","E","R","E","T","M","M","$","?","E","R","BOSS","M","M","M","$","?","R","M","R","T","M","M","M","?","E","R","BOSS","M","$","M","M","$","R","M","M","T","R","E","M","?","M","R","BOSS"],"items_purchased_type":["Card","Card","Card","Card","Relic","Relic"],"build_version":"2020-12-13","purchased_purges":0,"victory":true,"max_hp_per_floor":[75,75,75,75,75,75,75,75,75,75,75,75,75,75,75,75,75,75,75,75,75,75,75,75,75,75,75,75,75,75,75,75,75,75,75,75,75,75,75,75,75,75,75,75,75,75,75,75,75,75],"card_choices":[{"not_picked":["Conserve Battery","Redo"],"picked":"Sweeping Beam","floor":1},{"not_picked":["Leap","Melter"],"picked":"Compile Driver","floor":2},{"not_picked":["Self Repair","Defragment"],"picked":"Cold Snap","floor":3},{"not_picked":["Redo","FTL"],"picked":"Leap","floor":5},{"not_picked":["Beam Cell","Redo"],"picked":"Biased Cognition","floor":6},{"not_picked":["Rebound","Beam Cell"],"picked":"Loop","floor":8},{"not_picked":["Gash","Sweeping Beam"],"picked":"Leap+1","floor":10},{"not_picked":["Gash","Self Repair"],"picked":"Ball Lightning","floor":11},{"not_picked":["Rebound+1","Compile Driver+1"],"picked":"Aggregate+1","floor":14},{"not_picked":["Biased Cognition","Reboot+1"],"picked":"Machine Learning","floor":16},{"not_picked":["Streamline+1","Redo+1","Hologram+1"],"picked":"SKIP","floor":18},{"not_picked":["Self Repair","Sunder+1"],"picked":"Steam+1","floor":19},{"not_picked":["Hologram+1","Recycle+1"],"picked":"Ball Lightning+1","floor":20},{"not_picked":["Steam+1","Cold Snap+1","Compile Driver+1"],"picked":"SKIP","floor":24},{"not_picked":["Doom and Gloom+1","Gash+1","Sweeping Beam+1"],"picked":"SKIP","floor":27},{"not_picked":["Compile Driver+1","Blizzard+1","Ball Lightning+1"],"picked":"SKIP","floor":28},{"not_picked":["Storm","Self Repair"],"picked":"Glacier+1","floor":29},{"not_picked":["Streamline+1","Sweeping Beam+1","Glacier+1"],"picked":"SKIP","floor":31},{"not_picked":["Rainbow+1","Meteor Strike+1"],"picked":"Multi-Cast+1","floor":33},{"not_picked":["Barrage+1","Reprogram+1"],"picked":"Go for the Eyes+1","floor":35},{"not_picked":["Recycle+1","Cold Snap+1"],"picked":"White Noise+1","floor":37},{"not_picked":["Streamline+1","Stack+1","Hello World"],"picked":"SKIP","floor":38},{"not_picked":["Steam+1","Streamline+1","Consume+1"],"picked":"SKIP","floor":41},{"not_picked":["Auto Shields+1","Scrape+1","Conserve Battery+1"],"picked":"SKIP","floor":42},{"not_picked":["Reprogram+1","Barrage+1","Streamline+1"],"picked":"SKIP","floor":45},{"not_picked":["Go for the Eyes+1","Hologram+1","Reprogram+1"],"picked":"SKIP","floor":46},{"not_picked":["Rebound+1","Hologram+1","Blizzard+1"],"picked":"SKIP","floor":48}],"player_experience":1088066,"relics_obtained":[{"floor":6,"key":"Dead Branch"},{"floor":8,"key":"HornCleat"},{"floor":9,"key":"Toxic Egg 2"},{"floor":14,"key":"Molten Egg 2"},{"floor":22,"key":"Nilry\u0027s Codex"},{"floor":26,"key":"FossilizedHelix"},{"floor":30,"key":"Gambling Chip"},{"floor":30,"key":"Gremlin Horn"},{"floor":31,"key":"Ornamental Fan"},{"floor":43,"key":"Meat on the Bone"},{"floor":45,"key":"Symbiotic Virus"},{"floor":47,"key":"Bird Faced Urn"}],"event_choices":[{"cards_removed":["Strike_B"],"damage_healed":0,"gold_gain":0,"player_choice":"Card Removal","damage_taken":7,"max_hp_gain":0,"max_hp_loss":0,"event_name":"Golden Wing","floor":4,"gold_loss":0},{"damage_healed":0,"gold_gain":0,"player_choice":"Ignored","damage_taken":0,"max_hp_gain":0,"max_hp_loss":0,"event_name":"Golden Idol","floor":13,"gold_loss":0},{"damage_healed":0,"gold_gain":0,"player_choice":"Obtained Book","damage_taken":16,"max_hp_gain":0,"max_hp_loss":0,"event_name":"Cursed Tome","floor":22,"gold_loss":0},{"damage_healed":0,"gold_gain":0,"player_choice":"Fight","damage_taken":0,"max_hp_gain":0,"max_hp_loss":0,"event_name":"Colosseum","floor":30,"gold_loss":0},{"damage_healed":0,"gold_gain":0,"player_choice":"Fought Nobs","damage_taken":0,"max_hp_gain":0,"max_hp_loss":0,"event_name":"Colosseum","floor":30,"gold_loss":0},{"damage_healed":0,"gold_gain":0,"player_choice":"Fight","damage_taken":0,"max_hp_gain":0,"max_hp_loss":0,"event_name":"Mysterious Sphere","floor":47,"gold_loss":0}],"is_beta":false,"boss_relics":[{"not_picked":["Philosopher\u0027s Stone","Velvet Choker"],"picked":"Nuclear Battery"},{"not_picked":["Tiny House","Runic Pyramid"],"picked":"Pandora\u0027s Box"}],"items_purged_floors":[],"is_endless":false,"potions_floor_spawned":[2,8,10,19,20,29,31,35,41,42,45],"ascension_level":6}}