{"host":"15ff3ltgpietarej","time":1608616034,"event":{"mods":["BaseMod","Downfall","Highlight Path","Minty Spire (QoL Compilation)","StSLib"],"gold_per_floor":[11,11,23,98,117,117,145,145,172,186,205,222,233,245,245,245,245],"floor_reached":16,"playtime":840,"items_purged":[],"score":127,"play_id":"17f9ae08-ad7b-4bfe-9c50-4787d7b01c15","local_time":"20201222064714","is_ascension_mode":true,"campfire_choices":[{"data":"Blade Dance","floor":6,"key":"SMITH"},{"floor":8,"key":"REST"},{"floor":15,"key":"REST"}],"circlet_count":0,"master_deck":["Strike_G","Strike_G","Strike_G","Strike_G","Strike_G","Defend_G","Defend_G","Defend_G","Defend_G","Defend_G","Survivor","Neutralize","Doppelganger+1","Prepared","Backflip","Blade Dance+1","Terror","Cloak And Dagger","Outmaneuver","PiercingWail"],"relics":["Ring of the Snake","Bag of Marbles","Happy Flower"],"acts_visited":["Exordium"],"potions_floor_usage":[7,14,16],"damage_taken":[{"damage":10,"enemies":"Jaw Worm","floor":1,"turns":8},{"damage":3,"enemies":"2 Louse","floor":3,"turns":4},{"damage":1,"enemies":"Small Slimes","floor":5,"turns":6},{"damage":35,"enemies":"Lagavulin","floor":7,"turns":12},{"damage":7,"enemies":"3 Louse","floor":10,"turns":4},{"damage":1,"enemies":"2 Fungi Beasts","floor":11,"turns":4},{"damage":0,"enemies":"Looter","floor":12,"turns":3},{"damage":14,"enemies":"Lots of Slimes","floor":13,"turns":7},{"damage":0,"enemies":"Exordium Wildlife","floor":14,"turns":3},{"damage":35,"enemies":"Slime Boss","floor":16,"turns":10}],"seed_played":"736923129723052462","potions_obtained":[{"floor":5,"key":"SpeedPotion"},{"floor":10,"key":"Dexterity Potion"},{"floor":11,"key":"SkillPotion"}],"is_trial":false,"path_per_floor":["M","?","M","?","M","R","E","R","T","M","M","M","M","M","R","B"],"character_chosen":"THE_SILENT","items_purchased":[],"campfire_rested":2,"item_purchase_floors":[],"current_hp_per_floor":[60,60,57,46,45,45,10,31,31,24,23,23,9,9,30,0,0],"gold":245,"neow_bonus":"THREE_RARE_CARDS","is_daily":false,"chose_seed":false,"campfire_upgraded":1,"win_rate":0.0,"timestamp":1608616034,"path_taken":["M","?","M","?","M","R","E","R","T","M","M","M","M","?","R","BOSS"],"items_purchased_type":[],"build_version":"2020-12-13","purchased_purges":0,"victory":false,"max_hp_per_floor":[70,70,70,70,70,70,70,70,70,70,70,70,70,70,70,70,70],"card_choices":[{"not_picked":["Unload","Grand Finale"],"picked":"Doppelganger","floor":0},{"not_picked":["Deadly Poison","Heel Hook"],"picked":"Prepared","floor":1},{"not_picked":["Predator","Underhanded Strike"],"picked":"Backflip","floor":3},{"not_picked":["Deadly Poison","Eviscerate"],"picked":"Blade Dance","floor":5},{"not_picked":["Dash","Venomology"],"picked":"Terror","floor":7},{"not_picked":["Bouncing Flask","Prepared","Endless Agony"],"picked":"SKIP","floor":10},{"not_picked":["Slice","Poisoned Stab"],"picked":"Cloak And Dagger","floor":11},{"not_picked":["Blade Dance","Escape Plan"],"picked":"Outmaneuver","floor":12},{"not_picked":["Slice","Finisher"],"picked":"PiercingWail","floor":13},{"not_picked":["Underhanded Strike","Prepared","Tactician"],"picked":"SKIP","floor":14}],"player_experience":402106,"relics_obtained":[{"floor":7,"key":"Bag of Marbles"},{"floor":9,"key":"Happy Flower"}],"event_choices":[{"damage_healed":0,"gold_gain":0,"player_choice":"Grow","damage_taken":0,"max_hp_gain":0,"max_hp_loss":0,"event_name":"Living Wall","floor":2,"gold_loss":0,"cards_upgraded":["Doppelganger"]},{"damage_healed":0,"gold_gain":75,"player_choice":"Gather Gold","damage_taken":11,"max_hp_gain":0,"max_hp_loss":0,"event_name":"World of Goop","floor":4,"gold_loss":0}],"is_beta":false,"boss_relics":[],"items_purged_floors":[],"is_endless":false,"potions_floor_spawned":[5,10,11],"killed_by":"Slime Boss","ascension_level":4}}