{"host":"f5n4tidiz2n5sooh","time":1608618281,"event":{"mods":["BaseMod","Bestiary","Colored Map","Minty Spire (QoL Compilation)","Relic Stats","StSLib"],"gold_per_floor":[112,129,189,203,217,242,242,242,242],"floor_reached":8,"playtime":239,"items_purged":[],"score":120,"play_id":"12ddffa5-e0ca-412b-a5a1-8092e9a2fc90","local_time":"20201222002441","is_ascension_mode":true,"campfire_choices":[{"data":"Inflame","floor":7,"key":"SMITH"}],"circlet_count":0,"master_deck":["AscendersBane","Strike_R","Strike_R","Strike_R","Strike_R","Strike_R","Defend_R","Defend_R","Defend_R","Defend_R","Bash","Pommel Strike","Sword Boomerang","Flame Barrier","Inflame+1"],"relics":["Burning Blood","The Courier"],"acts_visited":["Exordium"],"potions_floor_usage":[3],"damage_taken":[{"damage":7,"enemies":"Cultist","floor":1,"turns":4},{"damage":3,"enemies":"2 Louse","floor":2,"turns":3},{"damage":0,"enemies":"Small Slimes","floor":3,"turns":3},{"damage":8,"enemies":"Exordium Wildlife","floor":4,"turns":4},{"damage":11,"enemies":"Looter","floor":5,"turns":2},{"damage":57,"enemies":"Lagavulin","floor":6,"turns":7},{"damage":32,"enemies":"Gremlin Nob","floor":8,"turns":3}],"seed_played":"8232050712504816556","potions_obtained":[{"floor":1,"key":"ColorlessPotion"},{"floor":2,"key":"SpeedPotion"}],"is_trial":false,"path_per_floor":["M","M","M","M","M","E","R","E"],"character_chosen":"IRONCLAD","items_purchased":[],"campfire_rested":0,"item_purchase_floors":[],"current_hp_per_floor":[74,77,82,80,75,24,24,0,0],"gold":242,"neow_bonus":"TEN_PERCENT_HP_BONUS","is_daily":false,"chose_seed":false,"campfire_upgraded":1,"win_rate":0.0,"timestamp":1608618281,"path_taken":["M","M","M","M","?","E","R","E"],"items_purchased_type":[],"build_version":"2020-12-13","purchased_purges":0,"victory":false,"max_hp_per_floor":[82,82,82,82,82,82,82,82,82],"relic_stats":{"counters":[7,26],"obtain_stats":[{"The Courier":6,"Burning Blood":0},{"The Courier":6,"Burning Blood":0},{"The Courier":23,"Burning Blood":0}],"Burning Blood":35},"card_choices":[{"not_picked":["Iron Wave","Rupture"],"picked":"Pommel Strike","floor":1},{"not_picked":["Havoc","Body Slam"],"picked":"Sword Boomerang","floor":2},{"not_picked":["Flex","Dark Embrace"],"picked":"Flame Barrier","floor":3},{"not_picked":["Wild Strike","Headbutt","Berserk"],"picked":"SKIP","floor":4},{"not_picked":["Anger","Clash","Warcry"],"picked":"SKIP","floor":5},{"not_picked":["Heavy Blade","Intimidate"],"picked":"Inflame","floor":6}],"player_experience":1913748,"relics_obtained":[{"floor":6,"key":"The Courier"}],"event_choices":[],"is_beta":false,"boss_relics":[],"items_purged_floors":[],"is_endless":false,"potions_floor_spawned":[1,2],"killed_by":"Gremlin Nob","ascension_level":20}}