{"host":"knveqk27uuw914a8","time":1608651218,"event":{"mods":["2.2 Compatiblity","AchievementEnabler","Act Like it!","Ascension Reborn","Aspiration","BaseMod","Beaked The Cultist","Better Third Choice","BetterRewards","Colored Map","Conjunction","Conspire","Custom Start","Downfall","Elementarium","Energized Spire","Halation","Hallownest","Hermit","Hubris","Infinite Spire","Jedi Mod","Jorbs\u0027s Wanderer Trilogy","Key Reminder","Mimic Mod","Minty Spire (QoL Compilation)","Quick Restart","Replay The Spire","Shop Mod","StSLib","SuperFastMode","The Blue Laboratory","The Bug Knight","The Construct","The Disciple","The Hierophant","The Mystic","The Runesmith"],"gold_per_floor":[116,116,127,4794,4809,4809,4826,4842,4891,4891,4908,4935,4952,4610,4610,4710,4710,4726,4738,4305,4305,4305],"floor_reached":21,"playtime":1343,"items_purged":["Endless Agony","Draining Mist","Cloak And Dagger"],"score":283,"play_id":"5b5e53d4-3898-4a12-b5e1-1ec4c97eb2e7","local_time":"20201222163338","daily_mods":["Draft"],"is_ascension_mode":false,"campfire_choices":[{"data":"Catalyst","floor":6,"key":"SMITH"},{"data":"jedi:collectorvenom","floor":15,"key":"SMITH"}],"circlet_count":0,"master_deck":["Catalyst","Prepared","Poisoned Stab","Poisoned Stab","Slice","Backflip","Catalyst","Poisoned Stab","Catalyst+1","Prepared","Quick Slash","jedi:collectorvenom+1","Noxious Fumes","Backflip"],"relics":["Ring of the Snake","Runesmith:Nanobots","Blood Vial","Bottled Lightning","hubris:BottledRain","energizedSpire:CursedPentagram","conspire:TreasureMap","MerchantsRug"],"acts_visited":["Exordium","TheCity"],"potions_floor_usage":[],"damage_taken":[{"damage":0,"enemies":"conspire:RoseBush","floor":1,"turns":2},{"damage":0,"enemies":"Cultist","floor":3,"turns":2},{"damage":0,"enemies":"2 Louse","floor":5,"turns":1},{"damage":5,"enemies":"conspire:2 RoseBushes","floor":7,"turns":4},{"damage":16,"enemies":"2 Fungi Beasts","floor":8,"turns":3},{"damage":12,"enemies":"Blue Slaver","floor":11,"turns":2},{"damage":18,"enemies":"Gremlin Nob","floor":12,"turns":3},{"damage":0,"enemies":"Large Slime","floor":13,"turns":3},{"damage":20,"enemies":"Hexaghost","floor":16,"turns":4},{"damage":7,"enemies":"2 Thieves","floor":18,"turns":3},{"damage":0,"enemies":"Chosen","floor":19,"turns":1},{"damage":0,"enemies":"Shelled Parasite and Fungi","floor":21,"turns":1}],"seed_played":"-1293595278726504573","potions_obtained":[{"floor":8,"key":"champ:CounterPotion"},{"floor":13,"key":"Explosive Potion"}],"is_trial":true,"path_per_floor":["M","?","M","$","M","R","M","M","T","?","M","E","M","$","R","B",null,"M","M","$","M"],"character_chosen":"THE_SILENT","items_purchased":["Runesmith:Nanobots","hubris:BottledRain","conspire:TreasureMap","MerchantsRug"],"campfire_rested":0,"item_purchase_floors":[4,14,20,20],"current_hp_per_floor":[70,70,70,70,70,70,65,49,49,54,44,28,30,30,30,12,75,68,70,70,72,72],"gold":4305,"neow_bonus":"","is_daily":false,"chose_seed":false,"campfire_upgraded":2,"win_rate":0.0,"timestamp":1608651218,"path_taken":["M","?","?","$","M","R","?","M","T","?","M","E","M","$","R","BOSS","M","M","$","M"],"items_purchased_type":["Relic","Relic","Relic","Relic"],"build_version":"2020-12-13","purchased_purges":3,"victory":false,"max_hp_per_floor":[70,70,70,70,70,70,70,70,70,75,75,75,75,75,75,75,75,75,75,75,75,75],"card_choices":[{"not_picked":["Distraction","Dagger Spray"],"picked":"Catalyst","floor":0},{"not_picked":["Dagger Throw","PiercingWail"],"picked":"Prepared","floor":0},{"not_picked":["Prepared","Cloak And Dagger"],"picked":"Poisoned Stab","floor":0},{"not_picked":["Quick Slash","PiercingWail"],"picked":"Poisoned Stab","floor":0},{"not_picked":["Masterful Stab","Cloak And Dagger"],"picked":"Slice","floor":0},{"not_picked":["Tactician","Prepared"],"picked":"Backflip","floor":0},{"not_picked":["Outmaneuver","Backflip"],"picked":"Catalyst","floor":0},{"not_picked":["jedi:pocketpoison","ReplayTheSpireMod:Tripwire"],"picked":"Cloak And Dagger","floor":0},{"not_picked":["Dagger Throw","Dodge and Roll"],"picked":"Poisoned Stab","floor":0},{"not_picked":["Finisher","Endless Agony"],"picked":"Draining Mist","floor":0},{"not_picked":["Hidden Blade","Underhanded Strike"],"picked":"Catalyst","floor":0},{"not_picked":["Hidden Blade","Dagger Spray"],"picked":"Prepared","floor":0},{"not_picked":["jedi:pocketpoison","Slice"],"picked":"Quick Slash","floor":0},{"not_picked":["Predator","Infinite Blades"],"picked":"Endless Agony","floor":0},{"not_picked":["Poisoned Stab","Riddle With Holes"],"picked":"jedi:collectorvenom","floor":0},{"not_picked":["Blade Dance","Prepared"],"picked":"Noxious Fumes","floor":1},{"not_picked":["Dagger Spray","Deadly Poison"],"picked":"jedi:collectorvenom","floor":3},{"not_picked":["jedi:acidrain","conspire:PoisonWeapons"],"picked":"jedi:collectorvenom","floor":5},{"not_picked":["Dagger Throw","Acrobatics"],"picked":"Backflip","floor":7},{"not_picked":["hubris:TrickCloak","hubris:SlightOfHand","Outmaneuver"],"picked":"SKIP","floor":8},{"not_picked":["Deflect","ReplayTheSpireMod:Speed Training","Bane"],"picked":"SKIP","floor":11},{"not_picked":["Bane","Acrobatics"],"picked":"jedi:collectorvenom","floor":12},{"not_picked":["conspire:PoisonWeapons","PiercingWail"],"picked":"jedi:collectorvenom","floor":13},{"not_picked":["jedi:studyshivs","jedi:studypoison"],"picked":"jedi:collectorvenom+1","floor":16},{"not_picked":["Finisher","Bane"],"picked":"jedi:collectorvenom+1","floor":18},{"not_picked":["Slice","Predator"],"picked":"jedi:collectorvenom+1","floor":19}],"player_experience":504614,"relics_obtained":[{"floor":9,"key":"Blood Vial"},{"floor":12,"key":"Bottled Lightning"}],"event_choices":[{"damage_healed":0,"gold_gain":0,"player_choice":"Ignored","damage_taken":0,"max_hp_gain":0,"max_hp_loss":0,"event_name":"NoteForYourself","floor":2,"gold_loss":0},{"damage_healed":0,"gold_gain":0,"player_choice":"Donut","damage_taken":0,"max_hp_gain":5,"max_hp_loss":0,"event_name":"Big Fish","floor":10,"gold_loss":0}],"is_beta":false,"boss_relics":[{"not_picked":["Coffee Dripper","Runic Dome"],"picked":"energizedSpire:CursedPentagram"}],"items_purged_floors":[4,14,20],"is_endless":false,"potions_floor_spawned":[1,8,13],"killed_by":"Shelled Parasite and Fungi","ascension_level":0}}