{"host":"lmshf3swj20gmdor","time":1608681341,"event":{"mods":["Aspiration","BaseMod","Conspire","Downfall","Hubris","Mad Scientist","Minty Spire (QoL Compilation)","Replay The Spire","Spikes Relics","StSLib","Synergy Search","The Construct"],"gold_per_floor":[99,99,99,99,31,31,55,73,73,108,120,105,105,165,185,185,185,185],"floor_reached":16,"playtime":401,"items_purged":[],"score":149,"play_id":"28d2def5-360c-4b32-ad75-8ce04037d735","local_time":"20201222235541","is_ascension_mode":true,"campfire_choices":[{"data":"Slimebound:Split","floor":1,"key":"SMITH"},{"data":"Slimebound:RejuvenatingLick","floor":6,"key":"SMITH"},{"data":"Slimebound:CorrosiveSpit","floor":9,"key":"SMITH"},{"data":"Slimebound:SamplingLick","floor":13,"key":"SMITH"}],"circlet_count":0,"master_deck":["AscendersBane","Slimebound:Strike_Slimebound","Slimebound:Strike_Slimebound","Slimebound:Tackle","Slimebound:Defend_Slimebound","Slimebound:Defend_Slimebound","Slimebound:Defend_Slimebound","Slimebound:Defend_Slimebound","Slimebound:Split+1","Slimebound:CorrosiveSpit+1","Slimebound:AcidTongue","Slimebound:Schlurp","Slimebound:RollThrough","Slimebound:RejuvenatingLick+1","Slimebound:Equalize","Slimebound:SamplingLick+1","Slimebound:Recollect","Slimebound:ViciousTackle"],"relics":["Slimebound:AbsorbEndCombat","downfall:HeartsMalice","Slimebound:AggressiveSlimeRelic","ReplayFunnel"],"acts_visited":["Exordium"],"potions_floor_usage":[],"damage_taken":[{"damage":0,"enemies":"Cultist","floor":2,"turns":1},{"damage":0,"enemies":"2 Louse","floor":3,"turns":1},{"damage":0,"enemies":"downfall:FleeingMerchant","floor":5,"turns":1},{"damage":17,"enemies":"Jaw Worm","floor":8,"turns":4},{"damage":50,"enemies":"Gremlin Nob","floor":10,"turns":4},{"damage":30,"enemies":"Large Slime","floor":11,"turns":4},{"damage":17,"enemies":"downfall:FleeingMerchant","floor":12,"turns":4},{"damage":32,"enemies":"Exordium Thugs","floor":15,"turns":3},{"damage":57,"enemies":"downfall:Defect","floor":16,"turns":4}],"seed_played":"8593319899909857153","potions_obtained":[{"floor":10,"key":"Guardian:BlockOnCardUsePotion"},{"floor":11,"key":"Adrenaline Potion"}],"is_trial":false,"path_per_floor":["R","M","M","?","$","R","T","M","R","E","M","$","R","?","M","B"],"character_chosen":"SLIMEBOUND","items_purchased":["Slimebound:RejuvenatingLick"],"campfire_rested":0,"item_purchase_floors":[5],"current_hp_per_floor":[54,54,54,54,54,54,54,51,51,31,35,52,52,37,33,0,0,0],"gold":185,"neow_bonus":"THREE_ENEMY_KILL","is_daily":false,"chose_seed":false,"campfire_upgraded":4,"win_rate":0.0,"timestamp":1608681341,"path_taken":["R","M","?","?","?","R","T","?","R","E","M","$","R","?","M","BOSS"],"items_purchased_type":["Card"],"build_version":"2020-12-13","purchased_purges":0,"victory":false,"max_hp_per_floor":[60,60,60,60,60,60,60,60,60,60,60,60,60,60,60,60,60,60],"card_choices":[{"not_picked":["Slimebound:FinishingTackle","Slimebound:SamplingLick"],"picked":"Slimebound:AcidTongue","floor":2},{"not_picked":["Slimebound:SlimeSpikes","Slimebound:GoopSpray"],"picked":"Slimebound:Schlurp","floor":3},{"not_picked":["Slimebound:PressTheAttack","Slimebound:SplitAcid"],"picked":"Slimebound:RollThrough","floor":5},{"not_picked":["Slimebound:ComboTackle","Slimebound:SplitAcid","Slimebound:Repurpose"],"picked":"SKIP","floor":8},{"not_picked":["Slimebound:Repurpose","Slimebound:RejuvenatingLick"],"picked":"Slimebound:Equalize","floor":10},{"not_picked":["Slimebound:SplitLeeching","Slimebound:DisruptingSlam"],"picked":"Slimebound:SamplingLick","floor":11},{"not_picked":["Slimebound:SlimeSpikes","Slimebound:Recycling"],"picked":"Slimebound:Recollect","floor":12},{"not_picked":["Slimebound:SamplingLick","Slimebound:Schlurp"],"picked":"Slimebound:ViciousTackle","floor":14},{"not_picked":["Slimebound:TongueLash","Slimebound:SplitLeeching","Slimebound:ComboTackle"],"picked":"SKIP","floor":15}],"player_experience":842423,"relics_obtained":[{"floor":7,"key":"Slimebound:AggressiveSlimeRelic"},{"floor":10,"key":"ReplayFunnel"}],"event_choices":[],"is_beta":false,"boss_relics":[],"items_purged_floors":[],"is_endless":false,"potions_floor_spawned":[10,11,15],"killed_by":"downfall:Defect","ascension_level":11}}