{"host":"n23juj4d9qam5hh1","time":1608666704,"event":{"mods":["BaseMod","Better Note","BetterRewards","Infinite Spire","Minty Spire (QoL Compilation)","Relic Stats","StSLib"],"gold_per_floor":[118,118,132,146,156,156,171,184,208,225,179,179,259,272,272,372,372,383,393,410,420,345,345,360,360,360,371,391,391,391],"floor_reached":29,"playtime":4807,"items_purged":["Strike_R"],"score":248,"play_id":"efba1d13-3e5f-4104-9e32-59b0d62417f7","local_time":"20201222145144","is_ascension_mode":true,"campfire_choices":[{"data":"Inflame","floor":6.0,"key":"SMITH"},{"data":"Demon Form","floor":15.0,"key":"SMITH"},{"floor":23,"key":"REST"},{"floor":25,"key":"REST"}],"circlet_count":0,"master_deck":["Strike_R","Strike_R","Strike_R","Strike_R","Defend_R","Defend_R","Defend_R","Defend_R","Bash","Twin Strike","Ghostly Armor","Inflame+1","Demon Form+1","Bash","Heavy Blade","Flame Barrier","Cleave","Shrug It Off","Power Through","Juggernaut","Whirlwind","Battle Trance","Body Slam+1","True Grit+1"],"relics":["Black Blood","Red Skull","Bottled Tornado"],"acts_visited":["Exordium","TheCity"],"potions_floor_usage":[19,24],"damage_taken":[{"damage":6.0,"enemies":"Jaw Worm","floor":1.0,"turns":5.0},{"damage":1.0,"enemies":"Cultist","floor":3.0,"turns":3.0},{"damage":10.0,"enemies":"Small Slimes","floor":4.0,"turns":3.0},{"damage":11.0,"enemies":"Looter","floor":5.0,"turns":4.0},{"damage":16.0,"enemies":"Blue Slaver","floor":7.0,"turns":4.0},{"damage":7.0,"enemies":"3 Louse","floor":8.0,"turns":2.0},{"damage":12.0,"enemies":"Lots of Slimes","floor":10.0,"turns":5.0},{"damage":11.0,"enemies":"Looter","floor":14.0,"turns":3.0},{"damage":28.0,"enemies":"The Guardian","floor":16.0,"turns":8.0},{"damage":20.0,"enemies":"Shell Parasite","floor":18.0,"turns":7.0},{"damage":25,"enemies":"3 Byrds","floor":19,"turns":7},{"damage":36,"enemies":"Centurion and Healer","floor":20,"turns":8},{"damage":22,"enemies":"Sentry and Sphere","floor":21,"turns":4},{"damage":32,"enemies":"Chosen and Byrds","floor":24,"turns":8},{"damage":36,"enemies":"Snake Plant","floor":27,"turns":5},{"damage":13,"enemies":"Snecko","floor":28,"turns":4},{"damage":36,"enemies":"Book of Stabbing","floor":29,"turns":6}],"seed_played":"-231616274136733816","potions_obtained":[{"floor":1.0,"key":"LiquidMemories"},{"floor":4.0,"key":"ColorlessPotion"},{"floor":7.0,"key":"Fruit Juice"},{"floor":10.0,"key":"EssenceOfSteel"},{"floor":16.0,"key":"SkillPotion"},{"floor":18.0,"key":"infinitespire:BlackPotion"},{"floor":20,"key":"DistilledChaos"},{"floor":28,"key":"BlessingOfTheForge"}],"is_trial":false,"path_per_floor":["M","?","M","M","M","R","M","M","T","M","$","?","?","M","R","B",null,"M","M","M","M","$","R","M","R","T","M","M","E"],"character_chosen":"IRONCLAD","items_purchased":["Shrug It Off"],"campfire_rested":2,"item_purchase_floors":[11],"current_hp_per_floor":[80,80,80,76,71,71,61,60,60,59,59,59,59,54,54,32,85,77,64,40,30,30,55,35,60,60,36,35,0,0],"gold":391,"neow_bonus":"THREE_CARDS","is_daily":false,"chose_seed":false,"campfire_upgraded":2,"win_rate":0.0,"timestamp":1608666704,"path_taken":["M","?","M","M","M","R","?","M","T","M","$","?","?","M","R","BOSS","M","M","M","M","$","R","M","R","T","M","M","E"],"items_purchased_type":["Card"],"build_version":"2020-12-13","purchased_purges":1,"victory":false,"max_hp_per_floor":[80,80,80,80,80,80,80,80,80,85,85,85,85,85,85,85,85,85,85,85,85,85,85,85,85,85,85,85,85,85],"relic_stats":{"counters":[17,86],"Black Blood":133,"obtain_stats":[{"Black Blood":17,"Bottled Tornado":26,"Burning Blood":0,"Red Skull":9},{"Black Blood":9,"Bottled Tornado":14,"Burning Blood":0,"Red Skull":6},{"Black Blood":37,"Bottled Tornado":71,"Burning Blood":0,"Red Skull":21}]},"card_choices":[{"not_picked":["Sword Boomerang","Seeing Red"],"picked":"Twin Strike","floor":0.0},{"not_picked":["Anger","Uppercut"],"picked":"Ghostly Armor","floor":1.0},{"not_picked":["Pommel Strike","Anger","Clash"],"picked":"SKIP","floor":3.0},{"not_picked":["Clothesline","Havoc","Thunderclap"],"picked":"SKIP","floor":4.0},{"not_picked":["Combust","Warcry"],"picked":"Heavy Blade","floor":5.0},{"not_picked":["Sword Boomerang","Shrug It Off"],"picked":"Flame Barrier","floor":7.0},{"not_picked":["Perfected Strike","Disarm","Exhume"],"picked":"SKIP","floor":8.0},{"not_picked":["Warcry","Anger"],"picked":"Cleave","floor":10.0},{"not_picked":["Clothesline","Armaments"],"picked":"Power Through","floor":14.0},{"not_picked":["Reaper","Exhume"],"picked":"Juggernaut","floor":16.0},{"not_picked":["Flex+1","Entrench","Perfected Strike+1"],"picked":"SKIP","floor":18.0},{"not_picked":["Fire Breathing","Seeing Red"],"picked":"Whirlwind","floor":19},{"not_picked":["Shrug It Off","Sever Soul","Dropkick+1"],"picked":"SKIP","floor":20},{"not_picked":["Anger","Dropkick"],"picked":"Battle Trance","floor":21},{"not_picked":["Pommel Strike+1","Dual Wield+1"],"picked":"Body Slam+1","floor":24},{"not_picked":["True Grit","Second Wind","Iron Wave"],"picked":"SKIP","floor":27},{"not_picked":["Uppercut","infinitespire:OneForAll"],"picked":"True Grit+1","floor":28}],"player_experience":193400,"relics_obtained":[{"floor":9.0,"key":"Red Skull"},{"floor":26,"key":"Bottled Tornado"}],"event_choices":[{"damage_healed":0.0,"max_hp_gain":0.0,"max_hp_loss":0.0,"gold_gain":0.0,"event_name":"Match and Keep!","player_choice":"3 cards matched","floor":2.0,"gold_loss":0.0,"damage_taken":0.0,"cards_obtained":["Inflame","Demon Form","Bash"]},{"damage_healed":0.0,"max_hp_gain":0.0,"max_hp_loss":0.0,"gold_gain":0.0,"event_name":"Shining Light","player_choice":"Ignored","floor":12.0,"gold_loss":0.0,"damage_taken":0.0},{"damage_healed":0.0,"max_hp_gain":0.0,"max_hp_loss":0.0,"gold_gain":80.0,"event_name":"Golden Wing","player_choice":"Gained Gold","floor":13.0,"gold_loss":0.0,"damage_taken":0.0}],"is_beta":false,"boss_relics":[{"not_picked":["Mark of Pain","Sozu"],"picked":"Black Blood"}],"items_purged_floors":[22],"is_endless":false,"potions_floor_spawned":[1,4,7,10,16,18,20,28],"killed_by":"Book of Stabbing","ascension_level":2}}