{"host":"f1miojwxaupu79sp","time":1608618481,"event":{"mods":["BaseMod","Better Vampires","Minty Spire (QoL Compilation)","Shop Mod"],"gold_per_floor":[113,63,63,76,1,1,12,29,29,29,39,67,67,81,81,155,155,173,272,272,272,272,272],"floor_reached":22,"playtime":5775,"items_purged":["Strike_G"],"score":345,"play_id":"f1d6ff24-c612-42c7-83bf-37cde31b84a5","local_time":"20201222012801","is_ascension_mode":true,"campfire_choices":[{"data":"Deflect","floor":6,"key":"SMITH"},{"data":"Corpse Explosion","floor":13,"key":"SMITH"},{"floor":15,"key":"REST"}],"circlet_count":0,"master_deck":["AscendersBane","Strike_G","Strike_G","Defend_G","Defend_G","Defend_G","Defend_G","Defend_G","Survivor","Neutralize","Cloak And Dagger","Deflect+1","Deadly Poison","Dodge and Roll","A Thousand Cuts","Corpse Explosion+1","A Thousand Cuts","Poisoned Stab","Decay"],"relics":["Ring of the Snake","NeowsBlessing","Torii","Incense Burner","SlaversCollar","Enchiridion"],"acts_visited":["Exordium","TheCity"],"potions_floor_usage":[8,11,12,14,16],"damage_taken":[{"damage":0,"enemies":"Jaw Worm","floor":1,"turns":1},{"damage":0,"enemies":"Small Slimes","floor":4,"turns":1},{"damage":0,"enemies":"Cultist","floor":7,"turns":1},{"damage":24,"enemies":"Large Slime","floor":8,"turns":13},{"damage":0,"enemies":"Blue Slaver","floor":11,"turns":5},{"damage":10,"enemies":"Lagavulin","floor":12,"turns":8},{"damage":0,"enemies":"Looter","floor":14,"turns":3},{"damage":5,"enemies":"Hexaghost","floor":16,"turns":12},{"damage":15,"enemies":"2 Thieves","floor":18,"turns":4},{"damage":26,"enemies":"Chosen","floor":22,"turns":6}],"seed_played":"8782496197726599915","potions_obtained":[{"floor":1,"key":"SneckoOil"},{"floor":10,"key":"GamblersBrew"},{"floor":10,"key":"DistilledChaos"},{"floor":11,"key":"EssenceOfSteel"},{"floor":12,"key":"EssenceOfSteel"},{"floor":18,"key":"FearPotion"}],"is_trial":false,"path_per_floor":["M","?","?","M","$","R","M","M","T","?","M","E","R","M","R","B",null,"M","?","?","?","M"],"character_chosen":"THE_SILENT","items_purchased":[],"campfire_rested":1,"item_purchase_floors":[],"current_hp_per_floor":[63,63,56,56,56,56,56,32,32,32,32,22,22,22,43,38,62,47,47,31,31,5,5],"gold":272,"neow_bonus":"THREE_ENEMY_KILL","is_daily":false,"chose_seed":false,"campfire_upgraded":2,"win_rate":0.0,"timestamp":1608618481,"path_taken":["M","?","?","M","$","R","M","M","T","?","M","E","R","?","R","BOSS","M","?","?","?","?"],"items_purchased_type":[],"build_version":"2020-12-13","purchased_purges":1,"victory":false,"max_hp_per_floor":[70,70,70,70,70,70,70,70,70,70,70,70,70,70,70,70,70,70,70,70,70,70,70],"card_choices":[{"not_picked":["Finisher","Blade Dance"],"picked":"Cloak And Dagger","floor":1},{"not_picked":["PiercingWail","Dodge and Roll"],"picked":"Deflect","floor":4},{"not_picked":["Acrobatics","Cloak And Dagger"],"picked":"Deadly Poison","floor":7},{"not_picked":["Outmaneuver","Dagger Spray"],"picked":"Dodge and Roll","floor":8},{"not_picked":["Slice","Crippling Poison"],"picked":"A Thousand Cuts","floor":11},{"not_picked":["Dash","Deadly Poison"],"picked":"Corpse Explosion","floor":12},{"not_picked":["Flying Knee","Poisoned Stab","Quick Slash"],"picked":"SKIP","floor":14},{"not_picked":["Tools of the Trade","Grand Finale"],"picked":"A Thousand Cuts","floor":16},{"not_picked":["Outmaneuver","Sucker Punch"],"picked":"Poisoned Stab","floor":18}],"player_experience":686426,"relics_obtained":[{"floor":9,"key":"Torii"},{"floor":12,"key":"Incense Burner"},{"floor":20,"key":"Enchiridion"}],"event_choices":[{"cards_removed":["Strike_G"],"damage_healed":0,"gold_gain":0,"player_choice":"Card Removal","damage_taken":0,"max_hp_gain":0,"max_hp_loss":0,"event_name":"The Cleric","floor":2,"gold_loss":50},{"cards_removed":["Strike_G"],"damage_healed":0,"gold_gain":0,"player_choice":"Card Removal","damage_taken":7,"max_hp_gain":0,"max_hp_loss":0,"event_name":"Golden Wing","floor":3,"gold_loss":0},{"damage_healed":0,"gold_gain":0,"player_choice":"Got Potions","damage_taken":0,"max_hp_gain":0,"max_hp_loss":0,"event_name":"Lab","floor":10,"gold_loss":0},{"damage_healed":0,"gold_gain":99,"player_choice":"Stole From Cult","damage_taken":0,"max_hp_gain":0,"max_hp_loss":0,"event_name":"Nest","floor":19,"gold_loss":0},{"damage_healed":0,"gold_gain":0,"player_choice":"Obtained Book","damage_taken":16,"max_hp_gain":0,"max_hp_loss":0,"event_name":"Cursed Tome","floor":20,"gold_loss":0},{"damage_healed":0,"gold_gain":0,"player_choice":"Smashed Altar","damage_taken":0,"max_hp_gain":0,"max_hp_loss":0,"event_name":"Forgotten Altar","floor":21,"gold_loss":0,"cards_obtained":["Decay"]}],"is_beta":false,"boss_relics":[{"not_picked":["Runic Pyramid","Philosopher\u0027s Stone"],"picked":"SlaversCollar"}],"items_purged_floors":[5],"is_endless":false,"potions_floor_spawned":[1,11,12,18],"killed_by":"Chosen","ascension_level":13}}