{"host":"kta213tp32cz47du","time":1608655197,"event":{"mods":["BaseMod","Better Altar","Better Match","Better Note","Better Sensory Stone","Better Skull","Better Third Choice","Better Vampires","Colored Map","Colored Powertips","Conspire","Curses Come First","Displayed Cursed Tome","Downfall","Force Act Four","Hubris","Infinite Spire","JesterMod","Magitek Elite","Marisa????????","Minty Spire (QoL Compilation)","Permanent Neow","Potion Indicator Mod","QueenMod","Quick Restart","Rare Cards Sparkle","Replay The Spire","Shade Mod","Shop Mod","Spikes Relics","StSLib","The Animator","The Blue Laboratory","The Bug Knight","The Cursed","The Servant 0.9.4","TheSwordswoman","TheVelvet","TheWitcher","vexMod"],"gold_per_floor":[0,12,24,24,24,40,40,40,69,88,88,103,28,59,88,100,100,100],"floor_reached":16,"playtime":1294,"items_purged":[],"score":137,"play_id":"1bf374b5-6a56-475d-8600-e42313d4748e","local_time":"20201222163957","is_ascension_mode":false,"campfire_choices":[{"data":"hexamod:TimeOfNeed","floor":8,"key":"SMITH"},{"data":"hexamod:EtherealExpedition","floor":13,"key":"SMITH"}],"circlet_count":0,"master_deck":["hexamod:Strike","hexamod:Strike","hexamod:Strike","hexamod:Defend","hexamod:Defend","hexamod:Defend","hexamod:Sear","hexamod:Float","hexamod:TimeOfNeed+1","hexamod:HeatMetal","hexamod:AdvancingGuard","hubris:Fate","hexamod:CatchUp","hexamod:EtherealExpedition+1","hexamod:FirstSeal","hexamod:SpectersWail","hexamod:SpectersWail","hexamod:SoulSteal"],"relics":["hexamod:SpiritBrand","FossilizedHelix","The Courier","infinitespire:Eraser","downfall:HeartBlessingGreen","MawBank"],"acts_visited":["Exordium"],"potions_floor_usage":[12,16,16],"damage_taken":[{"damage":0.0,"enemies":"Cultist","floor":2.0,"turns":4.0},{"damage":0.0,"enemies":"Jaw Worm","floor":3.0,"turns":3.0},{"damage":0,"enemies":"2 Louse","floor":6,"turns":2},{"damage":14,"enemies":"Lagavulin","floor":9,"turns":6},{"damage":0,"enemies":"Blue Slaver","floor":10,"turns":4},{"damage":2,"enemies":"downfall:FleeingMerchant","floor":11,"turns":3},{"damage":0,"enemies":"Gremlin Gang","floor":12,"turns":4},{"damage":0,"enemies":"3 Sentries","floor":14,"turns":6},{"damage":0,"enemies":"3 Louse","floor":15,"turns":2},{"damage":62,"enemies":"downfall:Defect","floor":16,"turns":8}],"seed_played":"4695010895759924680","potions_obtained":[{"floor":3.0,"key":"SmokeBomb"},{"floor":9,"key":"Block Potion"},{"floor":10,"key":"Block Potion"},{"floor":14,"key":"Toxic Potion"}],"is_trial":false,"path_per_floor":["R_BF","M","M","?","?","M","T","R","E","M","$","M","R","E","M","B"],"character_chosen":"THE_SPIRIT","items_purchased":[],"campfire_rested":0,"item_purchase_floors":[],"current_hp_per_floor":[70,70,70,52,52,52,52,52,38,42,47,54,54,61,61,0,0,0],"gold":100,"neow_bonus":"ONE_RARE_RELIC","is_daily":false,"chose_seed":false,"campfire_upgraded":2,"win_rate":0.0,"timestamp":1608655197,"path_taken":["R_BF","M","M","?","?","M","T","R","E","M","$","M","R","E","M","BOSS"],"items_purchased_type":[],"build_version":"2020-12-13","purchased_purges":0,"victory":false,"max_hp_per_floor":[70,70,70,70,70,70,70,70,70,70,70,70,70,70,70,70,70,70],"card_choices":[{"not_picked":["hexamod:Hexaguard","hexamod:Haunt"],"picked":"hexamod:HeatMetal","floor":2.0},{"not_picked":["hexamod:FastForward","hexamod:ShieldOfDarkness"],"picked":"hexamod:AdvancingGuard","floor":3.0},{"not_picked":["infinitespire:SevenWalls","infinitespire:Punishment"],"picked":"hubris:Fate","floor":4.0},{"not_picked":["hexamod:AdvancingGuard","hexamod:SkipABeat"],"picked":"hexamod:EtherealExpedition","floor":6},{"not_picked":["hexamod:DynamicBlow","hexamod:SpectersWail"],"picked":"hexamod:FirstSeal","floor":9},{"not_picked":["hexamod:Firestarter","hexamod:NightmareGuise"],"picked":"hexamod:SpectersWail","floor":10},{"not_picked":["hexamod:ShieldOfDarkness","hexamod:GhostOfSpirePast","hexamod:Firestarter"],"picked":"SKIP","floor":11},{"not_picked":["hexamod:TurnItUp","hexamod:SpectralAdrenaline"],"picked":"hexamod:SpectersWail","floor":12},{"not_picked":["hexamod:ThermalTransfer","hexamod:GhostLash"],"picked":"hexamod:SoulSteal","floor":14},{"not_picked":["hexamod:BurningTouch","hexamod:HauntingEcho","hexamod:RainOfEmbers"],"picked":"SKIP","floor":15}],"player_experience":293838,"relics_obtained":[{"floor":7,"key":"The Courier"},{"floor":9,"key":"infinitespire:Eraser"},{"floor":14,"key":"MawBank"}],"event_choices":[{"damage_healed":0.0,"max_hp_gain":0.0,"max_hp_loss":0.0,"gold_gain":0.0,"cards_transformed":["hexamod:Strike"],"event_name":"Transmorgrifier","player_choice":"Transformed","floor":1.0,"gold_loss":0.0,"damage_taken":0.0,"cards_obtained":["hexamod:TimeOfNeed"]},{"damage_healed":0,"gold_gain":0,"cards_transformed":["hexamod:Defend"],"player_choice":"Transformed","damage_taken":0,"max_hp_gain":0,"max_hp_loss":0,"event_name":"Transmorgrifier","floor":5,"gold_loss":0,"cards_obtained":["hexamod:CatchUp"]}],"is_beta":false,"boss_relics":[],"items_purged_floors":[],"is_endless":false,"potions_floor_spawned":[3,9,10,14,15],"killed_by":"downfall:Defect","ascension_level":0}}