{"host":"zdznbz1vk7bo8bwe","time":1608610359,"event":{"mods":["Act Like it!","Aspiration","BaseMod","Better-Laid Plans","Block Reminder","Conspire","Custom Start","Defuse TimeMaze Blight","Ekko","Elementarium","Energized Spire","Gensokyo","Hubris","Infinite Spire","Jedi Mod","Jorbs\u0027s Wanderer Trilogy","Lobotomy","Menagerie","Minty Spire (QoL Compilation)","Rare Cards Sparkle","Replay The Spire","Spicy Shops","StSLib","The Animator","The Bug Knight","The Cursed","The Factory","The Jungle","The Vixen","Transform Curses","vexMod"],"gold_per_floor":[109,121,139,139,139,169,269,282,336,352,352,362,362,377,377,479,479,497,497,510,510,524,555,555,555,580,590,604,617,617,617],"floor_reached":30,"playtime":1988,"items_purged":[],"score":397,"play_id":"7a4d8aaf-e912-413d-9de4-fb5699c939e0","local_time":"20201221201239","daily_mods":["SealedDeck","Heirloom"],"is_ascension_mode":true,"campfire_choices":[{"data":"ekkoTheBoyWhoShatteredTime:SneakHit","floor":11,"key":"SMITH"},{"data":"Regret","floor":15,"key":"PURGE"},{"data":"ekkoTheBoyWhoShatteredTime:SandstormSympathy","floor":25,"key":"SMITH"}],"circlet_count":0,"master_deck":["ekkoTheBoyWhoShatteredTime:Greed","ekkoTheBoyWhoShatteredTime:Knowledge","ekkoTheBoyWhoShatteredTime:TimeRecall","ekkoTheBoyWhoShatteredTime:NashorsTooth","ekkoTheBoyWhoShatteredTime:TimeRecall","ekkoTheBoyWhoShatteredTime:SneakHit+1","ekkoTheBoyWhoShatteredTime:TimeRecall","ekkoTheBoyWhoShatteredTime:Knowledge","ekkoTheBoyWhoShatteredTime:Acceleration","ekkoTheBoyWhoShatteredTime:HextechProtobelt","ekkoTheBoyWhoShatteredTime:Knowledge","ekkoTheBoyWhoShatteredTime:HauntingGuise","ekkoTheBoyWhoShatteredTime:SandstormSympathy+1","ekkoTheBoyWhoShatteredTime:PhaseDive","ekkoTheBoyWhoShatteredTime:WideSlice","ekkoTheBoyWhoShatteredTime:Powered","ekkoTheBoyWhoShatteredTime:NaggingBlow+1","Doubt","Replay:Undeath\u0027s Touch","ekkoTheBoyWhoShatteredTime:NeedlesslyLargeRod"],"relics":["ekkoTheBoyWhoShatteredTime:zDriveResonance","infinitespire:Golems Mask","Nunchaku","infinitespire:Satchel","ReplayFunnel","hubris:BundleOfHerbs","Ring of Hypnosis","ekkoTheBoyWhoShatteredTime:zDriveGreediness","White Beast Statue","infinitespire:PuzzleCube"],"acts_visited":["Exordium","TheCity"],"potions_floor_usage":[12,29,29,30],"damage_taken":[{"damage":15,"enemies":"conspire:RoseBush","floor":1,"turns":1},{"damage":0,"enemies":"Jaw Worm","floor":2,"turns":1},{"damage":3,"enemies":"2 Louse","floor":3,"turns":1},{"damage":0,"enemies":"Gremlin Nob","floor":6,"turns":1},{"damage":0,"enemies":"Lots of Slimes","floor":8,"turns":1},{"damage":7,"enemies":"Blue Slaver","floor":10,"turns":3},{"damage":0,"enemies":"2 Fungi Beasts","floor":12,"turns":1},{"damage":9,"enemies":"Red Slaver","floor":14,"turns":2},{"damage":3,"enemies":"Slime Boss","floor":16,"turns":3},{"damage":17,"enemies":"Shell Parasite","floor":18,"turns":2},{"damage":8,"enemies":"3 Byrds","floor":20,"turns":2},{"damage":0,"enemies":"Snecko","floor":22,"turns":1},{"damage":0,"enemies":"Gremlin Leader","floor":23,"turns":1},{"damage":3,"enemies":"Shelled Parasite and Fungi","floor":27,"turns":1},{"damage":0,"enemies":"Centurion and Healer","floor":28,"turns":1},{"damage":37,"enemies":"Snecko","floor":29,"turns":5},{"damage":26,"enemies":"Snake Plant","floor":30,"turns":2}],"seed_played":"-7272979163474645433","potions_obtained":[{"floor":1,"key":"jedi:mysterypotion"},{"floor":6,"key":"jedi:StrikingPotion"},{"floor":8,"key":"conspire:TimeTravelPotion"},{"floor":16,"key":"ekkoTheBoyWhoShatteredTime:BottledSheen"},{"floor":27,"key":"ColorlessPotion"},{"floor":29,"key":"EssenceOfSteel"}],"is_trial":true,"path_per_floor":["M","M","M","?","$","E","?","M","T","M","R","M","?","M","R","B",null,"M","?","M","?","M","E","?","R","T","M","M","M","M"],"character_chosen":"EKKO_THE_BOY_WHO_SHATTERED_TIME","items_purchased":[],"campfire_rested":0,"item_purchase_floors":[],"current_hp_per_floor":[63,63,60,60,60,60,60,60,60,53,53,53,53,47,47,49,78,61,61,53,53,53,53,53,53,53,50,50,33,7,7],"gold":617,"neow_bonus":"","is_daily":false,"chose_seed":false,"campfire_upgraded":2,"win_rate":0.0,"timestamp":1608610359,"path_taken":["M","M","?","?","?","E","?","M","T","M","R","?","?","M","R","BOSS","M","?","M","?","?","E","?","R","T","M","?","?","M"],"items_purchased_type":[],"build_version":"2020-12-13","purchased_purges":0,"victory":false,"max_hp_per_floor":[78,78,78,78,78,78,78,78,78,78,78,78,78,78,78,78,78,78,78,78,59,59,59,59,59,59,59,59,59,59,59],"card_choices":[{"not_picked":["ekkoTheBoyWhoShatteredTime:CommittedStrike","ekkoTheBoyWhoShatteredTime:Backtrack","ekkoTheBoyWhoShatteredTime:AfterimageBait"],"picked":"SKIP","floor":1},{"not_picked":["ekkoTheBoyWhoShatteredTime:HauntedAfterimage","ekkoTheBoyWhoShatteredTime:FeelIt"],"picked":"ekkoTheBoyWhoShatteredTime:Knowledge","floor":2},{"not_picked":["ekkoTheBoyWhoShatteredTime:QuickBreak","ekkoTheBoyWhoShatteredTime:SpHit"],"picked":"ekkoTheBoyWhoShatteredTime:HauntingGuise","floor":3},{"not_picked":["ekkoTheBoyWhoShatteredTime:PhaseDive","ekkoTheBoyWhoShatteredTime:Dash"],"picked":"ekkoTheBoyWhoShatteredTime:SandstormSympathy","floor":6},{"not_picked":["ekkoTheBoyWhoShatteredTime:HauntedAfterimage","ekkoTheBoyWhoShatteredTime:AfterimageHit","ekkoTheBoyWhoShatteredTime:Leap"],"picked":"SKIP","floor":8},{"not_picked":["ekkoTheBoyWhoShatteredTime:SpHit","ekkoTheBoyWhoShatteredTime:SneakHit"],"picked":"ekkoTheBoyWhoShatteredTime:PhaseDive","floor":10},{"not_picked":["ekkoTheBoyWhoShatteredTime:Resocharge","ekkoTheBoyWhoShatteredTime:Greed"],"picked":"ekkoTheBoyWhoShatteredTime:WideSlice","floor":12},{"not_picked":["ekkoTheBoyWhoShatteredTime:Leap","ekkoTheBoyWhoShatteredTime:CommittedStrike","ekkoTheBoyWhoShatteredTime:HauntedAfterimage"],"picked":"SKIP","floor":14},{"not_picked":["ekkoTheBoyWhoShatteredTime:SktSynergy","ekkoTheBoyWhoShatteredTime:Discharge"],"picked":"ekkoTheBoyWhoShatteredTime:Powered","floor":16},{"not_picked":["ekkoTheBoyWhoShatteredTime:AfterimageHit","ekkoTheBoyWhoShatteredTime:ParallelConvergence+1"],"picked":"ekkoTheBoyWhoShatteredTime:NaggingBlow+1","floor":18},{"not_picked":["ekkoTheBoyWhoShatteredTime:NaggingBlow","ekkoTheBoyWhoShatteredTime:LoadUp+1","ekkoTheBoyWhoShatteredTime:Vibin"],"picked":"SKIP","floor":20},{"not_picked":["ekkoTheBoyWhoShatteredTime:DefensiveStance+1","ekkoTheBoyWhoShatteredTime:HauntedAfterimage","ekkoTheBoyWhoShatteredTime:AfterimageBait"],"picked":"SKIP","floor":22},{"not_picked":["ekkoTheBoyWhoShatteredTime:FluidEnergy","ekkoTheBoyWhoShatteredTime:SktSynergy","ekkoTheBoyWhoShatteredTime:SpHit+1"],"picked":"SKIP","floor":23},{"not_picked":["ekkoTheBoyWhoShatteredTime:Backtrack","ekkoTheBoyWhoShatteredTime:CommittedStrike","ekkoTheBoyWhoShatteredTime:HauntedAfterimage"],"picked":"SKIP","floor":27},{"not_picked":["ekkoTheBoyWhoShatteredTime:AfterimageBait+1","ekkoTheBoyWhoShatteredTime:AfterimageDualStroke+1","ekkoTheBoyWhoShatteredTime:HauntingGuise+1"],"picked":"SKIP","floor":28},{"not_picked":["ekkoTheBoyWhoShatteredTime:FeelIt","ekkoTheBoyWhoShatteredTime:HauntingGuise"],"picked":"ekkoTheBoyWhoShatteredTime:NeedlesslyLargeRod","floor":29}],"player_experience":47215,"relics_obtained":[{"floor":4,"key":"Nunchaku"},{"floor":6,"key":"infinitespire:Satchel"},{"floor":9,"key":"ReplayFunnel"},{"floor":19,"key":"Ring of Hypnosis"},{"floor":23,"key":"White Beast Statue"},{"floor":26,"key":"infinitespire:PuzzleCube"}],"event_choices":[{"damage_healed":0,"gold_gain":100,"player_choice":"Pray","damage_taken":0,"max_hp_gain":0,"max_hp_loss":0,"event_name":"Golden Shrine","floor":7,"gold_loss":0},{"damage_healed":0,"gold_gain":0,"player_choice":"Box","damage_taken":0,"relics_obtained":["hubris:BundleOfHerbs"],"max_hp_gain":0,"max_hp_loss":0,"event_name":"Big Fish","floor":13,"gold_loss":0,"cards_obtained":["Regret"]},{"damage_healed":0,"gold_gain":0,"player_choice":"Read","damage_taken":0,"max_hp_gain":0,"max_hp_loss":0,"event_name":"The Library","floor":24,"gold_loss":0,"cards_obtained":["Replay:Undeath\u0027s Touch"]}],"is_beta":false,"boss_relics":[{"not_picked":["Kintsugi","jedi:battlestandard","ChewingGum"]}],"items_purged_floors":[],"is_endless":false,"potions_floor_spawned":[1,6,8,12,16,20,22,27,28,29],"killed_by":"Snake Plant","ascension_level":4}}