{"host":"r53pw7z744tg3fxg","time":1608652564,"event":{"mods":["AchievementEnabler","BaseMod","Colored Map","Colored Powertips","Highlight Path","Minty Spire (QoL Compilation)","Quick Restart","Transform Curses"],"gold_per_floor":[20,40,40,56,74,74,100,100,171,204,204,236,236,20,20,121,121,131,131,156,156,170,170,170],"floor_reached":23,"playtime":865,"items_purged":[],"score":347,"play_id":"9f798afa-127c-4dd5-a6ab-018b9769a0e1","local_time":"20201222085604","is_ascension_mode":true,"campfire_choices":[{"floor":6,"key":"REST"},{"floor":8,"key":"REST"},{"floor":11,"key":"REST"},{"data":"ForeignInfluence","floor":15,"key":"SMITH"}],"circlet_count":0,"master_deck":["Strike_P","Strike_P","Strike_P","Strike_P","Defend_P+1","Defend_P","Defend_P","Defend_P","Eruption+1","Vigilance+1","Evaluate","SashWhip","FlurryOfBlows","Halt","Consecrate","ThirdEye","ForeignInfluence+1","BattleHymn","Judgement","Flame Barrier+1","Sunder+1","Flying Knee"],"relics":["PureWater","Bird Faced Urn","Ginger","Sundial","War Paint","Gremlin Horn","PrismaticShard","SlaversCollar","Red Mask","MealTicket"],"acts_visited":["Exordium","TheCity"],"potions_floor_usage":[7,10,16,20,23],"damage_taken":[{"damage":0.0,"enemies":"Small Slimes","floor":1.0,"turns":3.0},{"damage":15.0,"enemies":"Jaw Worm","floor":2.0,"turns":6.0},{"damage":0,"enemies":"2 Louse","floor":4,"turns":1},{"damage":3,"enemies":"Looter","floor":5,"turns":4},{"damage":27,"enemies":"3 Sentries","floor":7,"turns":7},{"damage":18,"enemies":"Gremlin Nob","floor":10,"turns":3},{"damage":7,"enemies":"Lagavulin","floor":12,"turns":6},{"damage":0,"enemies":"Slime Boss","floor":16,"turns":4},{"damage":7,"enemies":"Chosen","floor":18,"turns":5},{"damage":23,"enemies":"Masked Bandits","floor":20,"turns":3},{"damage":15,"enemies":"Shell Parasite","floor":22,"turns":7},{"damage":26,"enemies":"Slavers","floor":23,"turns":1}],"seed_played":"1899673197780066804","potions_obtained":[{"floor":1.0,"key":"EssenceOfSteel"},{"floor":4,"key":"Fire Potion"},{"floor":12,"key":"FearPotion"},{"floor":18,"key":"Ambrosia"},{"floor":20,"key":"Strength Potion"}],"is_trial":false,"path_per_floor":["M","M","?","M","M","R","E","R","T","E","R","E","?","$","R","B",null,"M","?","?","T","M","E"],"character_chosen":"WATCHER","items_purchased":["PrismaticShard","BattleHymn"],"campfire_rested":3,"item_purchase_floors":[14,14],"current_hp_per_floor":[65,50,50,50,47,68,41,62,62,44,65,58,58,58,58,60,69,62,49,28,28,13,0,0],"gold":170,"neow_bonus":"ONE_RARE_RELIC","is_daily":false,"chose_seed":false,"campfire_upgraded":1,"win_rate":0.0,"timestamp":1608652564,"path_taken":["M","M","?","M","M","R","E","R","T","E","R","E","?","$","R","BOSS","M","?","?","?","M","E"],"items_purchased_type":["Relic","Card"],"build_version":"2020-12-13","purchased_purges":0,"victory":false,"max_hp_per_floor":[72,72,72,72,72,72,72,72,72,72,72,72,72,72,72,72,72,72,77,77,77,77,77,77],"card_choices":[{"not_picked":["Pray","Swivel"],"picked":"Evaluate","floor":1.0},{"not_picked":["FlyingSleeves","Prostrate"],"picked":"SashWhip","floor":2.0},{"not_picked":["Protect","ConjureBlade"],"picked":"FlurryOfBlows","floor":4},{"not_picked":["MentalFortress","Collect"],"picked":"Halt","floor":5},{"not_picked":["DevaForm","EmptyBody"],"picked":"Consecrate","floor":7},{"not_picked":["WreathOfFlame","FlyingSleeves"],"picked":"ThirdEye","floor":10},{"not_picked":["Meditate","DevaForm"],"picked":"ForeignInfluence","floor":12},{"not_picked":["Venomology","Thunder Strike"],"picked":"Judgement","floor":16},{"not_picked":["FollowUp+1","Eviscerate+1"],"picked":"Flame Barrier+1","floor":18},{"not_picked":["Cleave","Redo"],"picked":"Sunder+1","floor":20},{"not_picked":["Barrage","Quick Slash"],"picked":"Flying Knee","floor":22}],"player_experience":1137859,"relics_obtained":[{"floor":7,"key":"Ginger"},{"floor":9,"key":"Sundial"},{"floor":10,"key":"War Paint"},{"floor":12,"key":"Gremlin Horn"},{"floor":20,"key":"Red Mask"},{"floor":21,"key":"MealTicket"}],"event_choices":[{"damage_healed":0.0,"max_hp_gain":0.0,"max_hp_loss":0.0,"gold_gain":0.0,"event_name":"Golden Wing","player_choice":"Ignored","floor":3.0,"gold_loss":0.0,"damage_taken":0.0},{"damage_healed":0,"gold_gain":0,"player_choice":"Grow","damage_taken":0,"max_hp_gain":0,"max_hp_loss":0,"event_name":"Living Wall","floor":13,"gold_loss":0,"cards_upgraded":["Eruption"]},{"damage_healed":0,"gold_gain":0,"player_choice":"Shed Blood","damage_taken":18,"max_hp_gain":5,"max_hp_loss":0,"event_name":"Forgotten Altar","floor":19,"gold_loss":0},{"damage_healed":0,"gold_gain":0,"player_choice":"Fought Bandits","damage_taken":0,"max_hp_gain":0,"max_hp_loss":0,"event_name":"Masked Bandits","floor":20,"gold_loss":0}],"is_beta":false,"boss_relics":[{"not_picked":["Fusion Hammer","Pandora\u0027s Box"],"picked":"SlaversCollar"}],"items_purged_floors":[],"is_endless":false,"potions_floor_spawned":[1,4,12,16,18,20],"killed_by":"Slavers","ascension_level":7}}