{"host":"644z1j61xspvblw3","time":1608661057,"event":{"mods":["AchievementEnabler","BaseMod","Best Route Mod","Better Altar","Better Match","Better Note","Better Sensory Stone","Better Skull","Better Third Choice","BetterRewards","Block Reminder","Colored Map","Colored Powertips","Curses Come First","Downfall","Hermit","Minty Spire (QoL Compilation)","Rare Cards Sparkle","StSLib","The Hierophant","The Runesmith","TheBandit","Uncapped"],"gold_per_floor":[115,115,127,156,118,130,175,235,247,259,291,303,327,358,370,482,494,524,536,748,772,797,809,833,856,868,880,892,904,916,237,237,341,341,352,1351,1276,1286,1286,1286],"floor_reached":39,"playtime":5140,"items_purged":["hermit:LuckOfTheDraw"],"score":604,"play_id":"452b1fec-ed3d-417c-a366-a47e89d3b7a0","local_time":"20201222091737","is_ascension_mode":false,"campfire_choices":[{"data":"hermit:TakeCover","floor":6.0,"key":"SMITH"},{"floor":12.0,"key":"REST"},{"floor":15.0,"key":"REST"},{"floor":23.0,"key":"REST"},{"floor":27.0,"key":"REST"},{"floor":30.0,"key":"REST"},{"floor":32.0,"key":"REST"}],"circlet_count":0,"master_deck":["hermit:Strike_Hermit","hermit:Strike_Hermit","hermit:Strike_Hermit","hermit:Strike_Hermit","hermit:Defend_Hermit","hermit:Defend_Hermit","hermit:Snapshot","hermit:Covet","hermit:PistolWhip+1","hermit:TakeCover+1","hermit:Misfire","Regret","hermit:Horror","hermit:LoneWolf+1","hermit:Showdown","hermit:Deadeye","hermit:Roughhouse","hermit:Snipe","Strike_G","hermit:Shortfuse","hermit:Brawl+1","hermit:TakeCover","hermit:Misfire+1","Madness+1","hermit:Reprieve","expansioncontent:DefensiveStance","hermit:RoundhouseKick","Normality","Normality","hermit:Ricochet+1"],"relics":["hermit:Momento","MawBank","Nunchaku","Bag of Marbles","Potion Belt","Runic Pyramid","Thread and Needle","Matryoshka","Toolbox","SlaversCollar"],"acts_visited":["Exordium","TheCity","TheBeyond"],"potions_floor_usage":[38,38,39],"damage_taken":[{"damage":1.0,"enemies":"Cultist","floor":1.0,"turns":3.0},{"damage":0.0,"enemies":"Small Slimes","floor":4.0,"turns":3.0},{"damage":31.0,"enemies":"Gremlin Nob","floor":7.0,"turns":4.0},{"damage":5.0,"enemies":"2 Louse","floor":11.0,"turns":3.0},{"damage":5.0,"enemies":"Looter","floor":13.0,"turns":3.0},{"damage":0.0,"enemies":"2 Fungi Beasts","floor":14.0,"turns":2.0},{"damage":31.0,"enemies":"Hexaghost","floor":16.0,"turns":7.0},{"damage":25.0,"enemies":"2 Thieves","floor":18.0,"turns":4.0},{"damage":10.0,"enemies":"Chosen","floor":21.0,"turns":3.0},{"damage":12.0,"enemies":"Centurion and Healer","floor":22.0,"turns":4.0},{"damage":26.0,"enemies":"Sentry and Sphere","floor":24.0,"turns":5.0},{"damage":0.0,"enemies":"Snecko","floor":25.0,"turns":3.0},{"damage":19.0,"enemies":"Colosseum Slavers","floor":29.0,"turns":5.0},{"damage":51.0,"enemies":"Automaton","floor":33.0,"turns":10.0},{"damage":30.0,"enemies":"3 Shapes","floor":35.0,"turns":5.0},{"damage":58,"enemies":"3 Darklings","floor":38,"turns":6},{"damage":21,"enemies":"Sphere and 2 Shapes","floor":39,"turns":3}],"seed_played":"-5799062384788936166","potions_obtained":[{"floor":1.0,"key":"LiquidBronze"},{"floor":13.0,"key":"Fire Potion"},{"floor":16.0,"key":"Dexterity Potion"},{"floor":21.0,"key":"sneckomod:MuddlingPotion"},{"floor":22.0,"key":"SpeedPotion"},{"floor":24.0,"key":"BlessingOfTheForge"},{"floor":33.0,"key":"Explosive Potion"}],"is_trial":false,"path_per_floor":["M","?","?","M","?","R","E","T","T","?","M","R","M","M","R","B",null,"M","?","?","M","M","R","M","M","T","R","?","?","R","$","R","B",null,"M","?","?","M","M"],"character_chosen":"HERMIT","items_purchased":["hermit:PistolWhip","hermit:TakeCover","Matryoshka","hermit:Reprieve","Toolbox","expansioncontent:DefensiveStance"],"campfire_rested":6,"item_purchase_floors":[0,0,31,31,31,31],"current_hp_per_floor":[74,74,67,67,67,67,36,36,36,21,16,38,33,33,55,24,75,50,50,50,40,28,50,24,24,24,46,31,12,34,34,56,13,75,53,53,53,7,0,0],"gold":1286,"neow_bonus":"","is_daily":false,"chose_seed":false,"campfire_upgraded":1,"win_rate":0.0,"timestamp":1608661057,"path_taken":["M","?","?","M","?","R","E","?","T","?","M","R","?","M","R","BOSS","M","?","?","M","?","R","M","M","T","R","?","?","R","$","R","BOSS","M","?","?","?","?"],"items_purchased_type":["Card","Card","Relic","Card","Relic","Card"],"build_version":"2020-12-13","purchased_purges":1,"victory":false,"max_hp_per_floor":[75,75,75,75,75,75,75,75,75,75,75,75,75,75,75,75,75,75,75,75,75,75,75,75,75,75,75,75,75,75,75,75,75,75,75,75,75,75,75,75],"card_choices":[{"not_picked":["hermit:Coalescence","hermit:Desperado"],"picked":"hermit:Misfire","floor":1.0},{"not_picked":["hermit:WideOpen","hermit:FlashPowder"],"picked":"hermit:Horror","floor":4.0},{"not_picked":["hermit:Ricochet","hermit:DeadOrAlive"],"picked":"hermit:LoneWolf","floor":7.0},{"not_picked":["hermit:Horror","hermit:WideOpen"],"picked":"hermit:Showdown","floor":11.0},{"not_picked":["hermit:ItchyTrigger","hermit:Spite"],"picked":"hermit:Deadeye","floor":13.0},{"not_picked":["hermit:SprayPray","hermit:HoleUp"],"picked":"hermit:LuckOfTheDraw","floor":14.0},{"not_picked":["hermit:Magnum","hermit:Purgatory"],"picked":"hermit:Roughhouse","floor":16.0},{"not_picked":["hermit:Glare","hermit:Quickdraw"],"picked":"hermit:Snipe","floor":18.0},{"not_picked":["hermit:Headshot","hermit:FullyLoaded+1"],"picked":"hermit:Shortfuse","floor":21.0},{"not_picked":["hermit:Snipe","hermit:Determination"],"picked":"hermit:Brawl+1","floor":22.0},{"not_picked":["hermit:GoldenBullet","hermit:FinalCanter"],"picked":"hermit:TakeCover","floor":24.0},{"not_picked":["hermit:Manifest","hermit:DeadMansHand"],"picked":"hermit:Misfire+1","floor":25.0},{"not_picked":["hermit:DeadOrAlive","hermit:Purgatory"],"picked":"hermit:RoundhouseKick","floor":33.0},{"not_picked":["hermit:Coalescence+1","hermit:Manifest","hermit:Quickdraw+1"],"picked":"SKIP","floor":35.0},{"not_picked":["hermit:LowProfile+1","hermit:TrackingShot+1"],"picked":"hermit:Ricochet+1","floor":37.0},{"not_picked":["hermit:Determination","hermit:BodyArmor","hermit:Snipe"],"picked":"SKIP","floor":38}],"player_experience":130541,"relics_obtained":[{"floor":7.0,"key":"Nunchaku"},{"floor":8.0,"key":"Bag of Marbles"},{"floor":9.0,"key":"Potion Belt"},{"floor":26.0,"key":"Thread and Needle"}],"event_choices":[{"damage_healed":0.0,"max_hp_gain":0.0,"max_hp_loss":0.0,"gold_gain":0.0,"event_name":"Big Fish","player_choice":"Box","floor":2.0,"gold_loss":0.0,"damage_taken":0.0,"relics_obtained":["MawBank"],"cards_obtained":["Regret"]},{"cards_removed":["hermit:Defend_Hermit"],"damage_healed":0.0,"max_hp_gain":0.0,"max_hp_loss":0.0,"gold_gain":0.0,"event_name":"Golden Wing","player_choice":"Card Removal","floor":3.0,"gold_loss":0.0,"damage_taken":7.0},{"cards_removed":["hermit:Defend_Hermit"],"damage_healed":0.0,"max_hp_gain":0.0,"max_hp_loss":0.0,"gold_gain":0.0,"event_name":"The Cleric","player_choice":"Card Removal","floor":5.0,"gold_loss":50.0,"damage_taken":0.0},{"damage_healed":36.0,"max_hp_gain":0.0,"max_hp_loss":75.0,"gold_gain":0.0,"event_name":"betterThird:BetterShining","player_choice":"Upgrade","floor":10.0,"gold_loss":0.0,"damage_taken":15.0,"cards_upgraded":["hermit:LoneWolf","hermit:PistolWhip"]},{"cards_removed":["hermit:Defend_Hermit"],"damage_healed":0.0,"max_hp_gain":0.0,"max_hp_loss":0.0,"gold_gain":0.0,"event_name":"betterNote:BetterNote","player_choice":"Take \u0026 Give","floor":19.0,"gold_loss":0.0,"damage_taken":0.0,"cards_obtained":["Strike_G"]},{"damage_healed":0.0,"max_hp_gain":0.0,"max_hp_loss":0.0,"gold_gain":200.0,"event_name":"Wheel of Change","player_choice":"Gold","floor":20.0,"gold_loss":0.0,"damage_taken":0.0},{"damage_healed":0.0,"max_hp_gain":0.0,"max_hp_loss":15.0,"gold_gain":2.0,"event_name":"betterStone:BetterStone","player_choice":"2","floor":28.0,"gold_loss":0.0,"damage_taken":0.0},{"damage_healed":0.0,"max_hp_gain":0.0,"max_hp_loss":0.0,"gold_gain":0.0,"event_name":"Colosseum","player_choice":"Fight","floor":29.0,"gold_loss":0.0,"damage_taken":0.0},{"damage_healed":0.0,"max_hp_gain":0.0,"max_hp_loss":0.0,"gold_gain":0.0,"event_name":"Colosseum","player_choice":"Fled From Nobs","floor":29.0,"gold_loss":0.0,"damage_taken":0.0},{"damage_healed":0.0,"max_hp_gain":0.0,"max_hp_loss":0.0,"gold_gain":999.0,"event_name":"MindBloom","player_choice":"Gold","floor":36.0,"gold_loss":0.0,"damage_taken":0.0,"cards_obtained":["Normality","Normality"]},{"damage_healed":0.0,"max_hp_gain":0.0,"max_hp_loss":0.0,"gold_gain":0.0,"event_name":"betterMatch:BetterMatch","player_choice":"2","floor":37.0,"gold_loss":0.0,"damage_taken":0.0,"cards_obtained":["betterMatch:CommonCard"]}],"is_beta":false,"boss_relics":[{"not_picked":["SacredBark","hermit:BartenderGlass"],"picked":"Runic Pyramid"},{"not_picked":["hermit:DentedPlate","Black Star"],"picked":"SlaversCollar"}],"items_purged_floors":[31],"is_endless":false,"potions_floor_spawned":[1,13,16,21,22,24,33],"killed_by":"Sphere and 2 Shapes","ascension_level":0}}