{"host":"Ian","time":1608646542,"event":{"mods":["BaseMod","Bestiary","Block Reminder","Colored Map","Highlight Path","Key Reminder","Minty Spire (QoL Compilation)","Relic Stats"],"gold_per_floor":[110,110,125,141,141,141,151,182,207,207,207,237,249,263,263,340,340,353,17,35,48,48,48,79,89,138,138,14,49,49,76,88,171,183,212,242,28,38,55,83,83,0,24,49,68,402,427,440,440,440,440,440,440,9,35,35],"floor_reached":57,"playtime":4436,"items_purged":["Strike_R","Strike_R","Strike_R"],"score":2859,"play_id":"fec3027b-97e1-41bc-a347-135231214aa9","local_time":"20201222141542","is_ascension_mode":true,"campfire_choices":[{"data":"Bash","floor":6.0,"key":"SMITH"},{"floor":10.0,"key":"REST"},{"data":"True Grit","floor":15.0,"key":"SMITH"},{"data":"Flame Barrier","floor":23.0,"key":"SMITH"},{"floor":27.0,"key":"REST"},{"data":"Immolate","floor":32.0,"key":"SMITH"},{"floor":41,"key":"RECALL"},{"floor":49,"key":"REST"},{"floor":53,"key":"REST"}],"circlet_count":0,"master_deck":["AscendersBane","Strike_R","Defend_R","Defend_R","Defend_R","Defend_R","Bash+1","Berserk+1","Twin Strike","Clothesline","Barricade+1","Flame Barrier+1","True Grit+1","Headbutt+1","Immolate+1","Discovery","Sentinel","Feed+1","True Grit+1","Thunderclap","Ghostly+1","Ghostly+1","Ghostly+1","Demon Form","Metallicize","Rage+1","Finesse+1","Feel No Pain","Dual Wield+1","Warcry+1","Shockwave+1","Seeing Red+1","Twin Strike+1","Shrug It Off+1","Corruption"],"relics":["Burning Blood","Ancient Tea Set","Toy Ornithopter","Oddly Smooth Stone","Runic Pyramid","Bag of Preparation","Toxic Egg 2","Strawberry","Prayer Wheel","MawBank","Fusion Hammer","Anchor","Red Mask","PreservedInsect","Whetstone","Old Coin","Ice Cream","Bottled Tornado","Bag of Marbles","Vajra"],"acts_visited":["Exordium","TheCity","TheBeyond","TheEnding"],"potions_floor_usage":[48,56,56],"damage_taken":[{"damage":2.0,"enemies":"2 Louse","floor":1.0,"turns":4.0},{"damage":12.0,"enemies":"Jaw Worm","floor":3.0,"turns":2.0},{"damage":1.0,"enemies":"Cultist","floor":4.0,"turns":3.0},{"damage":13.0,"enemies":"Red Slaver","floor":7.0,"turns":4.0},{"damage":45.0,"enemies":"3 Sentries","floor":8.0,"turns":9.0},{"damage":7.0,"enemies":"Lagavulin","floor":12.0,"turns":8.0},{"damage":15.0,"enemies":"Exordium Thugs","floor":13.0,"turns":5.0},{"damage":0.0,"enemies":"Blue Slaver","floor":14.0,"turns":4.0},{"damage":11.0,"enemies":"The Guardian","floor":16.0,"turns":13.0},{"damage":21.0,"enemies":"3 Byrds","floor":18.0,"turns":4.0},{"damage":0.0,"enemies":"Chosen","floor":20.0,"turns":5.0},{"damage":14.0,"enemies":"Snake Plant","floor":21.0,"turns":4.0},{"damage":19.0,"enemies":"Gremlin Leader","floor":24.0,"turns":5.0},{"damage":22.0,"enemies":"Centurion and Healer","floor":25.0,"turns":9.0},{"damage":33.0,"enemies":"Slavers","floor":29.0,"turns":6.0},{"damage":12.0,"enemies":"Collector","floor":33.0,"turns":14.0},{"damage":2.0,"enemies":"Orb Walker","floor":35.0,"turns":5.0},{"damage":0.0,"enemies":"3 Shapes","floor":36.0,"turns":6.0},{"damage":1.0,"enemies":"Transient","floor":38.0,"turns":6.0},{"damage":2.0,"enemies":"Jaw Worm Horde","floor":39.0,"turns":6.0},{"damage":2.0,"enemies":"Nemesis","floor":40.0,"turns":15.0},{"damage":7,"enemies":"Reptomancer","floor":44,"turns":8},{"damage":1,"enemies":"Sphere and 2 Shapes","floor":45,"turns":8},{"damage":0,"enemies":"Giant Head","floor":46,"turns":10},{"damage":0,"enemies":"Mind Bloom Boss Battle","floor":47,"turns":7},{"damage":1,"enemies":"Writhing Mass","floor":48,"turns":10},{"damage":5,"enemies":"Time Eater","floor":50,"turns":13},{"damage":4,"enemies":"Donu and Deca","floor":51,"turns":14},{"damage":0,"enemies":"Shield and Spear","floor":55,"turns":8},{"damage":78,"enemies":"The Heart","floor":56,"turns":13}],"seed_played":"8774308181038860716","potions_obtained":[{"floor":1.0,"key":"Explosive Potion"},{"floor":7.0,"key":"ColorlessPotion"},{"floor":12.0,"key":"Strength Potion"},{"floor":24.0,"key":"LiquidMemories"},{"floor":39.0,"key":"Regen Potion"},{"floor":44,"key":"Block Potion"},{"floor":48,"key":"PowerPotion"}],"is_trial":false,"path_per_floor":["M","?","M","M","?","R","M","E","T","R","?","E","M","M","R","B",null,"M","$","M","M","T","R","E","M","T","R","$","E","?","T","R","B",null,"M","M","$","M","M","E","R","?","T","E","M","E","?","M","R","B","B",null,"R","$","E","B",null],"character_chosen":"IRONCLAD","items_purchased":["Bag of Preparation","Discovery","True Grit+1","Finesse+1","Bottled Tornado","Bag of Marbles"],"campfire_rested":4,"item_purchase_floors":[19,19,28,37,54,54],"current_hp_per_floor":[68,68,62,67,60,60,53,14,14,34,34,33,24,30,30,25,57,42,42,48,40,40,40,37,24,24,48,48,29,29,29,29,26,40,47,51,51,51,54,57,57,57,57,59,64,68,72,72,72,76,84,84,84,84,92,44],"gold":35,"neow_bonus":"THREE_RARE_CARDS","is_daily":false,"chose_seed":false,"campfire_upgraded":4,"win_rate":0.0,"timestamp":1608646542,"path_taken":["M","?","M","M","?","R","M","E","T","R","?","E","M","?","R","BOSS","M","$","M","M","?","R","E","M","T","R","?","E","?","?","R","BOSS","M","M","?","M","M","E","R","?","T","E","M","E","?","M","R","BOSS","BOSS","R","$","E","BOSS"],"items_purchased_type":["Relic","Card","Card","Card","Relic","Relic"],"build_version":"2020-12-18","purchased_purges":3,"victory":true,"max_hp_per_floor":[68,68,68,68,68,68,68,68,68,68,68,68,68,68,68,68,68,68,68,68,68,68,68,78,81,81,81,81,84,42,42,42,45,45,48,51,51,51,54,57,57,57,57,60,64,68,72,72,72,76,84,84,84,84,92,96],"relic_stats":{"counters":[30,228],"Prayer Wheel":6,"PreservedInsect":268,"Bag of Preparation":[40],"Whetstone":["Feed","Headbutt"],"MawBank":72,"obtain_stats":[{"Ice Cream":47,"Oddly Smooth Stone":12,"Vajra":55,"PreservedInsect":43,"Bag of Preparation":19,"Whetstone":44,"Bottled Tornado":54,"Ancient Tea Set":8,"MawBank":31,"Burning Blood":0,"Old Coin":46,"keyreminder:keyreminder":26,"Anchor":40,"Strawberry":24,"Prayer Wheel":29,"Fusion Hammer":34,"Red Mask":42,"Bag of Marbles":54,"Toxic Egg 2":22,"Toy Ornithopter":9,"Runic Pyramid":17},{"Ice Cream":25,"Oddly Smooth Stone":6,"Vajra":29,"PreservedInsect":21,"Bag of Preparation":10,"Whetstone":22,"Bottled Tornado":28,"Ancient Tea Set":5,"MawBank":15,"Burning Blood":0,"Old Coin":24,"keyreminder:keyreminder":14,"Anchor":21,"Strawberry":13,"Prayer Wheel":15,"Fusion Hammer":16,"Red Mask":21,"Bag of Marbles":28,"Toxic Egg 2":12,"Toy Ornithopter":5,"Runic Pyramid":9},{"Ice Cream":170,"Oddly Smooth Stone":30,"Vajra":215,"PreservedInsect":137,"Bag of Preparation":56,"Whetstone":145,"Bottled Tornado":207,"Ancient Tea Set":22,"MawBank":85,"Burning Blood":0,"Old Coin":163,"keyreminder:keyreminder":79,"Anchor":137,"Strawberry":70,"Prayer Wheel":85,"Fusion Hammer":99,"Red Mask":137,"Bag of Marbles":207,"Toxic Egg 2":65,"Toy Ornithopter":22,"Runic Pyramid":52}],"Burning Blood":128,"Toy Ornithopter":10},"card_choices":[{"not_picked":["Corruption","Reaper"],"picked":"Berserk","floor":0.0},{"not_picked":["Bloodletting","Body Slam"],"picked":"Twin Strike","floor":1.0},{"not_picked":["Entrench","Cleave","Flex"],"picked":"SKIP","floor":3.0},{"not_picked":["Pommel Strike","Fire Breathing"],"picked":"Clothesline","floor":4.0},{"not_picked":["Heavy Blade","Perfected Strike","Evolve"],"picked":"SKIP","floor":7.0},{"not_picked":["True Grit","Havoc"],"picked":"Barricade","floor":8.0},{"not_picked":["Thunderclap","Clash"],"picked":"Flame Barrier","floor":12.0},{"not_picked":["Sword Boomerang","Body Slam"],"picked":"True Grit","floor":13.0},{"not_picked":["Double Tap","Wild Strike"],"picked":"Headbutt","floor":14.0},{"not_picked":["Fiend Fire","Barricade"],"picked":"Immolate","floor":16.0},{"not_picked":["Clash","Warcry","Body Slam"],"picked":"SKIP","floor":18.0},{"not_picked":["Iron Wave","Cleave"],"picked":"Sentinel","floor":20.0},{"not_picked":["Clash","Ghostly Armor"],"picked":"Feed","floor":21.0},{"not_picked":["Body Slam","Wild Strike","Iron Wave"],"picked":"SKIP","floor":24.0},{"not_picked":["Flex+1","Blood for Blood","Sword Boomerang"],"picked":"SKIP","floor":25.0},{"not_picked":["Heavy Blade","Anger+1"],"picked":"Thunderclap","floor":29.0},{"not_picked":["Barricade","Fiend Fire"],"picked":"Demon Form","floor":33.0},{"not_picked":["Clothesline","Headbutt"],"picked":"Metallicize","floor":35.0},{"not_picked":["Sword Boomerang","Anger","Evolve"],"picked":"SKIP","floor":35.0},{"not_picked":["Anger+1","Warcry+1"],"picked":"Rage+1","floor":36.0},{"not_picked":["Perfected Strike","Anger","Iron Wave"],"picked":"SKIP","floor":36.0},{"not_picked":["Evolve","Clothesline"],"picked":"Feel No Pain","floor":38.0},{"not_picked":["Hemokinesis","Headbutt+1"],"picked":"Dual Wield+1","floor":38.0},{"not_picked":["Cleave","Ghostly Armor+1"],"picked":"Warcry+1","floor":39.0},{"not_picked":["Combust","Sword Boomerang","Sever Soul"],"picked":"SKIP","floor":39.0},{"not_picked":["Pommel Strike","Infernal Blade+1"],"picked":"Shockwave+1","floor":40},{"not_picked":["Clothesline","Headbutt"],"picked":"Seeing Red+1","floor":44},{"not_picked":["Sever Soul","Clash"],"picked":"Twin Strike+1","floor":45},{"not_picked":["Perfected Strike","Double Tap+1","Twin Strike"],"picked":"SKIP","floor":45},{"not_picked":["Wild Strike","Rampage"],"picked":"Shrug It Off+1","floor":46},{"not_picked":["Pummel","Iron Wave+1","Cleave"],"picked":"SKIP","floor":48},{"not_picked":["Armaments+1","Thunderclap","Havoc+1"],"picked":"SKIP","floor":48},{"not_picked":["Warcry+1","Heavy Blade"],"picked":"Corruption","floor":55}],"player_experience":2581985,"relics_obtained":[{"floor":8.0,"key":"Ancient Tea Set"},{"floor":9.0,"key":"Toy Ornithopter"},{"floor":12.0,"key":"Oddly Smooth Stone"},{"floor":22.0,"key":"Toxic Egg 2"},{"floor":24.0,"key":"Strawberry"},{"floor":29.0,"key":"Prayer Wheel"},{"floor":31.0,"key":"MawBank"},{"floor":40,"key":"Anchor"},{"floor":43,"key":"PreservedInsect"},{"floor":44,"key":"Whetstone"},{"floor":46,"key":"Old Coin"},{"floor":47,"key":"Ice Cream"},{"floor":55,"key":"Vajra"}],"event_choices":[{"damage_healed":0.0,"max_hp_gain":0.0,"max_hp_loss":0.0,"gold_gain":0.0,"event_name":"Living Wall","player_choice":"Grow","floor":2.0,"gold_loss":0.0,"damage_taken":0.0,"cards_upgraded":["Berserk"]},{"cards_removed":["Strike_R"],"damage_healed":0.0,"max_hp_gain":0.0,"max_hp_loss":0.0,"gold_gain":0.0,"event_name":"Golden Wing","player_choice":"Card Removal","floor":5.0,"gold_loss":0.0,"damage_taken":7.0},{"damage_healed":0.0,"max_hp_gain":0.0,"max_hp_loss":0.0,"gold_gain":0.0,"event_name":"Upgrade Shrine","player_choice":"Upgraded","floor":11.0,"gold_loss":0.0,"damage_taken":0.0,"cards_upgraded":["Barricade"]},{"damage_healed":0.0,"max_hp_gain":0.0,"max_hp_loss":42.0,"gold_gain":0.0,"event_name":"Ghosts","player_choice":"Became a Ghost","floor":30.0,"gold_loss":0.0,"damage_taken":0.0,"cards_obtained":["Ghostly","Ghostly","Ghostly"]},{"damage_healed":0,"gold_gain":0,"player_choice":"Paid","damage_taken":0,"relics_obtained":["Red Mask"],"max_hp_gain":0,"max_hp_loss":0,"event_name":"Tomb of Lord Red Mask","floor":42,"gold_loss":83},{"damage_healed":0,"gold_gain":0,"player_choice":"Fight","damage_taken":0,"max_hp_gain":0,"max_hp_loss":0,"event_name":"MindBloom","floor":47,"gold_loss":0}],"is_beta":true,"boss_relics":[{"not_picked":["Busted Crown","Velvet Choker"],"picked":"Runic Pyramid"},{"not_picked":["Empty Cage","Black Blood"],"picked":"Fusion Hammer"}],"items_purged_floors":[19,28,37],"is_endless":false,"potions_floor_spawned":[1,7,12,24,25,39,44,45,48,55],"ascension_level":20}}