{"host":"z5io0ac8odoc8bux","time":1608668665,"event":{"mods":["AchievementEnabler","BaseMod","Colored Map","Colored Powertips","Minty Spire (QoL Compilation)","Quick Restart","StSLib"],"gold_per_floor":[115,131,58,78,153,190,190,52,98,98,123,141,162,200,200,310,310,322,322,237,248,270,270,304,313,313,335,335,335],"floor_reached":28,"playtime":1668,"items_purged":["Strike_G"],"score":275,"play_id":"d28dd37f-9d07-46f5-b586-d6b1f4da630c","local_time":"20201222212425","is_ascension_mode":false,"campfire_choices":[{"data":"Neutralize","floor":7.0,"key":"SMITH"},{"data":"Footwork","floor":10.0,"key":"SMITH"},{"floor":15.0,"key":"REST"},{"data":"Noxious Fumes","floor":23.0,"key":"SMITH"}],"circlet_count":0,"master_deck":["Strike_G+1","Strike_G+1","Strike_G+1","Defend_G+1","Defend_G+1","Defend_G+1","Defend_G+1","Defend_G+1","Survivor","Neutralize+1","Well Laid Plans","Sucker Punch","Calculated Gamble","Footwork+1","Deadly Poison","All Out Attack","Backflip","Noxious Fumes+1","Poisoned Stab","Venomology","Calculated Gamble+1","Footwork","Deadly Poison","Tools of the Trade"],"relics":["Ring of the Snake","CeramicFish","Anchor","Matryoshka","SacredBark","Art of War","Nunchaku","HornCleat","Regal Pillow"],"acts_visited":[],"potions_floor_usage":[],"damage_taken":[{"damage":3.0,"enemies":"Jaw Worm","floor":1.0,"turns":6.0},{"damage":4.0,"enemies":"Small Slimes","floor":2.0,"turns":5.0},{"damage":0.0,"enemies":"Cultist","floor":4.0,"turns":4.0},{"damage":11.0,"enemies":"Lagavulin","floor":6.0,"turns":8.0},{"damage":11.0,"enemies":"Gremlin Gang","floor":11.0,"turns":6.0},{"damage":0.0,"enemies":"Blue Slaver","floor":12.0,"turns":4.0},{"damage":0.0,"enemies":"3 Louse","floor":13.0,"turns":3.0},{"damage":20.0,"enemies":"Gremlin Nob","floor":14.0,"turns":4.0},{"damage":7.0,"enemies":"The Guardian","floor":16.0,"turns":9.0},{"damage":4.0,"enemies":"2 Thieves","floor":18.0,"turns":4.0},{"damage":14.0,"enemies":"Spheric Guardian","floor":21.0,"turns":6.0},{"damage":6.0,"enemies":"Shelled Parasite and Fungi","floor":22.0,"turns":8.0},{"damage":0.0,"enemies":"Book of Stabbing","floor":24.0,"turns":6.0},{"damage":10.0,"enemies":"Cultist and Chosen","floor":27.0,"turns":6.0}],"seed_played":"-5947599540365692181","potions_obtained":[{"floor":1.0,"key":"Weak Potion"},{"floor":2.0,"key":"EssenceOfSteel"},{"floor":4.0,"key":"SkillPotion"},{"floor":16.0,"key":"SteroidPotion"},{"floor":18.0,"key":"BlessingOfTheForge"},{"floor":24.0,"key":"AttackPotion"}],"is_trial":false,"path_per_floor":["M","M","$","M","?","E","R","$","T","R","M","M","M","E","R","B",null,"M","?","?","M","M","R","E","?","T","M","R"],"character_chosen":"THE_SILENT","items_purchased":["Footwork","All Out Attack"],"campfire_rested":1,"item_purchase_floors":[3,8],"current_hp_per_floor":[67,63,63,63,52,41,41,41,41,41,30,30,30,10,31,24,70,66,66,66,52,46,46,46,46,46,36,36,36],"gold":335,"neow_bonus":"TRANSFORM_CARD","is_daily":false,"chose_seed":false,"campfire_upgraded":3,"win_rate":0.0,"timestamp":1608668665,"path_taken":["M","M","$","M","?","E","R","$","T","R","M","M","M","E","R","BOSS","M","?","?","M","M","R","E","?","T","M","R"],"items_purchased_type":["Card","Card"],"build_version":"2020-12-13","purchased_purges":1,"victory":false,"max_hp_per_floor":[70,70,70,70,70,70,70,70,70,70,70,70,70,70,70,70,70,70,70,70,70,70,70,70,70,70,70,70,70],"card_choices":[{"not_picked":["Caltrops","Quick Slash"],"picked":"Sucker Punch","floor":1.0},{"not_picked":["Flechettes","Dagger Throw"],"picked":"Calculated Gamble","floor":2.0},{"not_picked":["Deflect","Dagger Throw","Prepared"],"picked":"SKIP","floor":4.0},{"not_picked":["Flying Knee","Dagger Throw"],"picked":"Deadly Poison","floor":6.0},{"not_picked":["Sucker Punch","Bane"],"picked":"Backflip","floor":11.0},{"not_picked":["Prepared","Predator","Backflip"],"picked":"SKIP","floor":12.0},{"not_picked":["Bouncing Flask","Deadly Poison"],"picked":"Noxious Fumes","floor":13.0},{"not_picked":["Dodge and Roll","Phantasmal Killer"],"picked":"Poisoned Stab","floor":14.0},{"not_picked":["Envenom","Phantasmal Killer"],"picked":"Venomology","floor":16.0},{"not_picked":["Underhanded Strike","Flying Knee","Slice"],"picked":"SKIP","floor":18.0},{"not_picked":["Masterful Stab","Dodge and Roll","Dagger Spray"],"picked":"SKIP","floor":21.0},{"not_picked":["Terror","Cloak And Dagger"],"picked":"Calculated Gamble+1","floor":22.0},{"not_picked":["Sucker Punch","Dagger Throw"],"picked":"Footwork","floor":24.0},{"not_picked":["Riddle With Holes","PiercingWail+1"],"picked":"Tools of the Trade","floor":27.0}],"player_experience":365389,"relics_obtained":[{"floor":6.0,"key":"CeramicFish"},{"floor":9.0,"key":"Anchor"},{"floor":14.0,"key":"Matryoshka"},{"floor":24.0,"key":"Nunchaku"},{"floor":26.0,"key":"HornCleat"},{"floor":26.0,"key":"Regal Pillow"}],"event_choices":[{"damage_healed":0.0,"max_hp_gain":0.0,"max_hp_loss":0.0,"gold_gain":75.0,"event_name":"World of Goop","player_choice":"Gather Gold","floor":5.0,"gold_loss":0.0,"damage_taken":11.0},{"damage_healed":0.0,"max_hp_gain":0.0,"max_hp_loss":0.0,"gold_gain":0.0,"event_name":"Back to Basics","player_choice":"Simplicity","floor":19.0,"gold_loss":0.0,"damage_taken":0.0,"cards_upgraded":["Strike_G","Strike_G","Strike_G","Defend_G","Defend_G","Defend_G","Defend_G","Defend_G"]},{"damage_healed":0.0,"max_hp_gain":0.0,"max_hp_loss":0.0,"gold_gain":0.0,"event_name":"Addict","player_choice":"Obtained Relic","floor":20.0,"gold_loss":85.0,"damage_taken":0.0,"relics_obtained":["Art of War"]},{"damage_healed":0.0,"max_hp_gain":0.0,"max_hp_loss":0.0,"gold_gain":0.0,"event_name":"The Library","player_choice":"Read","floor":25.0,"gold_loss":0.0,"damage_taken":0.0,"cards_obtained":["Deadly Poison"]}],"is_beta":false,"boss_relics":[{"not_picked":["Astrolabe","Snecko Eye"],"picked":"SacredBark"}],"items_purged_floors":[8],"is_endless":false,"potions_floor_spawned":[1,2,4,16,18,24],"ascension_level":0}}