{"host":"qxeepl7ydvsgmfdb","time":1608649934,"event":{"mods":["AchievementEnabler","BaseMod","Colored Powertips","Minty Spire (QoL Compilation)","Quick Restart","slay the spire mod where everything is the same but ironclad has a cowboy hat"],"gold_per_floor":[119,119,119,119,134,134,134,152,152,102,118,133,159,177,177,281,281,262,262,278,278,291,308,325,325,325,325,325,343,363,363,363,363,363],"floor_reached":33,"playtime":1113,"items_purged":[],"score":326,"play_id":"e998ca26-5fa3-4898-a910-34b0d0c0f0f8","local_time":"20201222101214","is_ascension_mode":true,"campfire_choices":[{"data":"Slice","floor":6.0,"key":"SMITH"},{"floor":15.0,"key":"REST"},{"floor":25.0,"key":"REST"},{"floor":27.0,"key":"REST"},{"floor":32.0,"key":"REST"}],"circlet_count":0,"master_deck":["Strike_G+1","Strike_G+1","Strike_G+1","Strike_G+1","Strike_G+1","Defend_G+1","Defend_G+1","Defend_G+1","Defend_G+1","Defend_G+1","Survivor","Neutralize","Bane+1","Slice+1","Deadly Poison","Blade Dance","Blade Dance","Bullet Time","Blade Dance","Blade Dance","Noxious Fumes","Blade Dance","Blade Dance+1","Deadly Poison","PiercingWail+1"],"relics":["Ring of the Snake","Centennial Puzzle","Ginger","Toy Ornithopter","War Paint","Bottled Flame","Black Star","Whetstone","Mercury Hourglass"],"acts_visited":["Exordium","TheCity"],"potions_floor_usage":[33],"damage_taken":[{"damage":2.0,"enemies":"Jaw Worm","floor":1.0,"turns":4.0},{"damage":7.0,"enemies":"2 Louse","floor":5.0,"turns":2.0},{"damage":0.0,"enemies":"Cultist","floor":8.0,"turns":3.0},{"damage":12.0,"enemies":"Large Slime","floor":11.0,"turns":6.0},{"damage":10.0,"enemies":"2 Fungi Beasts","floor":12.0,"turns":3.0},{"damage":21.0,"enemies":"Gremlin Nob","floor":13.0,"turns":4.0},{"damage":3.0,"enemies":"Looter","floor":14.0,"turns":2.0},{"damage":42.0,"enemies":"Hexaghost","floor":16.0,"turns":9.0},{"damage":11.0,"enemies":"2 Thieves","floor":18.0,"turns":4.0},{"damage":0.0,"enemies":"Spheric Guardian","floor":20.0,"turns":1.0},{"damage":29.0,"enemies":"3 Cultists","floor":22.0,"turns":5.0},{"damage":12.0,"enemies":"Cultist and Chosen","floor":23.0,"turns":6.0},{"damage":18.0,"enemies":"Centurion and Healer","floor":24.0,"turns":5.0},{"damage":2.0,"enemies":"Snake Plant","floor":29.0,"turns":3.0},{"damage":5.0,"enemies":"Snecko","floor":30.0,"turns":4.0},{"damage":74,"enemies":"Automaton","floor":33,"turns":6}],"seed_played":"-1231108413277923744","potions_obtained":[{"floor":1.0,"key":"Regen Potion"},{"floor":12.0,"key":"SpeedPotion"},{"floor":16.0,"key":"SteroidPotion"},{"floor":22.0,"key":"Explosive Potion"},{"floor":24.0,"key":"BlessingOfTheForge"}],"is_trial":false,"path_per_floor":["M","?","$","?","M","R","?","M","T","?","M","M","E","M","R","B",null,"M","?","M","?","M","M","M","R","T","R","?","M","M","T","R","B"],"character_chosen":"THE_SILENT","items_purchased":[],"campfire_rested":4,"item_purchase_floors":[],"current_hp_per_floor":[68,68,68,65,58,58,58,58,58,58,46,36,37,34,55,13,70,59,59,64,64,35,28,10,31,31,52,52,50,45,45,66,0,0],"gold":363,"neow_bonus":"RANDOM_COMMON_RELIC","is_daily":false,"chose_seed":false,"campfire_upgraded":1,"win_rate":0.0,"timestamp":1608649934,"path_taken":["M","?","$","?","M","R","?","M","T","?","M","M","E","?","R","BOSS","M","?","M","?","M","M","M","R","T","R","?","M","M","?","R","BOSS"],"items_purchased_type":[],"build_version":"2020-12-13","purchased_purges":0,"victory":false,"max_hp_per_floor":[70,70,70,70,70,70,70,70,70,70,70,70,70,70,70,70,70,70,70,70,70,70,70,70,70,70,70,70,70,70,70,70,70,70],"card_choices":[{"not_picked":["Choke","Deflect"],"picked":"Bane","floor":1.0},{"not_picked":["Accuracy","Acrobatics"],"picked":"Slice","floor":5.0},{"not_picked":["Terror","Well Laid Plans"],"picked":"Deadly Poison","floor":8.0},{"not_picked":["Flying Knee","Leg Sweep","Outmaneuver"],"picked":"SKIP","floor":11.0},{"not_picked":["Choke","Dagger Spray"],"picked":"Blade Dance","floor":12.0},{"not_picked":["Finisher","Prepared"],"picked":"Blade Dance","floor":13.0},{"not_picked":["Sucker Punch","Glass Knife","Outmaneuver"],"picked":"SKIP","floor":14.0},{"not_picked":["Wraith Form v2","Night Terror"],"picked":"Bullet Time","floor":16.0},{"not_picked":["Bane","Deadly Poison+1"],"picked":"Blade Dance","floor":18.0},{"not_picked":["Masterful Stab","Noxious Fumes"],"picked":"Blade Dance","floor":20.0},{"not_picked":["Slice","Concentrate"],"picked":"Blade Dance","floor":22.0},{"not_picked":["Terror","Sucker Punch+1"],"picked":"Blade Dance+1","floor":23.0},{"not_picked":["Outmaneuver","Flechettes+1"],"picked":"Deadly Poison","floor":24.0},{"not_picked":["Flying Knee+1","Prepared","Tools of the Trade"],"picked":"SKIP","floor":29.0},{"not_picked":["Dagger Spray","Deflect"],"picked":"PiercingWail+1","floor":30.0}],"player_experience":307707,"relics_obtained":[{"floor":9.0,"key":"War Paint"},{"floor":13.0,"key":"Bottled Flame"},{"floor":26.0,"key":"Whetstone"},{"floor":31.0,"key":"Mercury Hourglass"}],"event_choices":[{"damage_healed":0.0,"max_hp_gain":0.0,"max_hp_loss":0.0,"gold_gain":0.0,"event_name":"Living Wall","player_choice":"Grow","floor":2.0,"gold_loss":0.0,"damage_taken":0.0,"cards_upgraded":["Bane"]},{"damage_healed":0.0,"max_hp_gain":0.0,"max_hp_loss":0.0,"gold_gain":0.0,"event_name":"Scrap Ooze","player_choice":"Success","floor":4.0,"gold_loss":0.0,"damage_taken":3.0,"relics_obtained":["Ginger"]},{"damage_healed":0.0,"max_hp_gain":0.0,"max_hp_loss":0.0,"gold_gain":0.0,"event_name":"Big Fish","player_choice":"Box","floor":7.0,"gold_loss":0.0,"damage_taken":0.0,"relics_obtained":["Toy Ornithopter"],"cards_obtained":["Regret"]},{"cards_removed":["Regret"],"damage_healed":0.0,"max_hp_gain":0.0,"max_hp_loss":0.0,"gold_gain":0.0,"event_name":"The Cleric","player_choice":"Card Removal","floor":10.0,"gold_loss":50.0,"damage_taken":0.0},{"damage_healed":0.0,"max_hp_gain":0.0,"max_hp_loss":0.0,"gold_gain":0.0,"event_name":"Ghosts","player_choice":"Ignored","floor":19.0,"gold_loss":0.0,"damage_taken":0.0},{"damage_healed":0.0,"max_hp_gain":0.0,"max_hp_loss":0.0,"gold_gain":0.0,"event_name":"The Library","player_choice":"Read","floor":21.0,"gold_loss":0.0,"damage_taken":0.0,"cards_obtained":["Noxious Fumes"]},{"damage_healed":0.0,"max_hp_gain":0.0,"max_hp_loss":0.0,"gold_gain":0.0,"event_name":"Back to Basics","player_choice":"Simplicity","floor":28.0,"gold_loss":0.0,"damage_taken":0.0,"cards_upgraded":["Strike_G","Strike_G","Strike_G","Defend_G","Defend_G","Defend_G"]}],"is_beta":false,"boss_relics":[{"not_picked":["SlaversCollar","Cursed Key"],"picked":"Black Star"}],"items_purged_floors":[],"is_endless":false,"potions_floor_spawned":[1,12,16,22,24],"killed_by":"Automaton","ascension_level":4}}