{"host":"en2x92781756fov2","time":1608670292,"event":{"mods":["AchievementEnabler","Aspiration","BaseMod","Clockwork Mod","Colored Map","Conspire","Downfall","Energized Spire","Halation","Highlight Path","Mimic Mod","Minty Spire (QoL Compilation)","Quarter Circle Forward PUNCH!","Quick Restart","Remove Card Discount Mod","Replay The Spire","SIMod","StSLib","[IsaacMod]????","vexMod"],"gold_per_floor":[122,145,227,227,227,227,269,20,43,77,177,177,204,4,4,172,172,207,207,207,207,242,306,352,352,413,27,75,99,119,160,160,188,188],"floor_reached":33,"playtime":2292,"items_purged":["Perfectionism","TenInstruments","FriendOfNature"],"score":259,"play_id":"98c53e01-a8af-49ba-be9d-4fb055f9c3cb","local_time":"20201222155131","is_ascension_mode":false,"campfire_choices":[{"data":"expansioncontent:Flail","floor":6,"key":"SMITH"},{"data":"PinkiePromise","floor":12,"key":"SMITH"},{"floor":15,"key":"DIG"},{"floor":25,"key":"REST"},{"floor":32,"key":"REST"}],"circlet_count":0,"master_deck":["Strike_AJ+1","Strike_TS+1","Strike_RR+1","Strike_RD+1","Defend_TS+1","Defend_FS+1","Defend_AJ+1","ConcertedEfforts","HarmonyShield","expansioncontent:Flail+1","Anxiousness","Dear_Princess","PinkiePromise+1","ThunderCloud","Celebrities","FriendOfNature","FriendOfNature+1","CleanLibrary","Magictrain","Smile","Noxious Fumes+1","LoveMe","ISayNo+1","TasteRainbow","CheerUp","RushToSky","AllByMyself+1","Magic_Beam+1","Overwhelming"],"relics":["The_element_of_harmony","HushsDoor","SalivaCoin","aspiration:Nostalgia","m_SlimeRing","GypsyBard","Omamori","vexMod:ScavengeHelm","halation:EternalFortune","Blue Candle","qcfpunch:Necklace_of_Skulls","Ice Cream"],"acts_visited":["Exordium","TheCity"],"potions_floor_usage":[23,30,33,33],"damage_taken":[{"damage":6,"enemies":"2 Louse","floor":1,"turns":2},{"damage":3,"enemies":"Small Slimes","floor":2,"turns":3},{"damage":8,"enemies":"conspire:RoseBush","floor":7,"turns":6},{"damage":15,"enemies":"Looter","floor":10,"turns":4},{"damage":5,"enemies":"Red Slaver","floor":13,"turns":6},{"damage":28,"enemies":"Hexaghost","floor":16,"turns":11},{"damage":12,"enemies":"conspire:FuzzyDice","floor":18,"turns":6},{"damage":9,"enemies":"Chosen","floor":22,"turns":4},{"damage":26,"enemies":"Gremlin Leader","floor":23,"turns":6},{"damage":17,"enemies":"Snake Plant","floor":24,"turns":5},{"damage":9,"enemies":"Centurion and Healer","floor":26,"turns":5},{"damage":5,"enemies":"Centurion and Healer","floor":28,"turns":1},{"damage":12,"enemies":"Snecko","floor":29,"turns":5},{"damage":5,"enemies":"Snake Plant","floor":30,"turns":2},{"damage":20,"enemies":"Cultist and Chosen","floor":31,"turns":6},{"damage":53,"enemies":"Automaton","floor":33,"turns":6}],"seed_played":"-9102333209592522442","potions_obtained":[{"floor":1,"key":"AttackPotion"},{"floor":7,"key":"SteroidPotion"},{"floor":13,"key":"Strength Potion"},{"floor":29,"key":"SkillPotion"},{"floor":30,"key":"SkillPotion"}],"is_trial":false,"path_per_floor":["M","M","?","?","?","R","M","$","T","M","?","R","M","$","R_BF","B",null,"M","?","?","?","M","E","M","R","MIM","$","M","M","M","M","R","B"],"character_chosen":"TWI_CLASS","items_purchased":["aspiration:Nostalgia","FriendOfNature","AttackPotion","Omamori","Noxious Fumes+1","Ice Cream","Magic_Beam"],"campfire_rested":2,"item_purchase_floors":[8,8,8,14,14,27,27],"current_hp_per_floor":[76,73,62,62,62,62,60,60,60,48,48,48,49,49,49,32,82,70,70,73,73,64,38,27,52,43,43,38,26,27,10,35,0,0],"gold":188,"neow_bonus":"RANDOM_COLORLESS","is_daily":false,"chose_seed":false,"campfire_upgraded":2,"win_rate":0.0,"timestamp":1608670291,"path_taken":["M","M","?","?","?","R","M","$","T","M","?","R","M","$","R_BF","BOSS","M","?","?","?","M","E","M","R","MIM","$","?","?","M","M","R","BOSS"],"items_purchased_type":["Relic","Card","Potion","Relic","Card","Relic","Card"],"build_version":"2020-12-13","purchased_purges":3,"victory":false,"max_hp_per_floor":[82,82,82,82,82,82,82,82,82,82,82,82,82,82,82,82,82,82,82,85,85,85,85,85,85,85,85,85,85,85,85,85,85,85],"card_choices":[{"not_picked":["Impatience","Swift Strike"],"picked":"expansioncontent:Flail","floor":0},{"not_picked":["Honesty"],"picked":"Anxiousness","floor":1},{"not_picked":["Laughter"],"picked":"Dear_Princess","floor":1},{"not_picked":["PinkiePromise"],"picked":"FriendOfNature","floor":2},{"not_picked":["Winterwrapup"],"picked":"PinkiePromise","floor":2},{"not_picked":["ServeMeal"],"picked":"ThunderCloud","floor":7},{"not_picked":["Anxiousness"],"picked":"Celebrities","floor":7},{"not_picked":["Louder"],"picked":"CleanLibrary","floor":10},{"not_picked":["FriendOfNature","Dear_Princess"],"picked":"SKIP","floor":10},{"not_picked":["Generousity"],"picked":"Magictrain","floor":13},{"not_picked":["Dear_Princess"],"picked":"Smile","floor":13},{"not_picked":["InspirationRecovery"],"picked":"LoveMe","floor":16},{"not_picked":["FarmExpert+1"],"picked":"ISayNo+1","floor":18},{"not_picked":["Magic+1","Whining"],"picked":"SKIP","floor":18},{"not_picked":["Anxiousness"],"picked":"TenInstruments","floor":22},{"not_picked":["AllByMyself"],"picked":"TasteRainbow","floor":22},{"not_picked":["BigDeal"],"picked":"CheerUp","floor":23},{"not_picked":["ReinventMyself","PinkiePromise"],"picked":"SKIP","floor":23},{"not_picked":["RashStunts"],"picked":"RushToSky","floor":24},{"not_picked":["Batlization","DynamicVision"],"picked":"SKIP","floor":24},{"not_picked":["Magictrain"],"picked":"AllByMyself+1","floor":26},{"not_picked":["ServeMeal+1","Lasso"],"picked":"SKIP","floor":28},{"not_picked":["Smile","ThrowingApples"],"picked":"SKIP","floor":28},{"not_picked":["Tornado"],"picked":"Overwhelming","floor":29},{"not_picked":["ServeMeal","ISayNo"],"picked":"SKIP","floor":29},{"not_picked":["CheerUp","RunningOfTheLeaves"],"picked":"SKIP","floor":30},{"not_picked":["Tornado","Return_To_Past"],"picked":"SKIP","floor":30},{"not_picked":["Celebrities","FollowTherRainbow+1"],"picked":"SKIP","floor":31},{"not_picked":["Yay","RunningOfTheLeaves+1"],"picked":"SKIP","floor":31}],"player_experience":2010913,"relics_obtained":[{"floor":9,"key":"GypsyBard"},{"floor":15,"key":"vexMod:ScavengeHelm"},{"floor":23,"key":"Blue Candle"},{"floor":26,"key":"qcfpunch:Necklace_of_Skulls"}],"event_choices":[{"damage_healed":0,"gold_gain":75,"player_choice":"Gather Gold","damage_taken":11,"max_hp_gain":0,"max_hp_loss":0,"event_name":"World of Goop","floor":3,"gold_loss":0},{"damage_healed":0,"gold_gain":0,"cards_transformed":["Defend_PP"],"player_choice":"Transformed","damage_taken":0,"max_hp_gain":0,"max_hp_loss":0,"event_name":"Transmorgrifier","floor":5,"gold_loss":0,"cards_obtained":["Perfectionism"]},{"damage_healed":0,"gold_gain":100,"player_choice":"Gold","damage_taken":0,"max_hp_gain":0,"max_hp_loss":0,"event_name":"Wheel of Change","floor":11,"gold_loss":0},{"damage_healed":0,"gold_gain":0,"player_choice":"Simplicity","damage_taken":0,"max_hp_gain":0,"max_hp_loss":0,"event_name":"Back to Basics","floor":19,"gold_loss":0,"cards_upgraded":["Strike_AJ","Strike_TS","Strike_RR","Strike_RD","Defend_TS","Defend_FS","Defend_AJ"]}],"is_beta":false,"boss_relics":[{"not_picked":["vexMod:MegatonBomb","Runic Dome","halation:CatFaceCupcake"]}],"items_purged_floors":[8,27,27],"is_endless":false,"potions_floor_spawned":[1,7,13,18,29,30],"killed_by":"Automaton","ascension_level":0}}