{"host":"j49z5jz0n7e8vjox","time":1608651614,"event":{"mods":["AchievementEnabler","BaseMod","Bestiary","Colored Map","Colored Powertips","DeckTracker","Minty Spire (QoL Compilation)","UnlockEverythingMod"],"gold_per_floor":[118,136,136,151,162,162,192,208,234,234,14,48,58,74,74,74,74],"floor_reached":16,"playtime":2941,"items_purged":[],"score":228,"play_id":"09e9eaa4-b248-4b8c-a905-20bb2304dd9f","local_time":"20201222094014","is_ascension_mode":true,"campfire_choices":[{"data":"Zap","floor":6,"key":"SMITH"},{"data":"Cold Snap","floor":15,"key":"SMITH"}],"circlet_count":0,"master_deck":["AscendersBane","Strike_B","Strike_B","Strike_B","Strike_B","Defend_B","Defend_B","Defend_B","Defend_B","Zap+1","Dualcast","Go for the Eyes","Glacier+1","Steam","Conserve Battery","Cold Snap+1","Steam"],"relics":["Busted Crown","Centennial Puzzle","Potion Belt","ClockworkSouvenir","Juzu Bracelet"],"acts_visited":["Exordium"],"potions_floor_usage":[16],"damage_taken":[{"damage":7,"enemies":"Jaw Worm","floor":1,"turns":4},{"damage":1,"enemies":"2 Louse","floor":2,"turns":3},{"damage":0,"enemies":"Cultist","floor":4,"turns":4},{"damage":0,"enemies":"2 Fungi Beasts","floor":5,"turns":4},{"damage":20,"enemies":"Lagavulin","floor":7,"turns":11},{"damage":0,"enemies":"Looter","floor":8,"turns":4},{"damage":19,"enemies":"Gremlin Nob","floor":12,"turns":6},{"damage":0,"enemies":"Lots of Slimes","floor":13,"turns":6},{"damage":0,"enemies":"Blue Slaver","floor":14,"turns":4},{"damage":38,"enemies":"Slime Boss","floor":16,"turns":7}],"seed_played":"1522516866332483889","potions_obtained":[{"floor":2,"key":"Energy Potion"},{"floor":5,"key":"Swift Potion"},{"floor":14,"key":"Energy Potion"}],"is_trial":false,"path_per_floor":["M","M","?","M","M","R","E","M","T","?","$","E","M","M","R","B"],"character_chosen":"DEFECT","items_purchased":["ClockworkSouvenir","Cold Snap"],"campfire_rested":0,"item_purchase_floors":[11,11],"current_hp_per_floor":[57,56,71,71,71,71,51,51,51,51,51,32,32,32,32,0,0],"gold":74,"neow_bonus":"BOSS_RELIC","is_daily":false,"chose_seed":false,"campfire_upgraded":2,"win_rate":0.0,"timestamp":1608651614,"path_taken":["M","M","?","M","M","R","E","M","T","?","$","E","M","M","R","BOSS"],"items_purchased_type":["Relic","Card"],"build_version":"2020-12-13","purchased_purges":0,"victory":false,"max_hp_per_floor":[71,71,71,71,71,71,71,71,71,71,71,71,71,71,71,71,71],"card_choices":[{"not_picked":[],"picked":"Go for the Eyes","floor":1},{"not_picked":[],"picked":"Glacier","floor":2},{"not_picked":["Force Field"],"picked":"SKIP","floor":4},{"not_picked":["Heatsinks"],"picked":"SKIP","floor":5},{"not_picked":[],"picked":"Steam","floor":7},{"not_picked":[],"picked":"Conserve Battery","floor":8},{"not_picked":["Stack"],"picked":"SKIP","floor":12},{"not_picked":["Storm"],"picked":"SKIP","floor":13},{"not_picked":[],"picked":"Steam","floor":14}],"player_experience":719015,"relics_obtained":[{"floor":7,"key":"Centennial Puzzle"},{"floor":9,"key":"Potion Belt"},{"floor":12,"key":"Juzu Bracelet"}],"event_choices":[{"damage_healed":23,"gold_gain":0,"player_choice":"Banana","damage_taken":0,"max_hp_gain":0,"max_hp_loss":0,"event_name":"Big Fish","floor":3,"gold_loss":0},{"damage_healed":0,"gold_gain":0,"player_choice":"Upgraded","damage_taken":0,"max_hp_gain":0,"max_hp_loss":0,"event_name":"Upgrade Shrine","floor":10,"gold_loss":0,"cards_upgraded":["Glacier"]}],"is_beta":false,"boss_relics":[],"items_purged_floors":[],"is_endless":false,"potions_floor_spawned":[2,5,8,14],"killed_by":"Slime Boss","ascension_level":20}}