{"host":"mqhvlr3kpxebko0t","time":1608606158,"event":{"mods":["AchievementEnabler","BaseMod","Colored Map","Colored Powertips","Keyboard Shortcuts","Minty Spire (QoL Compilation)","StSLib","SuperFastMode"],"gold_per_floor":[117,117,128,140,190,190,205,216,216,216,232,251,251,29,29,29,29],"floor_reached":16,"playtime":259,"items_purged":["Defend_G"],"score":165,"play_id":"10ca3fa0-43a1-4c85-bd82-cf1f87fa4812","local_time":"20201222120238","is_ascension_mode":true,"campfire_choices":[{"data":"Dagger Spray","floor":6,"key":"SMITH"},{"data":"Cloak And Dagger","floor":10,"key":"SMITH"},{"data":"Reflex","floor":13,"key":"SMITH"},{"data":"Neutralize","floor":15,"key":"SMITH"}],"circlet_count":0,"master_deck":["AscendersBane","Strike_G","Strike_G","Strike_G","Defend_G","Defend_G","Defend_G","Defend_G","Survivor","Neutralize+1","Backflip","Dagger Spray+1","Cloak And Dagger+1","Reflex+1"],"relics":["Ring of the Snake","MealTicket","Omamori"],"acts_visited":["Exordium"],"potions_floor_usage":[7,16,16],"damage_taken":[{"damage":3,"enemies":"Jaw Worm","floor":1,"turns":6},{"damage":3,"enemies":"Cultist","floor":3,"turns":5},{"damage":8,"enemies":"Small Slimes","floor":4,"turns":3},{"damage":6,"enemies":"Exordium Thugs","floor":7,"turns":5},{"damage":10,"enemies":"Looter","floor":8,"turns":4},{"damage":0,"enemies":"3 Louse","floor":11,"turns":2},{"damage":0,"enemies":"Blue Slaver","floor":12,"turns":5},{"damage":42,"enemies":"The Guardian","floor":16,"turns":12}],"seed_played":"1980148715896313837","potions_obtained":[{"floor":3,"key":"CunningPotion"},{"floor":4,"key":"Ancient Potion"},{"floor":7,"key":"EntropicBrew"}],"is_trial":false,"path_per_floor":["M","?","M","M","?","R","M","M","T","R","M","M","R","$","R","B"],"character_chosen":"THE_SILENT","items_purchased":["Omamori"],"campfire_rested":0,"item_purchase_floors":[14],"current_hp_per_floor":[56,56,53,45,45,45,39,29,29,29,29,29,29,44,44,2,2],"gold":29,"neow_bonus":"REMOVE_CARD","is_daily":false,"chose_seed":false,"campfire_upgraded":4,"win_rate":0.0,"timestamp":1608606158,"path_taken":["M","?","?","M","?","R","M","M","T","R","M","M","R","?","R","BOSS"],"items_purchased_type":["Relic"],"build_version":"2020-12-13","purchased_purges":1,"victory":false,"max_hp_per_floor":[66,66,66,66,66,66,66,66,66,66,66,66,66,66,66,66,66],"card_choices":[{"not_picked":["Slice","Underhanded Strike"],"picked":"Backflip","floor":1},{"not_picked":["Bane","Deflect"],"picked":"Dagger Spray","floor":3},{"not_picked":["Eviscerate","Dodge and Roll","Acrobatics"],"picked":"SKIP","floor":4},{"not_picked":["Sucker Punch","Night Terror","Riddle With Holes"],"picked":"SKIP","floor":7},{"not_picked":["PiercingWail","Backflip"],"picked":"Cloak And Dagger","floor":8},{"not_picked":["Backflip","Outmaneuver"],"picked":"Reflex","floor":11},{"not_picked":["Bane","Slice","Acrobatics"],"picked":"SKIP","floor":12}],"player_experience":672897,"relics_obtained":[{"floor":9,"key":"MealTicket"}],"event_choices":[{"cards_removed":["Strike_G"],"damage_healed":0,"gold_gain":0,"player_choice":"Purged","damage_taken":0,"max_hp_gain":0,"max_hp_loss":0,"event_name":"Purifier","floor":2,"gold_loss":0},{"damage_healed":0,"gold_gain":50,"player_choice":"Pray","damage_taken":0,"max_hp_gain":0,"max_hp_loss":0,"event_name":"Golden Shrine","floor":5,"gold_loss":0}],"is_beta":false,"boss_relics":[],"items_purged_floors":[14],"is_endless":false,"potions_floor_spawned":[3,4,7,11],"killed_by":"The Guardian","ascension_level":15}}