{"host":"dpbezu80jg8zk7un","time":1608669678,"event":{"mods":["BaseMod","Colored Map","Colored Powertips","Custom Start","DeckTracker","Minty Spire (QoL Compilation)","Quick Restart","StSLib","SuperFastMode"],"gold_per_floor":[110,128,53,70,70,70,70,70,122,153,153,163,173,198,198,275,275,285,200,100,115,28,53,53,84,84,9,9,42,57,101,101,101,101],"floor_reached":33,"playtime":852,"items_purged":["Defend_P","Strike_P"],"score":722,"play_id":"c93e5c8c-6b9e-441b-9ba5-442342719581","local_time":"20201223054118","is_ascension_mode":true,"campfire_choices":[{"data":"Apotheosis","floor":6.0,"key":"SMITH"},{"data":"Eruption","floor":8.0,"key":"SMITH"},{"data":"Adaptation","floor":11.0,"key":"SMITH"},{"floor":15.0,"key":"RECALL"},{"data":"MentalFortress","floor":24.0,"key":"SMITH"},{"data":"Vault","floor":28.0,"key":"SMITH"},{"data":"Vault","floor":32,"key":"SMITH"}],"circlet_count":0,"master_deck":["AscendersBane","Strike_P","Strike_P","Defend_P","Defend_P","Eruption+1","Vigilance","Apotheosis+1","Adaptation+1","WheelKick","Conclude","Establishment","Vault+1","MentalFortress+1","Vault+1"],"relics":["PureWater","Omamori","Centennial Puzzle","SacredBark","Oddly Smooth Stone","Nunchaku","CeramicFish","Pear","Red Mask","Eternal Feather"],"acts_visited":["Exordium","TheCity"],"potions_floor_usage":[31,31],"damage_taken":[{"damage":0.0,"enemies":"Jaw Worm","floor":1.0,"turns":3.0},{"damage":2.0,"enemies":"2 Louse","floor":2.0,"turns":4.0},{"damage":14.0,"enemies":"Small Slimes","floor":4.0,"turns":4.0},{"damage":8.0,"enemies":"Lagavulin","floor":10.0,"turns":8.0},{"damage":3.0,"enemies":"Blue Slaver","floor":12.0,"turns":4.0},{"damage":0.0,"enemies":"2 Fungi Beasts","floor":13.0,"turns":2.0},{"damage":11.0,"enemies":"Gremlin Nob","floor":14.0,"turns":3.0},{"damage":0.0,"enemies":"Slime Boss","floor":16.0,"turns":5.0},{"damage":1.0,"enemies":"Shell Parasite","floor":18.0,"turns":3.0},{"damage":3.0,"enemies":"3 Byrds","floor":21.0,"turns":4.0},{"damage":4.0,"enemies":"Gremlin Leader","floor":23.0,"turns":5.0},{"damage":1.0,"enemies":"Book of Stabbing","floor":25.0,"turns":5.0},{"damage":0.0,"enemies":"Masked Bandits","floor":29.0,"turns":3.0},{"damage":10.0,"enemies":"Shelled Parasite and Fungi","floor":30.0,"turns":4.0},{"damage":12,"enemies":"Gremlin Leader","floor":31,"turns":5},{"damage":51,"enemies":"Collector","floor":33,"turns":8}],"seed_played":"1062196614716343384","potions_obtained":[{"floor":1.0,"key":"DuplicationPotion"},{"floor":2.0,"key":"Explosive Potion"},{"floor":14.0,"key":"SteroidPotion"},{"floor":21.0,"key":"Energy Potion"},{"floor":30.0,"key":"StancePotion"}],"is_trial":false,"path_per_floor":["M","M","$","M","?","R","?","R","T","E","R","M","M","E","R","B",null,"M","?","$","M","$","E","R","E","T","?","R","?","M","E","R","B"],"character_chosen":"WATCHER","items_purchased":["MentalFortress"],"campfire_rested":0,"item_purchase_floors":[22],"current_hp_per_floor":[61,59,59,45,45,45,50,50,50,42,42,39,39,28,28,28,57,56,56,56,53,53,49,49,48,58,58,58,58,48,36,45,0,0],"gold":101,"neow_bonus":"RANDOM_COLORLESS_2","is_daily":false,"chose_seed":false,"campfire_upgraded":6,"win_rate":0.0,"timestamp":1608669678,"path_taken":["M","M","$","M","?","R","?","R","T","E","R","M","M","E","R","BOSS","M","?","$","M","$","E","R","E","T","?","R","?","M","E","R","BOSS"],"items_purchased_type":["Card"],"build_version":"2020-12-13","purchased_purges":2,"victory":false,"max_hp_per_floor":[62,62,62,62,62,62,67,67,67,67,67,67,67,67,67,67,67,67,67,67,67,67,67,67,67,77,77,77,77,77,77,77,77,77],"card_choices":[{"not_picked":["Mayhem","Panache"],"picked":"Apotheosis","floor":0.0},{"not_picked":["Collect","ReachHeaven","Protect"],"picked":"SKIP","floor":1.0},{"not_picked":["JustLucky","Fasting2"],"picked":"Adaptation","floor":2.0},{"not_picked":["SignatureMove","Swivel","ReachHeaven"],"picked":"SKIP","floor":4.0},{"not_picked":["Pray","JustLucky","CutThroughFate"],"picked":"SKIP","floor":10.0},{"not_picked":["LikeWater","BowlingBash"],"picked":"WheelKick","floor":12.0},{"not_picked":["FlurryOfBlows","Consecrate"],"picked":"Conclude","floor":13.0},{"not_picked":["CutThroughFate","Fasting2"],"picked":"Establishment","floor":14.0},{"not_picked":["DevaForm","Brilliance"],"picked":"Vault","floor":16.0},{"not_picked":["ReachHeaven","Consecrate","EmptyFist"],"picked":"SKIP","floor":18.0},{"not_picked":["CrushJoints","FlurryOfBlows","BattleHymn"],"picked":"SKIP","floor":21.0},{"not_picked":["JustLucky","Vengeance","Wallop"],"picked":"SKIP","floor":23.0},{"not_picked":["Conclude","Halt","JustLucky"],"picked":"SKIP","floor":25.0},{"not_picked":["LikeWater","Collect","FollowUp"],"picked":"SKIP","floor":30.0},{"not_picked":["Indignation","FollowUp"],"picked":"Vault","floor":31}],"player_experience":2772901,"relics_obtained":[{"floor":10.0,"key":"Omamori"},{"floor":14.0,"key":"Centennial Puzzle"},{"floor":23.0,"key":"Nunchaku"},{"floor":25.0,"key":"CeramicFish"},{"floor":26.0,"key":"Pear"},{"floor":29.0,"key":"Red Mask"},{"floor":31,"key":"Eternal Feather"}],"event_choices":[{"cards_removed":["Strike_P"],"damage_healed":0.0,"max_hp_gain":0.0,"max_hp_loss":0.0,"gold_gain":0.0,"event_name":"Living Wall","player_choice":"Forget","floor":5.0,"gold_loss":0.0,"damage_taken":0.0},{"damage_healed":0.0,"max_hp_gain":5.0,"max_hp_loss":0.0,"gold_gain":0.0,"event_name":"Big Fish","player_choice":"Donut","floor":7.0,"gold_loss":0.0,"damage_taken":0.0},{"damage_healed":0.0,"max_hp_gain":0.0,"max_hp_loss":0.0,"gold_gain":0.0,"event_name":"Addict","player_choice":"Obtained Relic","floor":19.0,"gold_loss":85.0,"damage_taken":0.0,"relics_obtained":["Oddly Smooth Stone"]},{"cards_removed":["Defend_P"],"damage_healed":0.0,"max_hp_gain":0.0,"max_hp_loss":0.0,"gold_gain":0.0,"event_name":"Beggar","player_choice":"Gave Gold","floor":27.0,"gold_loss":75.0,"damage_taken":0.0},{"damage_healed":0.0,"max_hp_gain":0.0,"max_hp_loss":0.0,"gold_gain":0.0,"event_name":"Masked Bandits","player_choice":"Fought Bandits","floor":29.0,"gold_loss":0.0,"damage_taken":0.0}],"is_beta":false,"boss_relics":[{"not_picked":["Snecko Eye","Ectoplasm"],"picked":"SacredBark"}],"items_purged_floors":[3,20],"is_endless":false,"potions_floor_spawned":[1,2,14,21,30],"killed_by":"Collector","ascension_level":20}}