{"host":"tgxjhppmfnb48qou","time":1608620240,"event":{"mods":["Aspiration","BaseMod","Better Altar","Better Note","Better Sensory Stone","Better Silent Start","Better Skull","Better Third Choice","CapriCore","Conspire","Curses Come First","Energized Spire","GifTheSpireLib","Gremlin Skip","Hubris","Infinite Spire","Minty Spire (QoL Compilation)","Permanent Neow","Quick Restart","Replay The Spire","Spicy Shops","StSLib","vexMod","???????????mod"],"gold_per_floor":[117,177,194,214,233,268,279,279,279,298,310,328,5,5,5],"floor_reached":14,"playtime":827,"items_purged":[],"score":96,"play_id":"41bcdb85-e069-4e70-a1c5-291ade46138b","local_time":"20201221235720","is_ascension_mode":false,"campfire_choices":[],"circlet_count":0,"master_deck":["Strike_G","Strike_G","Strike_G","Strike_G","Defend_G","Defend_G","Defend_G","Defend_G","Survivor","Neutralize","Concentrate+1","Sucker Punch","Noxious Fumes+1","Reflex","Quick Slash","Deflect","ReplayTheSpireMod:Scrap Shanks","Eviscerate","Deflect","Dagger Throw","Injury"],"relics":["vexMod:CursedCompass","Dream Catcher","Replay:Kaleidoscope","Singing Bowl","Guide Book"],"acts_visited":["Exordium"],"potions_floor_usage":[5,5,6,10,12,12,14],"damage_taken":[{"damage":1,"enemies":"Jaw Worm","floor":1,"turns":6},{"damage":0,"enemies":"conspire:RoseBush","floor":3,"turns":3},{"damage":1,"enemies":"2 Louse","floor":4,"turns":3},{"damage":5,"enemies":"Exordium Thugs","floor":5,"turns":4},{"damage":27,"enemies":"3 Sentries","floor":6,"turns":9},{"damage":5,"enemies":"Blue Slaver","floor":7,"turns":4},{"damage":0,"enemies":"2 Fungi Beasts","floor":10,"turns":3},{"damage":0,"enemies":"Red Slaver","floor":11,"turns":2},{"damage":2,"enemies":"3 Louse","floor":12,"turns":3},{"damage":14,"enemies":"Gremlin Nob","floor":14,"turns":3}],"seed_played":"3323004027038529006","potions_obtained":[{"floor":1,"key":"SpeedPotion"},{"floor":2,"key":"PowerPotion"},{"floor":2,"key":"Poison Potion"},{"floor":6,"key":"SkillPotion"},{"floor":10,"key":"Adrenaline Potion"},{"floor":11,"key":"Poison Potion"},{"floor":12,"key":"BlessingOfTheForge"}],"is_trial":false,"path_per_floor":["M","?","M","M","M","E","M","?","T","M","M","M","$","E"],"character_chosen":"THE_SILENT","items_purchased":["Singing Bowl","Guide Book"],"campfire_rested":0,"item_purchase_floors":[13,13],"current_hp_per_floor":[69,52,52,51,46,19,14,14,14,14,14,12,12,0,0],"gold":5,"neow_bonus":"BOSS_RELIC","is_daily":false,"chose_seed":false,"campfire_upgraded":0,"win_rate":0.0,"timestamp":1608620240,"path_taken":["M","?","M","M","M","E","M","?","T","M","M","?","$","E"],"items_purchased_type":["Relic","Relic"],"build_version":"2020-12-13","purchased_purges":0,"victory":false,"max_hp_per_floor":[70,70,70,70,70,70,70,70,70,70,70,70,70,70,70],"card_choices":[{"not_picked":["Backstab","Bane"],"picked":"Concentrate","floor":1},{"not_picked":["Flechettes","Dodge and Roll"],"picked":"Sucker Punch","floor":2},{"not_picked":["Flying Knee","Sucker Punch"],"picked":"Noxious Fumes","floor":3},{"not_picked":["Dash","Dagger Throw"],"picked":"Reflex","floor":4},{"not_picked":["Toxin Wave","Flying Knee"],"picked":"Quick Slash","floor":5},{"not_picked":["Bane","Flechettes"],"picked":"Deflect","floor":6},{"not_picked":["Dagger Throw","Dagger Spray"],"picked":"ReplayTheSpireMod:Scrap Shanks","floor":7},{"not_picked":["Crippling Poison","Venomology"],"picked":"Eviscerate","floor":10},{"not_picked":["Flying Knee","Accuracy"],"picked":"Deflect","floor":11},{"not_picked":["hubris:SlightOfHand","Backstab"],"picked":"Dagger Throw","floor":12}],"player_experience":29206,"relics_obtained":[{"floor":2,"key":"Dream Catcher"},{"floor":6,"key":"Replay:Kaleidoscope"}],"event_choices":[{"cards_removed":["Strike_G"],"damage_healed":0,"gold_gain":0,"player_choice":"Give","damage_taken":0,"max_hp_gain":0,"max_hp_loss":0,"event_name":"betterNote:BetterNote","floor":8,"gold_loss":0,"cards_obtained":["None"]}],"is_beta":false,"boss_relics":[],"items_purged_floors":[],"is_endless":false,"potions_floor_spawned":[1,6,10,11,12],"killed_by":"Gremlin Nob","ascension_level":0}}