{"host":"2461dio7vetlq1z3","time":1608600483,"event":{"mods":["2.2 Compatiblity","AchievementEnabler","BaseMod","Better Third Choice","Hermit","Minty Spire (QoL Compilation)","Relic Stats","Replay The Spire","Spicy Shops","StSLib","Waifu the Spire"],"gold_per_floor":[164,164,32,32,49,49,61,90,90,90,123,148,182,6,6,6,6],"floor_reached":16,"playtime":627,"items_purged":["Strike_R","Strike_R"],"score":282,"play_id":"0e2f9dd3-ea92-4884-80bd-593b9420b321","local_time":"20201222022803","is_ascension_mode":true,"campfire_choices":[{"data":"Whirlwind","floor":6,"key":"SMITH"},{"data":"Carnage","floor":10,"key":"SMITH"},{"data":"Armaments","floor":15,"key":"SMITH"}],"circlet_count":0,"master_deck":["AscendersBane","Strike_R","Strike_R","Strike_R+1","Defend_R","Defend_R","Defend_R+1","Defend_R","Bash","Run Through","Iron Wave","Whirlwind+1","Whirlwind","Feel No Pain","Carnage+1","True Grit","Shockwave+1","Armaments+1","Anger"],"relics":["Tiny House","FaceOfCleric","HornCleat","Bronze Scales","Pet Ghost","War Paint","ReplayTheSpireMod:Spearhead"],"acts_visited":["Exordium"],"potions_floor_usage":[13,16,16],"damage_taken":[{"damage":3,"enemies":"2 Louse","floor":1,"turns":3},{"damage":1,"enemies":"Cultist","floor":5,"turns":3},{"damage":11,"enemies":"Jaw Worm","floor":7,"turns":4},{"damage":27,"enemies":"Gremlin Nob","floor":8,"turns":4},{"damage":10,"enemies":"3 Sentries","floor":11,"turns":4},{"damage":0,"enemies":"Gremlin Nob","floor":13,"turns":3},{"damage":37,"enemies":"Fading Forest","floor":16,"turns":10}],"seed_played":"-4428645980328086106","potions_obtained":[{"floor":0,"key":"Ancient Potion"},{"floor":11,"key":"SteroidPotion"},{"floor":13,"key":"LiquidBronze"}],"is_trial":false,"path_per_floor":["M","?","$","$","M","R","M","E","T","R","E","T","E","$","R","B"],"character_chosen":"IRONCLAD","items_purchased":["Whirlwind","Anger"],"campfire_rested":0,"item_purchase_floors":[3,14],"current_hp_per_floor":[70,70,70,70,70,70,60,34,34,34,25,25,26,26,26,0,0],"gold":6,"neow_bonus":"BOSS_RELIC","is_daily":false,"chose_seed":false,"campfire_upgraded":3,"win_rate":0.0,"timestamp":1608600483,"path_taken":["M","?","?","$","M","R","M","E","T","R","E","?","E","?","R","BOSS"],"items_purchased_type":["Card","Card"],"build_version":"2020-12-13","purchased_purges":2,"victory":false,"max_hp_per_floor":[80,80,80,80,81,81,82,83,83,83,84,84,85,85,85,85,85],"relic_stats":{"FaceOfCleric":5,"counters":[7,31],"Bronze Scales":[34],"War Paint":["Shockwave","Defend_R"],"obtain_stats":[{"ReplayTheSpireMod:Spearhead":13,"Tiny House":0,"HornCleat":8,"FaceOfCleric":2,"Bronze Scales":9,"War Paint":12,"Burning Blood":0,"Pet Ghost":11},{"ReplayTheSpireMod:Spearhead":6,"Tiny House":0,"HornCleat":4,"FaceOfCleric":1,"Bronze Scales":4,"War Paint":5,"Burning Blood":0,"Pet Ghost":5},{"ReplayTheSpireMod:Spearhead":21,"Tiny House":0,"HornCleat":14,"FaceOfCleric":3,"Bronze Scales":14,"War Paint":18,"Burning Blood":0,"Pet Ghost":18}]},"card_choices":[{"not_picked":["ReplayTheSpireMod:Strike From Hell","Flex"],"picked":"Run Through","floor":0},{"not_picked":["Infernal Blade","Rupture"],"picked":"Iron Wave","floor":1},{"not_picked":["Clothesline","Replay:Undeath\u0027s Touch"],"picked":"Feel No Pain","floor":5},{"not_picked":["Reckless Charge","ReplayTheSpireMod:Corrosion Curse"],"picked":"Carnage","floor":7},{"not_picked":["Wild Strike","Flex"],"picked":"True Grit","floor":8},{"not_picked":["Rupture","Hemogenesis"],"picked":"Shockwave","floor":11},{"not_picked":["Body Slam","Power Through"],"picked":"Armaments","floor":13}],"player_experience":826954,"relics_obtained":[{"floor":8,"key":"HornCleat"},{"floor":9,"key":"Bronze Scales"},{"floor":11,"key":"Pet Ghost"},{"floor":12,"key":"War Paint"},{"floor":13,"key":"ReplayTheSpireMod:Spearhead"}],"event_choices":[{"damage_healed":0,"gold_gain":0,"player_choice":"Trade","damage_taken":0,"relics_obtained":["FaceOfCleric"],"max_hp_gain":0,"max_hp_loss":0,"event_name":"FaceTrader","floor":2,"gold_loss":0}],"is_beta":false,"boss_relics":[],"items_purged_floors":[3,14],"is_endless":false,"potions_floor_spawned":[11,13],"killed_by":"Fading Forest","ascension_level":20}}