{"host":"llpusn9usp8rznkj","time":1608596305,"event":{"mods":["2.2 Compatiblity","Aspiration","BaseMod","Colored Map","Colored Powertips","Conspire","Hubris","Minty Spire (QoL Compilation)","Rare Cards Sparkle","Replay The Spire","StSLib","The Cursed"],"gold_per_floor":[117,117,132,102,115,144,168,168,168,168,168,210,210,236,236,320,320,347,361,277,29,56,103,103,130,155,201,227,275,313,364,364,453,453,485,494,525,551,551,597,597,622,622,622,645,645,266,309,309,309,309],"floor_reached":50,"playtime":2913,"items_purged":["Strike_B","Decay"],"score":1276,"play_id":"b4cb71b5-4ee7-409d-af83-95c6c1211ed4","local_time":"20201221191825","is_ascension_mode":true,"campfire_choices":[{"data":"Blizzard","floor":8.0,"key":"SMITH"},{"data":"Dualcast","floor":10.0,"key":"SMITH"},{"data":"Mirror Shield","floor":13.0,"key":"SMITH"},{"data":"Machine Learning","floor":15.0,"key":"SMITH"},{"floor":24.0,"key":"REST"},{"data":"Creative AI","floor":32.0,"key":"SMITH"},{"floor":46,"key":"RECALL"},{"data":"ReplayTheSpireMod:Calculation Training","floor":49,"key":"SMITH"}],"circlet_count":0,"master_deck":["AscendersBane","Strike_B","Defend_B","Defend_B","Defend_B","Defend_B","Zap","Dualcast+1","FIFO Queue","Blizzard+1","Cold Snap","Cold Snap","Cold Snap","Mirror Shield+1","Machine Learning+1","Creative AI+1","FTL","hubris:PowerSurge","Coolheaded","hubris:PowerSurge","Turbo","Seek","ReplayTheSpireMod:Calculation Training+1","Coolheaded","Fission","Force Field+1","White Noise","Coolheaded+1"],"relics":["FrozenCore","NeowsBlessing","Replay:Bandana","conspire:Boomerang","Blue Doll","Empty Cage","Runic Capacitor","Potion Belt","PreservedInsect","Blood Vial","Symbiotic Virus","Red Mask","CeramicFish","hubris:Icosahedron","hubris:MysteriousPyramids","conspire:Dentures","HornCleat"],"acts_visited":["Exordium","TheCity","TheBeyond"],"potions_floor_usage":[],"damage_taken":[{"damage":0.0,"enemies":"Small Slimes","floor":1.0,"turns":1.0},{"damage":0.0,"enemies":"Cultist","floor":3.0,"turns":1.0},{"damage":0.0,"enemies":"2 Louse","floor":5.0,"turns":1.0},{"damage":13.0,"enemies":"3 Sentries","floor":6.0,"turns":9.0},{"damage":0.0,"enemies":"Lots of Slimes","floor":7.0,"turns":2.0},{"damage":26.0,"enemies":"Gremlin Nob","floor":12.0,"turns":5.0},{"damage":8.0,"enemies":"2 Fungi Beasts","floor":14.0,"turns":3.0},{"damage":8.0,"enemies":"Hexaghost","floor":16.0,"turns":11.0},{"damage":4.0,"enemies":"Chosen","floor":18.0,"turns":7.0},{"damage":1.0,"enemies":"3 Byrds","floor":19.0,"turns":2.0},{"damage":3.0,"enemies":"Cultist and Chosen","floor":22.0,"turns":7.0},{"damage":31.0,"enemies":"Gremlin Leader","floor":23.0,"turns":8.0},{"damage":0.0,"enemies":"Snecko","floor":25.0,"turns":5.0},{"damage":4.0,"enemies":"conspire:Head Lice","floor":27.0,"turns":7.0},{"damage":2.0,"enemies":"Snake Plant","floor":28.0,"turns":3.0},{"damage":12.0,"enemies":"Gremlin Leader","floor":29.0,"turns":8.0},{"damage":5.0,"enemies":"Masked Bandits","floor":30.0,"turns":5.0},{"damage":0.0,"enemies":"Book of Stabbing","floor":31.0,"turns":3.0},{"damage":3.0,"enemies":"conspire:MysteriousRune","floor":33.0,"turns":11.0},{"damage":8.0,"enemies":"3 Shapes","floor":35.0,"turns":4.0},{"damage":0.0,"enemies":"3 Darklings","floor":37.0,"turns":7.0},{"damage":11.0,"enemies":"Jaw Worm Horde","floor":38.0,"turns":4.0},{"damage":17,"enemies":"Nemesis","floor":40,"turns":15},{"damage":11,"enemies":"Spire Growth","floor":42,"turns":6},{"damage":0,"enemies":"R_Hoarder","floor":48,"turns":10},{"damage":28,"enemies":"Maw","floor":50,"turns":10}],"seed_played":"-4926807019349178924","potions_obtained":[{"floor":2.0,"key":"ColorlessPotion"},{"floor":2.0,"key":"SpeedPotion"},{"floor":6.0,"key":"Toxic Potion"},{"floor":7.0,"key":"Milkshake"},{"floor":14.0,"key":"Regen Potion"},{"floor":16.0,"key":"PowerPotion"},{"floor":22.0,"key":"BlessingOfTheForge"},{"floor":23.0,"key":"SpeedPotion"},{"floor":28.0,"key":"Swift Potion"},{"floor":29.0,"key":"SteroidPotion"},{"floor":30.0,"key":"FairyPotion"},{"floor":33.0,"key":"Languid Potion"},{"floor":38.0,"key":"Ancient Potion"},{"floor":42,"key":"Fire Potion"}],"is_trial":false,"path_per_floor":["M","?","M","$","M","E","M","R","T","R","?","E","R","M","R","B",null,"M","M","$","$","M","E","R","M","T","E","M","E","?","E","R","B",null,"M","?","M","M","?","E","?","M","PTL","PTL","T","R","$","E","R","M"],"character_chosen":"DEFECT","items_purchased":["Cold Snap","hubris:PowerSurge","Runic Capacitor","conspire:Dentures"],"campfire_rested":1,"item_purchase_floors":[4,20,21,47],"current_hp_per_floor":[64,64,64,64,64,51,51,51,51,51,51,25,25,17,17,24,59,55,54,54,54,51,20,41,41,41,37,37,27,24,26,26,25,60,54,54,56,47,47,32,32,23,23,23,23,23,23,25,25,21,21],"gold":309,"neow_bonus":"THREE_ENEMY_KILL","is_daily":false,"chose_seed":false,"campfire_upgraded":6,"win_rate":0.0,"timestamp":1608596305,"path_taken":["M","?","M","?","M","E","?","R","T","R","?","E","R","M","R","BOSS","M","M","?","$","M","E","R","M","T","E","M","E","?","E","R","BOSS","M","?","?","M","?","E","?","M","PTL","PTL","T","R","$","E","R","M"],"items_purchased_type":["Card","Card","Relic","Relic"],"build_version":"2020-12-13","purchased_purges":2,"victory":false,"max_hp_per_floor":[71,71,71,71,71,71,71,71,71,71,71,71,71,71,71,71,71,71,71,71,71,71,71,71,71,71,71,71,71,71,71,71,71,71,71,71,71,71,71,71,71,71,71,71,71,71,71,71,71,71,71],"card_choices":[{"not_picked":["Sweeping Beam","Redo"],"picked":"FIFO Queue","floor":1.0},{"not_picked":["ReplayTheSpireMod:Repulse","Force Field"],"picked":"Blizzard","floor":3.0},{"not_picked":["Leap","ReplayTheSpireMod:System Scan","Beam Cell"],"picked":"SKIP","floor":5.0},{"not_picked":["Go for the Eyes","Redo"],"picked":"Cold Snap","floor":6.0},{"not_picked":["Go for the Eyes","Recycle"],"picked":"Cold Snap","floor":7.0},{"not_picked":["Doom and Gloom","Gash"],"picked":"Machine Learning","floor":12.0},{"not_picked":["Gash","conspire:SharedLibrary","Turbo"],"picked":"SKIP","floor":14.0},{"not_picked":["hubris:DoWhile","Multi-Cast"],"picked":"Creative AI","floor":16.0},{"not_picked":["ReplayTheSpireMod:Repulse+1","aspiration:Polymerization+1"],"picked":"FTL","floor":18.0},{"not_picked":["Cold Snap","Storm","Leap"],"picked":"SKIP","floor":19.0},{"not_picked":["Stack+1","BootSequence"],"picked":"Coolheaded","floor":22.0},{"not_picked":["Beam Cell","Hyperbeam"],"picked":"hubris:PowerSurge","floor":23.0},{"not_picked":["Barrage+1","Self Repair"],"picked":"Turbo","floor":25.0},{"not_picked":["Conserve Battery","Beam Cell"],"picked":"Seek","floor":27.0},{"not_picked":["ReplayTheSpireMod:Repulse","Gash","Scrape"],"picked":"SKIP","floor":28.0},{"not_picked":["hubris:Prefetch","Leap"],"picked":"ReplayTheSpireMod:Calculation Training","floor":29.0},{"not_picked":["Compile Driver","BootSequence"],"picked":"Coolheaded","floor":31.0},{"not_picked":["Machine Learning","hubris:Prefetch"],"picked":"Fission","floor":33.0},{"not_picked":["Rebound","Genetic Algorithm"],"picked":"Force Field+1","floor":35.0},{"not_picked":["Steam","Hologram+1"],"picked":"White Noise","floor":37.0},{"not_picked":["Leap","BasicCrystalCard","Force Field"],"picked":"SKIP","floor":38.0},{"not_picked":["conspire:SharedLibrary","Ball Lightning"],"picked":"Coolheaded+1","floor":40},{"not_picked":["Redo","FIFO Queue+1","Streamline+1"],"picked":"SKIP","floor":42},{"not_picked":["BasicCrystalCard","Sweeping Beam","Glacier"],"picked":"SKIP","floor":48}],"player_experience":1109865,"relics_obtained":[{"floor":6.0,"key":"Replay:Bandana"},{"floor":9.0,"key":"conspire:Boomerang"},{"floor":12.0,"key":"Blue Doll"},{"floor":23.0,"key":"Potion Belt"},{"floor":26.0,"key":"PreservedInsect"},{"floor":27.0,"key":"Blood Vial"},{"floor":29.0,"key":"Symbiotic Virus"},{"floor":30.0,"key":"Red Mask"},{"floor":31.0,"key":"CeramicFish"},{"floor":40,"key":"hubris:MysteriousPyramids"},{"floor":48,"key":"HornCleat"}],"event_choices":[{"damage_healed":0.0,"max_hp_gain":0.0,"max_hp_loss":0.0,"gold_gain":0.0,"event_name":"Lab","player_choice":"Got Potions","floor":2.0,"gold_loss":0.0,"damage_taken":0.0},{"damage_healed":0.0,"max_hp_gain":0.0,"max_hp_loss":0.0,"gold_gain":0.0,"event_name":"Match and Keep!","player_choice":"1 cards matched","floor":11.0,"gold_loss":0.0,"damage_taken":0.0,"cards_obtained":["Mirror Shield"]},{"damage_healed":0.0,"max_hp_gain":0.0,"max_hp_loss":0.0,"gold_gain":0.0,"event_name":"Masked Bandits","player_choice":"Fought Bandits","floor":30.0,"gold_loss":0.0,"damage_taken":0.0},{"damage_healed":0.0,"max_hp_gain":0.0,"max_hp_loss":0.0,"gold_gain":0.0,"event_name":"Wheel of Change","player_choice":"Cursed","floor":36.0,"gold_loss":0.0,"damage_taken":0.0,"cards_obtained":["Decay"]},{"damage_healed":0,"gold_gain":0,"player_choice":"Ignored","damage_taken":0,"max_hp_gain":0,"max_hp_loss":0,"event_name":"The Moai Head","floor":41,"gold_loss":0}],"is_beta":false,"boss_relics":[{"not_picked":["Ectoplasm","aspiration:RitualDagger"],"picked":"Empty Cage"},{"not_picked":["hubris:GrandSneckoEye","aspiration:FutureDiary"],"picked":"FrozenCore"}],"items_purged_floors":[21,47],"is_endless":false,"potions_floor_spawned":[5,6,7,14,16,22,23,28,29,30,33,38,42,48],"killed_by":"Maw","ascension_level":20}}