{"host":"121m0oxswv9tg9hk","time":1608595776,"event":{"mods":["AchievementEnabler","BaseMod","Better Third Choice","Downfall","Hermit","Hubris","Infinite Spire","MarisaÅiñ∂âJÅ@ñÇóùçπÅj","Minty Spire (QoL Compilation)","Replay The Spire","Shade Mod","StSLib","The Construct","The Cursed","The Gatherer","The Hierophant","The Mystic"],"gold_per_floor":[99,110,8,8,0,0,0,0,25,53,53,71,99,114,39,58,70,174,174,99,116,132,282,19,69,69,69,69,119,143,171,171,221,239,337,337,262,280,280,330,435,461,461,511,543,616,616,654,698,748,793,835,835,893,768,768,782],"floor_reached":58,"playtime":4844,"items_purged":["Guardian:Defend_Guardian","Guardian:Strike_Guardian","Guardian:Defend_Guardian","Guardian:Strike_Guardian","infinitespire:Pacifist"],"score":1834,"play_id":"f87d8a3f-0b03-483d-9608-1016b9357443","local_time":"20201222010936","is_ascension_mode":true,"campfire_choices":[{"data":"Guardian:TwinSlam","floor":1,"key":"SMITH"},{"data":"infinitespire:TheBestDefense","floor":6,"key":"SMITH"},{"floor":15,"key":"REST"},{"floor":20,"key":"DIG"},{"data":"Pot Of Greed","floor":27,"key":"SMITH"},{"floor":32,"key":"RECALL"},{"floor":37,"key":"DIG"},{"floor":47,"key":"REST"},{"data":"Pot Of Greed","floor":56,"key":"SMITH"}],"circlet_count":0,"master_deck":["Guardian:Strike_Guardian","Guardian:Strike_Guardian","Guardian:Defend_Guardian","Guardian:Defend_Guardian","Guardian:CurlUp+1","Guardian:TwinSlam+1","Guardian:PiercingHide","Guardian:Preprogram","Guardian:PrismaticBeam","Guardian:PiercingHide","infinitespire:TheBestDefense+1","Guardian:ArmoredProtocol","Pot Of Greed+1","Pot Of Greed+1","Guardian:SentryBeam","Guardian:PrismaticBarrier","Guardian:Clone","Guardian:ExploitGems","Guardian:Incinerate+1","Pot Of Greed+1","Guardian:PrismaticBeam","Guardian:DecasProtection","Guardian:SentryBeam","expansioncontent:Chronoboost","Guardian:GuardianWhirl","Guardian:PrimingBeam","Pot Of Greed","Guardian:DonusPower","Parasite","Guardian:FloatingOrbs+1","Guardian:ArmoredProtocol+1"],"relics":["Guardian:ModeShifter","Anchor","SsserpentHead","Grinning Jar","downfall:HeartBlessingGreen","Cursed Key","downfall:HeartBlessingBlue","infinitespire:Lucky Rock","DollysMirror","hubris:EmptyBottle","PreservedInsect","sneckomod:SneckoTalon","downfall:HeartBlessingRed","hubris:CuriousFeather","Golden Egg","hubris:TinFlute","Replay:Bandana","MealTicket","Replay:Baseball","Bronze Scales"],"acts_visited":[],"potions_floor_usage":[18,44,44,57,57,57],"damage_taken":[{"damage":0,"enemies":"Cultist","floor":2,"turns":3},{"damage":0,"enemies":"downfall:FleeingMerchant","floor":3,"turns":4},{"damage":0,"enemies":"downfall:FleeingMerchant","floor":5,"turns":4},{"damage":21,"enemies":"Lagavulin","floor":10,"turns":9},{"damage":2,"enemies":"2 Louse","floor":12,"turns":5},{"damage":8,"enemies":"Replay:BlueRogue","floor":13,"turns":12},{"damage":0,"enemies":"Jaw Worm","floor":14,"turns":3},{"damage":7,"enemies":"Exordium Thugs","floor":16,"turns":6},{"damage":0,"enemies":"Exordium Wildlife","floor":17,"turns":6},{"damage":4,"enemies":"downfall:Watcher","floor":18,"turns":12},{"damage":7,"enemies":"Spheric Guardian","floor":21,"turns":6},{"damage":11,"enemies":"Chosen and Byrds","floor":22,"turns":6},{"damage":0,"enemies":"downfall:FleeingMerchant","floor":24,"turns":4},{"damage":0,"enemies":"downfall:FleeingMerchant","floor":30,"turns":4},{"damage":0,"enemies":"Nightmare","floor":31,"turns":7},{"damage":0,"enemies":"Shelled Parasite and Fungi","floor":34,"turns":5},{"damage":0,"enemies":"downfall:Silent","floor":35,"turns":7},{"damage":0,"enemies":"3 Shapes","floor":38,"turns":2},{"damage":0,"enemies":"Nemesis","floor":42,"turns":5},{"damage":14,"enemies":"3 Darklings","floor":44,"turns":3},{"damage":6,"enemies":"Writhing Mass","floor":45,"turns":5},{"damage":8,"enemies":"R_Hoarder","floor":46,"turns":4},{"damage":4,"enemies":"Sphere and 2 Shapes","floor":48,"turns":6},{"damage":0,"enemies":"Nemesis","floor":49,"turns":5},{"damage":1,"enemies":"3 Darklings","floor":51,"turns":2},{"damage":35,"enemies":"downfall:Ironclad","floor":52,"turns":9},{"damage":19,"enemies":"downfall:CharBossMerchant","floor":54,"turns":4},{"damage":1,"enemies":"downfall:NeowBoss","floor":57,"turns":14}],"seed_played":"-2296960616501604243","potions_obtained":[{"floor":12,"key":"Guardian:AcceleratePotion"},{"floor":14,"key":"Explosive Potion"},{"floor":16,"key":"LiquidBronze"},{"floor":17,"key":"Strength Potion"},{"floor":18,"key":"Elixir"},{"floor":22,"key":"Explosive Potion"},{"floor":45,"key":"Energy Potion"},{"floor":46,"key":"PowerPotion"}],"is_trial":false,"path_per_floor":["R","M","$","?","$","R","PTL","PTL","T","E","?","M","E","M","R","M","M","B",null,"R","M","M","?","$","T","T","R","AVR","?","$","NM","R","?","M","B",null,"R","M","AVR","?","?","E","T","M","M","E","R","M","E","?","M","B",null,"E","$","R","B",null],"character_chosen":"GUARDIAN","items_purchased":["Guardian:PrismaticBeam","Guardian:PiercingHide","Guardian:Gem_Purple","DollysMirror","Guardian:SentryBeam","Guardian:Gem_Cyan","expansioncontent:Chronoboost"],"campfire_rested":2,"item_purchase_floors":[3,3,24,24,30,30,30],"current_hp_per_floor":[72,72,72,52,52,52,52,52,52,31,31,29,21,21,45,38,38,34,69,79,72,61,61,61,61,61,61,61,61,61,61,61,53,53,53,81,81,81,81,81,81,81,81,67,61,53,80,76,76,76,75,40,78,59,74,74,73],"gold":782,"neow_bonus":"UPGRADE_CARD","is_daily":false,"chose_seed":false,"campfire_upgraded":4,"win_rate":0.0,"timestamp":1608595776,"path_taken":["R","M","?","?","$","R","PTL","PTL","T","E","?","M","E","M","R","M","M","BOSS","R","M","M","?","?","?","T","R","AVR","?","$","NM","R","?","M","BOSS","R","M","AVR","?","?","E","T","M","M","E","R","M","E","?","M","BOSS","E","$","R","BOSS"],"items_purchased_type":["Card","Card","Card","Relic","Card","Card","Card"],"build_version":"2020-12-13","purchased_purges":5,"victory":true,"max_hp_per_floor":[80,80,80,80,80,80,80,80,80,80,80,80,80,80,80,80,80,80,80,90,90,90,90,90,90,90,90,90,90,90,90,90,90,90,90,90,90,90,90,90,90,90,90,90,90,90,90,90,90,90,90,90,90,90,90,90,90],"card_choices":[{"not_picked":["Guardian:Suspension","Guardian:BronzeOrb"],"picked":"Guardian:PiercingHide","floor":2},{"not_picked":["Guardian:Suspension","Guardian:WalkerClaw"],"picked":"Guardian:Preprogram","floor":3},{"not_picked":["infinitespire:Menacing","hubris:Fate"],"picked":"infinitespire:TheBestDefense","floor":4},{"not_picked":["Guardian:DonusPower","Guardian:VentSteam"],"picked":"Guardian:ArmoredProtocol","floor":5},{"not_picked":["Guardian:WalkerClaw","Guardian:Suspension"],"picked":"Guardian:Gem_Yellow","floor":10},{"not_picked":["Guardian:RollAttack","Guardian:MultiBeam"],"picked":"Guardian:Gem_Purple","floor":12},{"not_picked":["Guardian:Planning","Guardian:Suspension"],"picked":"Guardian:SentryBeam","floor":13},{"not_picked":["Guardian:Planning","Guardian:Orbwalk"],"picked":"Guardian:PrismaticBarrier","floor":14},{"not_picked":["Guardian:WalkerClaw","Guardian:TemporalStrike"],"picked":"Guardian:Gem_Yellow","floor":16},{"not_picked":["Guardian:PiercingHide","Guardian:Reroute"],"picked":"Guardian:Clone","floor":17},{"not_picked":["Guardian:StasisField","Guardian:SphericShield"],"picked":"Guardian:ExploitGems","floor":18},{"not_picked":["Guardian:TemporalShield","Guardian:ShieldSpikes"],"picked":"Guardian:Incinerate+1","floor":21},{"not_picked":["Guardian:Planning","Guardian:Recover"],"picked":"Guardian:Gem_Green","floor":22},{"not_picked":["Guardian:GatlingBeam","Guardian:ChargeUp+1"],"picked":"Guardian:Gem_Yellow","floor":24},{"not_picked":["Guardian:WalkerClaw","Guardian:Gem_Lightblue"],"picked":"Guardian:DecasProtection","floor":30},{"not_picked":["Guardian:Orbwalk+1","Guardian:Emergency"],"picked":"Guardian:GuardianWhirl","floor":31},{"not_picked":["Guardian:BronzeOrb","Guardian:Gem_Green"],"picked":"Guardian:Gem_Crimson","floor":34},{"not_picked":["Guardian:ExploitGems","Guardian:GatlingBeam"],"picked":"Guardian:Gem_Orange","floor":35},{"not_picked":["Guardian:Suspension+1","Guardian:Reroute"],"picked":"Guardian:PrimingBeam","floor":38},{"not_picked":["Guardian:FuturePlans","Guardian:Orbwalk+1"],"picked":"Guardian:DonusPower","floor":42},{"not_picked":["Guardian:RefractedBeam+1","Guardian:Orbwalk","Guardian:VentSteam"],"picked":"SKIP","floor":44},{"not_picked":["Guardian:PrimingBeam","Guardian:GuardianWhirl+1"],"picked":"Guardian:FloatingOrbs+1","floor":45},{"not_picked":["Guardian:GuardianWhirl","Guardian:CrystalBeam"],"picked":"Guardian:Gem_Lightblue","floor":46},{"not_picked":["Guardian:PolyBeam","Guardian:FloatingOrbs"],"picked":"Guardian:Gem_Fragmented","floor":48},{"not_picked":["Guardian:SpikerProtocol+1","Guardian:StasisStrike"],"picked":"Guardian:Gem_Fragmented","floor":49},{"not_picked":["Guardian:VentSteam+1","Guardian:WalkerClaw+1","Guardian:Reroute"],"picked":"SKIP","floor":51},{"not_picked":["Guardian:Reroute+1","Guardian:Incinerate+1"],"picked":"Guardian:ArmoredProtocol+1","floor":54}],"player_experience":2894716,"relics_obtained":[{"floor":10,"key":"Anchor"},{"floor":13,"key":"Grinning Jar"},{"floor":20,"key":"infinitespire:Lucky Rock"},{"floor":31,"key":"PreservedInsect"},{"floor":37,"key":"hubris:CuriousFeather"},{"floor":41,"key":"hubris:TinFlute"},{"floor":42,"key":"Replay:Bandana"},{"floor":46,"key":"MealTicket"},{"floor":49,"key":"Replay:Baseball"},{"floor":54,"key":"Bronze Scales"}],"event_choices":[{"damage_healed":0,"gold_gain":0,"player_choice":"Trade","damage_taken":0,"relics_obtained":["SsserpentHead"],"max_hp_gain":0,"max_hp_loss":0,"event_name":"FaceTrader","floor":11,"gold_loss":0}],"is_beta":false,"boss_relics":[{"not_picked":["Tiny House","Ectoplasm"],"picked":"Cursed Key"},{"not_picked":["hubris:TerracottaHorce","Velvet Choker"],"picked":"sneckomod:SneckoTalon"}],"items_purged_floors":[24,28,30,39,55],"is_endless":false,"potions_floor_spawned":[12,14,16,17,18,21,22,31,35,45,46,48,49],"ascension_level":8}}