{"host":"1g0zx6fxgd1m75qs","time":1608654720,"event":{"mods":["Act Like it!","BaseMod","GifTheSpireLib","Googly Eyes","Ironclad Rager","Menagerie","Minty Spire (QoL Compilation)","StSLib","The Jungle","The Marked"],"gold_per_floor":[118,48,65,65,65,94,94,110,110,137,209,209,240,120,120,170,170,179,179,0,6,6,6,23,23,63,68,77,9,23,30,30,78,78,84,84,89,114,39,39,47,62,62,62,62,71,82,0,0,0,0],"floor_reached":50,"playtime":1764,"items_purged":["theMarked:Strike"],"score":564,"play_id":"c29d79fc-be16-4e59-8d58-c2656c4a3e7b","local_time":"20201222173200","is_ascension_mode":false,"campfire_choices":[{"data":"Menagerie:LoxodonWarhammer","floor":7,"key":"SMITH"},{"data":"Menagerie:Staggershock","floor":15,"key":"SMITH"},{"floor":23,"key":"REST"},{"floor":25,"key":"REST"},{"floor":32,"key":"REST"},{"floor":40,"key":"REST"},{"data":"theMarked:ComboAttacks","floor":44,"key":"SMITH"},{"floor":49,"key":"RECALL"}],"circlet_count":0,"master_deck":["theMarked:Strike","theMarked:Strike","theMarked:Strike","theMarked:Defend","theMarked:Defend","theMarked:Defend","theMarked:SoldierOfQuellstein","theMarked:WardOff","Menagerie:Staggershock+1","Menagerie:LoxodonWarhammer+1","theMarked:BanishingStrike","theMarked:BanishingStrike","Menagerie:SteelWall","Body Slam","theMarked:TakeOffHeels","theMarked:WastefulAttack","theMarked:ComboAttacks+1","Escape Plan+1","Apotheosis+1","Gash"],"relics":["theMarked:BronzeBlade","NeowsBlessing","PrismaticShard","Kunai","Pear","Calipers","Menagerie:Aurumvore","theMarked:Eyepatch","Mummified Hand","Centennial Puzzle","Toxic Egg 2","Meat on the Bone","FossilizedHelix","Ice Cream","Singing Bowl","MealTicket","Juzu Bracelet","Red Mask"],"acts_visited":["Menagerie:Menagerie","TheCity","TheBeyond"],"potions_floor_usage":[13,13,24,30,30,37,41,42,50,50],"damage_taken":[{"damage":1,"enemies":"Menagerie:MonstrousExperiment","floor":1,"turns":1},{"damage":0,"enemies":"Menagerie:WhisperingWraith","floor":3,"turns":1},{"damage":0,"enemies":"Menagerie:VoidReaper","floor":6,"turns":1},{"damage":5,"enemies":"Menagerie:2_RABBITS","floor":8,"turns":3},{"damage":17,"enemies":"Menagerie:MOSSY_WILDLIFE","floor":10,"turns":5},{"damage":6,"enemies":"Menagerie:Hydra","floor":13,"turns":4},{"damage":13,"enemies":"Menagerie:Chimera","floor":16,"turns":8},{"damage":45,"enemies":"3 Byrds","floor":18,"turns":6},{"damage":26,"enemies":"2 Thieves","floor":21,"turns":4},{"damage":43,"enemies":"Gremlin Leader","floor":24,"turns":5},{"damage":7,"enemies":"Snecko","floor":27,"turns":4},{"damage":11,"enemies":"Centurion and Healer","floor":28,"turns":5},{"damage":18,"enemies":"Book of Stabbing","floor":30,"turns":4},{"damage":18,"enemies":"Sentry and Sphere","floor":31,"turns":5},{"damage":21,"enemies":"Champ","floor":33,"turns":11},{"damage":3,"enemies":"3 Darklings","floor":35,"turns":5},{"damage":26,"enemies":"3 Shapes","floor":37,"turns":2},{"damage":11,"enemies":"Mind Bloom Boss Battle","floor":38,"turns":5},{"damage":10,"enemies":"Sphere and 2 Shapes","floor":41,"turns":4},{"damage":27,"enemies":"Reptomancer","floor":42,"turns":4},{"damage":0,"enemies":"Maw","floor":46,"turns":6},{"damage":61,"enemies":"Awakened One","floor":50,"turns":10}],"seed_played":"4842824696363785871","potions_obtained":[{"floor":3,"key":"Regen Potion"},{"floor":6,"key":"SkillPotion"},{"floor":16,"key":"Dexterity Potion"},{"floor":21,"key":"SteroidPotion"},{"floor":27,"key":"Fire Potion"},{"floor":28,"key":"ColorlessPotion"},{"floor":33,"key":"ColorlessPotion"},{"floor":37,"key":"Fire Potion"},{"floor":41,"key":"Weak Potion"},{"floor":46,"key":"PowerPotion"}],"is_trial":false,"path_per_floor":["M","?","M","?","$","E","R","M","T","?","T","?","E","?","R","B",null,"M","T","?","M","?","R","E","R","T","M","M","$","E","M","R","B",null,"M","?","M","?","$","R","M","E","T","R","?","M","T","?","R","B"],"character_chosen":"THE_DEFAULT","items_purchased":["theMarked:ComboAttacks"],"campfire_rested":4,"item_purchase_floors":[29],"current_hp_per_floor":[69,69,69,68,68,68,68,65,65,52,62,62,71,71,71,65,78,40,40,40,18,18,41,5,28,28,40,48,48,49,46,69,55,78,78,78,52,48,48,71,63,45,45,45,45,54,54,54,54,0,0],"gold":0,"neow_bonus":"THREE_ENEMY_KILL","is_daily":false,"chose_seed":false,"campfire_upgraded":3,"win_rate":0.0,"timestamp":1608654720,"path_taken":["M","?","?","?","?","E","R","M","T","?","?","?","E","?","R","BOSS","M","?","?","M","?","R","E","R","T","M","M","?","E","?","R","BOSS","M","?","M","?","$","R","M","E","T","R","?","M","?","?","R","BOSS"],"items_purchased_type":["Card"],"build_version":"2020-12-13","purchased_purges":1,"victory":false,"max_hp_per_floor":[70,70,70,68,68,68,68,68,68,68,78,78,78,78,78,78,78,78,78,78,78,78,78,78,78,78,78,78,78,78,78,78,78,78,78,78,78,78,78,78,78,80,80,80,80,82,82,82,82,82,82],"card_choices":[{"not_picked":["theMarked:RepellingDischarge","theMarked:StartUp"],"picked":"theMarked:WardOff","floor":1},{"not_picked":["Menagerie:LightningHelix","Menagerie:WallOfBlossoms"],"picked":"Menagerie:Staggershock","floor":2},{"not_picked":["Menagerie:WallOfBlossoms","Menagerie:Languish"],"picked":"Menagerie:LoxodonWarhammer","floor":2},{"not_picked":["theMarked:Panic","theMarked:Overthink"],"picked":"theMarked:BanishingStrike","floor":3},{"not_picked":["Rebound","LessonLearned"],"picked":"theMarked:BanishingStrike","floor":6},{"not_picked":["theMarked:Aftermath","Chill","Protect"],"picked":"SKIP","floor":8},{"not_picked":["FlurryOfBlows","theMarked:Snap"],"picked":"Body Slam","floor":13},{"not_picked":["Wraith Form v2","Envenom"],"picked":"theMarked:TakeOffHeels","floor":16},{"not_picked":["EmptyBody","PathToVictory"],"picked":"theMarked:WastefulAttack","floor":18},{"not_picked":["SashWhip","TalkToTheHand","Armaments"],"picked":"SKIP","floor":21},{"not_picked":["Perseverance+1","Prostrate+1","theMarked:Indomitable+1"],"picked":"SKIP","floor":24},{"not_picked":["Choke","ThirdEye+1","Sanctity+1"],"picked":"SKIP","floor":27},{"not_picked":["theMarked:TakeCover+1","Deadly Poison+1","Power Through+1"],"picked":"SKIP","floor":28},{"not_picked":["Fission+1","theMarked:Overcharge+1","theMarked:ChainLightning"],"picked":"SKIP","floor":30},{"not_picked":["Bouncing Flask+1","Adaptation","Clash"],"picked":"SKIP","floor":31},{"not_picked":["PathToVictory+1","Sucker Punch+1"],"picked":"Escape Plan+1","floor":35},{"not_picked":["Blind+1","Madness+1"],"picked":"Apotheosis+1","floor":36},{"not_picked":["Reflex+1","Wild Strike"],"picked":"Gash","floor":37},{"not_picked":["Pommel Strike","Lockon+1","BowlingBash"],"picked":"SKIP","floor":41},{"not_picked":["Outmaneuver+1","Forethought+1","Flex+1"],"picked":"Singing Bowl","floor":42},{"not_picked":["WheelKick","Armaments+1","Heavy Blade+1"],"picked":"Singing Bowl","floor":46}],"player_experience":387507,"relics_obtained":[{"floor":6,"key":"Kunai"},{"floor":11,"key":"Pear"},{"floor":13,"key":"Calipers"},{"floor":19,"key":"Mummified Hand"},{"floor":24,"key":"Toxic Egg 2"},{"floor":26,"key":"Meat on the Bone"},{"floor":30,"key":"FossilizedHelix"},{"floor":38,"key":"Ice Cream"},{"floor":42,"key":"Singing Bowl"},{"floor":43,"key":"MealTicket"},{"floor":47,"key":"Juzu Bracelet"}],"event_choices":[{"damage_healed":0,"gold_gain":0,"player_choice":"Spells","damage_taken":0,"max_hp_gain":0,"max_hp_loss":0,"event_name":"Menagerie:MagicPeddler","floor":2,"gold_loss":70},{"damage_healed":0,"gold_gain":0,"player_choice":"Enter","damage_taken":0,"relics_obtained":["PrismaticShard"],"max_hp_gain":0,"max_hp_loss":2,"event_name":"Menagerie:ShimmeringGrove","floor":4,"gold_loss":0},{"damage_healed":0,"gold_gain":0,"player_choice":"Detour","damage_taken":0,"max_hp_gain":0,"max_hp_loss":0,"event_name":"Menagerie:MossyPath","floor":10,"gold_loss":0},{"damage_healed":0,"gold_gain":0,"cards_transformed":["theMarked:Strike"],"player_choice":"Grasp","damage_taken":0,"max_hp_gain":0,"max_hp_loss":0,"event_name":"Menagerie:MagesHand","floor":12,"gold_loss":0,"cards_obtained":["Menagerie:SteelWall"]},{"damage_healed":0,"gold_gain":0,"player_choice":"Pacify","damage_taken":0,"relics_obtained":["Menagerie:Aurumvore"],"max_hp_gain":0,"max_hp_loss":0,"event_name":"Menagerie:ScentOfGold","floor":14,"gold_loss":0},{"damage_healed":0,"gold_gain":0,"player_choice":"Paid Fearfully","damage_taken":0,"max_hp_gain":0,"max_hp_loss":0,"event_name":"Masked Bandits","floor":20,"gold_loss":179},{"damage_healed":0,"gold_gain":0,"player_choice":"Opened","damage_taken":0,"relics_obtained":["Centennial Puzzle"],"max_hp_gain":0,"max_hp_loss":0,"event_name":"The Mausoleum","floor":22,"gold_loss":0},{"damage_healed":0,"gold_gain":0,"player_choice":"Memory 1","damage_taken":0,"max_hp_gain":0,"max_hp_loss":0,"event_name":"SensoryStone","floor":36,"gold_loss":0},{"damage_healed":0,"gold_gain":0,"player_choice":"Fight","damage_taken":0,"max_hp_gain":0,"max_hp_loss":0,"event_name":"MindBloom","floor":38,"gold_loss":0},{"cards_removed":["theMarked:Defend"],"damage_healed":0,"gold_gain":0,"player_choice":"Removed Skill","damage_taken":0,"max_hp_gain":0,"max_hp_loss":0,"event_name":"Falling","floor":45,"gold_loss":0},{"damage_healed":0,"gold_gain":0,"player_choice":"Paid","damage_taken":0,"relics_obtained":["Red Mask"],"max_hp_gain":0,"max_hp_loss":0,"event_name":"Tomb of Lord Red Mask","floor":48,"gold_loss":82}],"is_beta":false,"boss_relics":[{"not_picked":["Velvet Choker","Astrolabe"],"picked":"theMarked:Eyepatch"},{"not_picked":["Philosopher\u0027s Stone","Black Star"],"picked":"theMarked:BronzeBlade"}],"items_purged_floors":[39],"is_endless":false,"potions_floor_spawned":[3,6,16,21,27,28,33,37,41,46],"killed_by":"Awakened One","ascension_level":0}}