{"host":"o3b7ow6d1xe49css","time":1608611188,"event":{"mods":["Act Like it!","Aspiration","BaseMod","Bestiary","Better Altar","Better Match","Better Note","Better Sensory Stone","Better Skull","Better Third Choice","Colored Powertips","Conspire","Energized Spire","Force Act Four","GifTheSpireLib","Halation","Hermit","Hubris","Infinite Spire","Lobotomy","Minty Spire (QoL Compilation)","Quick Restart","Replay The Spire","Spicy Shops","Spikes Relics","StSLib","Stuff the Spire","The Blue Laboratory","Wandering Minibosses","vexMod"],"gold_per_floor":[110,123,140,153,163,188,188,222,222,74,74,108,143,176,176,280,280,297,297,45,45,45,70,70,100,100,100,128,128,128,163,163,267,267,286,286,286,303,303,334,334,369,369,369,400,246,246,98,98,194,244,244,144,170,267],"floor_reached":56,"playtime":2239,"items_purged":["Strike_R","Scorched","Strike_R","Defend_R+1"],"score":1683,"play_id":"89d5da07-f89d-412a-9889-7f7395a0207f","local_time":"20201221192628","daily_mods":["Heirloom","Flight","Elite Swarm"],"is_ascension_mode":true,"campfire_choices":[{"data":"1","floor":7,"key":"LIFT"},{"data":"2","floor":11,"key":"LIFT"},{"data":"3","floor":15,"key":"LIFT"},{"data":"Heavy Blade","floor":24,"key":"SMITH"},{"data":"Spot Weakness","floor":24,"key":"SMITH"},{"floor":27,"key":"RECALL"},{"data":"Demon Form","floor":29,"key":"SMITH"},{"data":"hubris:StunningStrike","floor":29,"key":"SMITH"},{"data":"infinitespire:SevenWalls","floor":32,"key":"SMITH"},{"data":"Limit Break","floor":32,"key":"SMITH"},{"data":"infinitespire:Collect","floor":41,"key":"SMITH"},{"data":"Heavy Blade","floor":41,"key":"SMITH"},{"data":"Limit Break","floor":44,"key":"SMITH"},{"data":"Pommel Strike","floor":44,"key":"SMITH"},{"data":"Defend_R","floor":49,"key":"PURGE"},{"data":"Armaments","floor":52,"key":"SMITH"},{"data":"Reaper","floor":52,"key":"SMITH"}],"circlet_count":0,"master_deck":["Defend_R+1","Bash","UniverseFragment","Pommel Strike","Armaments+1","WallGazer","Spot Weakness+1","Pommel Strike+1","Heavy Blade+1","Immolate","OldLady","Demon Form+1","Limit Break+1","Reaper+1","hubris:StunningStrike+1","Impervious+1","Heavy Blade+1","Limit Break+1","infinitespire:SevenWalls+1","infinitespire:Collect+1","Limit Break+1","Feed"],"relics":["Burning Blood","Ring of Chaos","Girya","CogitoBucket","conspire:BottledYoYo","conspire:Dentures","aspiration:StickyExplosives_weak","Unceasing Top","StuffTheSpire:Barrel","halation:PenCase","Empty Cage","ResearcherNote","DollysMirror","hubris:IronBody","hubris:MysteriousPyramids","CherryCoatedStake","Mummified Hand","CrustySpines","infinitespire:Beetle Shell","infinitespire:Burning Sword","Counterbalance","BicycleWheel","infinitespire:Golems Mask","hubris:Teleporter","hubris:SphereOfDissonance","War Paint","Orichalcum","Tiny House","Ring of Chaos","Frozen Egg 2"],"acts_visited":["Exordium","TheCity","TheBeyond","Exordium","TheEnding"],"potions_floor_usage":[6,6,8,12,16,25,28,45,54,55,55],"damage_taken":[{"damage":3,"enemies":"conspire:RoseBush","floor":1,"turns":5},{"damage":0,"enemies":"2 Louse","floor":2,"turns":3},{"damage":7,"enemies":"Jaw Worm","floor":3,"turns":2},{"damage":10,"enemies":"Large Slime","floor":4,"turns":6},{"damage":2,"enemies":"3 Louse","floor":5,"turns":2},{"damage":17,"enemies":"Lagavulin","floor":6,"turns":4},{"damage":13,"enemies":"3 Sentries","floor":8,"turns":4},{"damage":22,"enemies":"Lagavulin","floor":12,"turns":5},{"damage":20,"enemies":"Replay:BlueRogue","floor":13,"turns":3},{"damage":18,"enemies":"Gremlin Nob","floor":14,"turns":3},{"damage":21,"enemies":"Fading Forest","floor":16,"turns":11},{"damage":2,"enemies":"Shell Parasite","floor":18,"turns":2},{"damage":32,"enemies":"conspire:SneckoGhost","floor":23,"turns":5},{"damage":11,"enemies":"Slavers","floor":25,"turns":2},{"damage":9,"enemies":"Book of Stabbing","floor":28,"turns":3},{"damage":2,"enemies":"Nightmare","floor":31,"turns":5},{"damage":7,"enemies":"Automaton","floor":33,"turns":6},{"damage":0,"enemies":"3 Darklings","floor":35,"turns":2},{"damage":25,"enemies":"3 Shapes","floor":38,"turns":3},{"damage":8,"enemies":"Nightmare","floor":40,"turns":6},{"damage":17,"enemies":"Nemesis","floor":42,"turns":5},{"damage":14,"enemies":"Giant Head","floor":45,"turns":4},{"damage":5,"enemies":"hubris:GrandSnecko","floor":50,"turns":5},{"damage":32,"enemies":"Shield and Spear","floor":54,"turns":4},{"damage":5,"enemies":"The Heart","floor":55,"turns":5}],"seed_played":"-3530864026839156314","potions_obtained":[{"floor":1,"key":"Block Potion"},{"floor":3,"key":"Energy Potion"},{"floor":5,"key":"Adrenaline Potion"},{"floor":8,"key":"SpeedPotion"},{"floor":13,"key":"blueLaboratory:BottleOfRum"},{"floor":25,"key":"ColorlessPotion"},{"floor":33,"key":"LiquidBronze"},{"floor":37,"key":"FearPotion"},{"floor":37,"key":"Reflective Coating"},{"floor":50,"key":"blueLaboratory:FruitPunch"}],"is_trial":true,"path_per_floor":["M","M","M","M","M","E","R","E","T","$","R","E","E","E","R","B",null,"M","AVR","$","?","?","E","R","E","T","R","E","R","?","NM","R","B",null,"M","AVR","?","M","?","NM","R","E","T","R","E","$","?","$","R","B",null,"R","$","E","B",null],"character_chosen":"IRONCLAD","items_purchased":["Strength Potion","hubris:IronBody","War Paint","Orichalcum"],"campfire_rested":0,"item_purchase_floors":[10,20,46,48],"current_hp_per_floor":[80,80,79,75,79,74,74,80,80,80,80,70,62,56,56,80,80,80,80,80,80,80,62,62,57,57,57,54,54,54,58,58,60,75,80,80,80,65,65,63,63,59,59,59,51,51,51,51,51,80,85,85,85,87,87],"gold":267,"neow_bonus":"","is_daily":false,"chose_seed":false,"campfire_upgraded":12,"win_rate":0.0,"timestamp":1608611188,"path_taken":["M","M","M","M","?","E","R","E","T","$","R","E","E","E","R","BOSS","M","AVR","$","?","?","E","R","E","T","R","E","R","?","NM","R","BOSS","M","AVR","?","?","?","NM","R","E","T","R","E","$","?","$","R","BOSS","R","$","E","BOSS"],"items_purchased_type":["Potion","Relic","Relic","Relic"],"build_version":"2020-12-13","purchased_purges":4,"victory":true,"max_hp_per_floor":[80,80,80,80,80,80,80,80,80,80,80,80,80,80,80,80,80,80,80,80,80,80,80,80,80,80,80,80,80,80,80,80,80,80,80,80,80,80,80,80,80,80,80,80,80,80,80,80,80,80,85,85,85,87,87],"card_choices":[{"not_picked":["BlackArmy","BlackSwan"],"picked":"UniverseFragment","floor":1},{"not_picked":["StuffTheSpire:BloodClot","Warcry"],"picked":"Pommel Strike","floor":1},{"not_picked":["MeatLantern","FairyFestival"],"picked":"Scorched","floor":2},{"not_picked":["Run Through","Clothesline"],"picked":"Armaments","floor":2},{"not_picked":["BeautyBeast","CherryBlossoms"],"picked":"WallGazer","floor":3},{"not_picked":["Sword Boomerang","Sentinel"],"picked":"Spot Weakness","floor":3},{"not_picked":["BlackArmy","Bloodbath","Laetitia"],"picked":"Singing Bowl","floor":4},{"not_picked":["Barricade","Pommel Strike","True Grit"],"picked":"SKIP","floor":4},{"not_picked":["Barricade","True Grit"],"picked":"Pommel Strike","floor":4},{"not_picked":["Bloodbath","Yin","SpiderBud"],"picked":"Singing Bowl","floor":5},{"not_picked":["FairyFestival","SpiderBud"],"picked":"Woodsman","floor":5},{"not_picked":["Flex","Combust"],"picked":"Heavy Blade","floor":5},{"not_picked":["OSAHOGD","CherryBlossoms","Bloodbath"],"picked":"Singing Bowl","floor":6},{"not_picked":["Impervious","Exhume"],"picked":"Immolate","floor":6},{"not_picked":["SnowQueen","VoidDream"],"picked":"OldLady","floor":8},{"not_picked":["Bludgeon","Juggernaut"],"picked":"Demon Form","floor":8},{"not_picked":["OSAHOGD","BeautyBeast","DreamingCurrent"],"picked":"Singing Bowl","floor":12},{"not_picked":["Eclipse","hubris:StunningStrike"],"picked":"Limit Break","floor":12},{"not_picked":["MeatLantern","FairyFestival","Alriune"],"picked":"Singing Bowl","floor":13},{"not_picked":["Demon Form","Demonic Infusion"],"picked":"Reaper","floor":13},{"not_picked":["Reaper","Fiend Fire"],"picked":"hubris:StunningStrike","floor":14},{"not_picked":["GalaxyChild","Bloodbath","CherryBlossoms"],"picked":"Singing Bowl","floor":16},{"not_picked":["Immolate","Hemogenesis"],"picked":"Impervious","floor":16},{"not_picked":["Metallicize","Ghostly Armor+1"],"picked":"Heavy Blade","floor":18},{"not_picked":["Exhume","Bludgeon","conspire:HitWhereItHurts"],"picked":"SKIP","floor":23},{"not_picked":["Eclipse","Corruption","Barricade"],"picked":"SKIP","floor":25},{"not_picked":["Demonic Infusion","Double Tap","conspire:Purge"],"picked":"SKIP","floor":28},{"not_picked":["infinitespire:SealOfDarkness+","Replay:Fractal Strike"],"picked":"infinitespire:SevenWalls","floor":31},{"not_picked":["Barricade","Replay:Many Hands","Demon Form"],"picked":"SKIP","floor":31},{"not_picked":["Pommel Strike","Rampage","Wild Strike"],"picked":"SKIP","floor":35},{"not_picked":["ReplayTheSpireMod:Strike From Hell+1","Run Through+1","ReplayTheSpireMod:LeadingStrike"],"picked":"SKIP","floor":38},{"not_picked":["infinitespire:FutureSight","infinitespire:NeuralNetwork"],"picked":"infinitespire:Collect","floor":40},{"not_picked":["Impervious","Eclipse","conspire:Purge"],"picked":"SKIP","floor":40},{"not_picked":["Exhume","Demonic Infusion"],"picked":"Limit Break","floor":42},{"not_picked":["Exhume","Berserk"],"picked":"Feed","floor":45},{"not_picked":["Eclipse","Feed","Immolate"],"picked":"SKIP","floor":54}],"player_experience":1803455,"relics_obtained":[{"floor":6,"key":"conspire:BottledYoYo"},{"floor":8,"key":"conspire:Dentures"},{"floor":9,"key":"aspiration:StickyExplosives_weak"},{"floor":12,"key":"Unceasing Top"},{"floor":13,"key":"StuffTheSpire:Barrel"},{"floor":14,"key":"halation:PenCase"},{"floor":23,"key":"CherryCoatedStake"},{"floor":25,"key":"Mummified Hand"},{"floor":28,"key":"CrustySpines"},{"floor":31,"key":"infinitespire:Beetle Shell"},{"floor":40,"key":"BicycleWheel"},{"floor":42,"key":"infinitespire:Golems Mask"},{"floor":43,"key":"hubris:Teleporter"},{"floor":45,"key":"hubris:SphereOfDissonance"},{"floor":54,"key":"Frozen Egg 2"}],"event_choices":[{"cards_removed":["Woodsman"],"damage_healed":0,"gold_gain":0,"player_choice":"Gave Card","damage_taken":0,"relics_obtained":["hubris:MysteriousPyramids"],"max_hp_gain":0,"max_hp_loss":0,"event_name":"WeMeetAgain","floor":21,"gold_loss":0},{"damage_healed":0,"gold_gain":0,"player_choice":"Forge","damage_taken":0,"max_hp_gain":0,"max_hp_loss":0,"event_name":"Accursed Blacksmith","floor":22,"gold_loss":0,"cards_upgraded":["Limit Break"]},{"cards_removed":["Strike_R"],"damage_healed":0,"gold_gain":0,"player_choice":"Give","damage_taken":0,"max_hp_gain":0,"max_hp_loss":0,"event_name":"betterNote:BetterNote","floor":30,"gold_loss":0,"cards_obtained":["Strike_R"]},{"damage_healed":0,"gold_gain":0,"player_choice":"Got Potions","damage_taken":0,"max_hp_gain":0,"max_hp_loss":0,"event_name":"Lab","floor":37,"gold_loss":0},{"cards_removed":["Defend_R"],"damage_healed":0,"gold_gain":0,"player_choice":"Removed Skill","damage_taken":0,"max_hp_gain":0,"max_hp_loss":0,"event_name":"Falling","floor":39,"gold_loss":0},{"damage_healed":0,"gold_gain":0,"player_choice":"Ignored","damage_taken":0,"max_hp_gain":0,"max_hp_loss":0,"event_name":"betterThird:BetterPortal","floor":47,"gold_loss":0}],"is_beta":false,"boss_relics":[{"not_picked":["ChewingGum","conspire:SlowCooker"],"picked":"Empty Cage"},{"not_picked":["Philosopher\u0027s Stone","Snecko Heart"],"picked":"infinitespire:Burning Sword"},{"not_picked":["Sozu","Honey Jar"],"picked":"Tiny House"}],"items_purged_floors":[10,19,36,53],"is_endless":true,"potions_floor_spawned":[1,3,5,8,13,25,33,42,50,54],"ascension_level":5}}