{"host":"5dk97cf2ubw2v967","time":1608653563,"event":{"mods":["AlwaysNeverKeys","BaseMod","Better Altar","Better Vampires","Block Reminder","Colored Powertips","Downfall","Googly Eyes","Highlight Path","Minty Spire (QoL Compilation)","Permanent Neow","Potion Indicator Mod","Quick Restart","Relic Filter","Relic Stats","Say the Spire","Spicy Shops","StSLib","Waifu the Spire","everything is the same but u backflip on backflip"],"gold_per_floor":[112,126,126,126,143,143,178,193,216,246,65,65,79,113,113,190,190,205,205,231,249,249,249],"floor_reached":22,"playtime":778,"items_purged":[],"score":408,"play_id":"769fcdd4-9202-441b-8245-b81edce6aa65","local_time":"20201222161243","is_ascension_mode":true,"campfire_choices":[{"data":"Neutralize","floor":6.0,"key":"SMITH"},{"floor":12.0,"key":"REST"},{"data":"Backflip","floor":15.0,"key":"SMITH"}],"circlet_count":0,"master_deck":["AscendersBane","Strike_G","Strike_G","Strike_G","Strike_G","Strike_G","Defend_G","Defend_G","Defend_G","Defend_G","Survivor","Neutralize+1","Backstab","Cloak And Dagger+1","Dagger Throw","Deflect","Underhanded Strike","All Out Attack","Infinite Blades+1","Dramatic Entrance","Backflip+1","Bullet Time","Blade Dance","Slice"],"relics":["WristBlade","Frozen Egg 2","PreservedInsect","Torii","Strawberry","Philosopher\u0027s Stone","Red Mask"],"acts_visited":["Exordium","TheCity"],"potions_floor_usage":[20,22],"damage_taken":[{"damage":5.0,"enemies":"2 Louse","floor":1.0,"turns":4.0},{"damage":0.0,"enemies":"Small Slimes","floor":2.0,"turns":3.0},{"damage":0.0,"enemies":"Cultist","floor":5.0,"turns":3.0},{"damage":6.0,"enemies":"Gremlin Nob","floor":7.0,"turns":3.0},{"damage":0.0,"enemies":"3 Louse","floor":8.0,"turns":3.0},{"damage":14.0,"enemies":"Lagavulin","floor":10.0,"turns":4.0},{"damage":0.0,"enemies":"Exordium Wildlife","floor":13.0,"turns":1.0},{"damage":8.0,"enemies":"Gremlin Nob","floor":14.0,"turns":3.0},{"damage":14.0,"enemies":"The Guardian","floor":16.0,"turns":13.0},{"damage":17.0,"enemies":"3 Byrds","floor":18.0,"turns":5.0},{"damage":9,"enemies":"Masked Bandits","floor":20,"turns":3},{"damage":20,"enemies":"Shell Parasite","floor":21,"turns":3},{"damage":2,"enemies":"Shelled Parasite and Fungi","floor":22,"turns":2}],"seed_played":"-8220331076850651738","potions_obtained":[{"floor":5.0,"key":"Explosive Potion"},{"floor":7.0,"key":"SkillPotion"},{"floor":13.0,"key":"SkillPotion"},{"floor":18.0,"key":"EssenceOfSteel"},{"floor":21,"key":"Block Potion"}],"is_trial":false,"path_per_floor":["M","M","?","?","M","R","E","M","T","E","$","R","M","E","R","B",null,"M","?","?","M","M"],"character_chosen":"THE_SILENT","items_purchased":["Infinite Blades+1","Dramatic Entrance"],"campfire_rested":1,"item_purchase_floors":[11,11],"current_hp_per_floor":[54,54,54,54,54,54,48,48,48,34,34,53,53,52,52,38,64,47,47,38,18,16,16],"gold":249,"neow_bonus":"BOSS_RELIC","is_daily":false,"chose_seed":false,"campfire_upgraded":2,"win_rate":0.0,"timestamp":1608653563,"path_taken":["M","M","?","?","M","R","E","?","T","E","$","R","M","E","R","BOSS","M","?","?","M","M"],"items_purchased_type":["Card","Card"],"build_version":"2020-12-13","purchased_purges":0,"victory":false,"max_hp_per_floor":[66,66,66,66,66,66,66,66,66,66,66,66,66,73,73,73,73,73,73,73,73,73,73],"relic_stats":{"Torii":47,"counters":[13,50],"PreservedInsect":55,"obtain_stats":[{"WristBlade":0,"Torii":10,"Strawberry":14,"Philosopher\u0027s Stone":17,"PreservedInsect":9,"Red Mask":20,"Frozen Egg 2":7,"Ring of the Snake":0},{"WristBlade":0,"Torii":6,"Strawberry":8,"Philosopher\u0027s Stone":9,"PreservedInsect":5,"Red Mask":11,"Frozen Egg 2":4,"Ring of the Snake":0},{"WristBlade":0,"Torii":20,"Strawberry":24,"Philosopher\u0027s Stone":37,"PreservedInsect":16,"Red Mask":45,"Frozen Egg 2":13,"Ring of the Snake":0}]},"card_choices":[{"not_picked":["Dodge and Roll","Distraction"],"picked":"Backstab","floor":1.0},{"not_picked":["Quick Slash","Sucker Punch"],"picked":"Cloak And Dagger","floor":2.0},{"not_picked":["Riddle With Holes","Flying Knee"],"picked":"Dagger Throw","floor":5.0},{"not_picked":["Distraction","Calculated Gamble"],"picked":"Deflect","floor":7.0},{"not_picked":["Dagger Spray","Flechettes"],"picked":"Underhanded Strike","floor":8.0},{"not_picked":["Bouncing Flask","Expertise"],"picked":"All Out Attack","floor":10.0},{"not_picked":["Predator","Dagger Spray"],"picked":"Backflip","floor":13.0},{"not_picked":["Noxious Fumes+1","Sucker Punch","Quick Slash"],"picked":"SKIP","floor":14.0},{"not_picked":["Storm of Steel","Unload"],"picked":"Bullet Time","floor":16.0},{"not_picked":["Deflect+1","Prepared"],"picked":"Blade Dance","floor":18.0},{"not_picked":["Acrobatics","Choke"],"picked":"Slice","floor":20},{"not_picked":["Dagger Throw","Flechettes","Doppelganger"],"picked":"SKIP","floor":21}],"player_experience":1249126,"relics_obtained":[{"floor":7.0,"key":"Frozen Egg 2"},{"floor":9.0,"key":"PreservedInsect"},{"floor":10.0,"key":"Torii"},{"floor":14.0,"key":"Strawberry"},{"floor":20,"key":"Red Mask"}],"event_choices":[{"cards_removed":["Defend_G"],"damage_healed":0.0,"max_hp_gain":0.0,"max_hp_loss":0.0,"gold_gain":0.0,"event_name":"Living Wall","player_choice":"Forget","floor":3.0,"gold_loss":0.0,"damage_taken":0.0},{"damage_healed":0.0,"max_hp_gain":0.0,"max_hp_loss":0.0,"gold_gain":0.0,"event_name":"Upgrade Shrine","player_choice":"Upgraded","floor":4.0,"gold_loss":0.0,"damage_taken":0.0,"cards_upgraded":["Cloak And Dagger"]},{"damage_healed":0.0,"max_hp_gain":0.0,"max_hp_loss":0.0,"gold_gain":0.0,"event_name":"Ghosts","player_choice":"Ignored","floor":19.0,"gold_loss":0.0,"damage_taken":0.0},{"damage_healed":0,"gold_gain":0,"player_choice":"Fought Bandits","damage_taken":0,"max_hp_gain":0,"max_hp_loss":0,"event_name":"Masked Bandits","floor":20,"gold_loss":0}],"is_beta":false,"boss_relics":[{"not_picked":["Empty Cage","Runic Dome"],"picked":"Philosopher\u0027s Stone"}],"items_purged_floors":[],"is_endless":false,"potions_floor_spawned":[5,7,13,18,21],"killed_by":"Shelled Parasite and Fungi","ascension_level":20}}