{"host":"0azimyi6n3ugndj4","time":1608638054,"event":{"mods":["BaseMod","Bestiary","Conspire","Curses Come First","Defuse TimeMaze Blight","Hyrulean Relics","Infinite Spire","Minty Spire (QoL Compilation)","Relic Sorter","Relic Stats","Replay The Spire","StSLib","SuperFastMode","Uncapped","¡¼?Úª?ø«¡½REMEMod"],"gold_per_floor":[129,54,105,105,135,240,240,315,315,411,411,471,471,528,528,788,788,844,900,900,900,933,1046,1048,1048],"floor_reached":24,"playtime":473,"items_purged":["Eruption","Pain"],"score":622,"play_id":"ddb5e13e-4135-4b70-937d-9a48c7f7c22e","local_time":"20201222205414","daily_mods":["Insanity","Chimera","Specialized","Vintage","ControlledChaos","Allstar","Diverse","Colorless Cards","Heirloom","Time Dilation","Binary","Elite Swarm","Lethality","Midas","Uncertain Future"],"is_ascension_mode":true,"campfire_choices":[{"floor":7,"key":"REST"},{"floor":13,"key":"REST"},{"floor":15,"key":"REST"}],"circlet_count":0,"master_deck":["Demon Form","Wraith Form v2","Echo Form","DevaForm","AscendersBane","Bash","Survivor","Zap","Strike_R","Strike_G","Strike_B","Defend_R","Defend_G","Defend_P","CutThroughFate","Headbutt","Warcry","Cleave","Pray","Backflip","Anger","Seeing Red","Dagger Spray","Deflect","Go for the Eyes","Hidden Blade","Replay:Sssssssssstrike","BowlingBash","Protect","Replay:Battleflow","Go for the Eyes","PathToVictory","Bane","Wild Strike","Run Through","SashWhip","Prostrate","Blade Dance","Body Slam","Replay:BluntJabs","Toxin Wave","Whirlwind","ReplayTheSpireMod:Strike From Hell","Finisher","Halt","Crippling Poison","EmptyFist","Sucker Punch","Ball Lightning","Replay:Bootleg Shield Generator","ReplayTheSpireMod:Private Reserves","Slice","ReplayTheSpireMod:Muscle Training","Consume","Perfected Strike","ReplayTheSpireMod:Muscle Training","Infinite Blades","Expertise","Hello World","Hologram","Armaments","Streamline","Cold Snap","Inflame","Inflame","Inflame","Inflame","Inflame","Sadistic Nature","Thinking Ahead","Transmutation","Dramatic Entrance","Deep Breath","REME_TwoStrings","Secret Weapon+1","MasterReality","Brutality","MasterReality","Secret Technique+1"],"relics":["Ring of the Snake","Frozen Eye","REME_ComplimentaryCards","infinitespire:Lychee Nut","StoneCalendar","Toxic Egg 2","Snake Skull","REME_PuzzleBoxRelic","zeldaRelics:CourageTriforce","zeldaRelics:WisdomTriforce","WarpedTongs","Ancient Tea Set","infinitespire:Midas Blood","Black Star","Replay:WaspNest","Kunai","The Specimen","HornCleat","Tiny Chest"],"acts_visited":["Exordium","TheCity"],"potions_floor_usage":[19,19,24],"damage_taken":[{"damage":13,"enemies":"Jaw Worm","floor":1,"turns":2},{"damage":11,"enemies":"2 Louse","floor":3,"turns":2},{"damage":4,"enemies":"Cultist","floor":5,"turns":3},{"damage":16,"enemies":"Gremlin Nob","floor":6,"turns":3},{"damage":19,"enemies":"Replay:BlueRogue","floor":8,"turns":3},{"damage":13,"enemies":"3 Sentries","floor":10,"turns":2},{"damage":0,"enemies":"Large Slime","floor":12,"turns":3},{"damage":0,"enemies":"Lots of Slimes","floor":14,"turns":2},{"damage":28,"enemies":"Fading Forest","floor":16,"turns":11},{"damage":26,"enemies":"Spheric Guardian","floor":18,"turns":4},{"damage":11,"enemies":"3 Byrds","floor":19,"turns":3},{"damage":0,"enemies":"Snecko","floor":22,"turns":1},{"damage":19,"enemies":"Nightmare","floor":23,"turns":4},{"damage":13,"enemies":"conspire:MimicChest","floor":24,"turns":3}],"seed_played":"2898378916402933181","potions_obtained":[{"floor":8,"key":"ColorlessPotion"},{"floor":10,"key":"Block Potion"},{"floor":16,"key":"DistilledChaos"},{"floor":22,"key":"SkillPotion"}],"is_trial":true,"path_per_floor":["M","$","M","?","M","E","R","E","T","E","?","M","R","M","R","B",null,"M","M","AVR","?","M","NM","?"],"character_chosen":"THE_SILENT","items_purchased":[],"campfire_rested":3,"item_purchase_floors":[],"current_hp_per_floor":[36,36,28,28,29,18,32,18,18,8,8,13,27,30,44,22,42,22,17,17,17,17,4,0,0],"gold":1048,"neow_bonus":"","is_daily":false,"chose_seed":false,"campfire_upgraded":0,"win_rate":0.0,"timestamp":1608638054,"path_taken":["M","$","M","?","M","E","R","E","T","E","?","?","R","M","R","BOSS","M","M","AVR","?","?","NM","?"],"items_purchased_type":[],"build_version":"2020-12-13","purchased_purges":2,"victory":false,"max_hp_per_floor":[49,49,49,49,49,49,49,49,49,49,49,49,49,49,49,49,49,49,49,49,49,49,49,49,49],"relic_stats":{"counters":[14,46],"StoneCalendar":[52],"Tiny Chest":0,"Snake Skull":[2],"Black Star":1,"Kunai":[5],"obtain_stats":[{"zeldaRelics:WisdomPiece":10,"The Specimen":20,"StoneCalendar":1,"Snake Skull":4,"Replay:WaspNest":18,"Ancient Tea Set":12,"zeldaRelics:CourageTriforce":9,"zeldaRelics:WisdomTriforce":23,"WarpedTongs":11,"Frozen Eye":0,"HornCleat":21,"infinitespire:Lychee Nut":0,"Tiny Chest":22,"zeldaRelics:CouragePiece":6,"Black Star":17,"Kunai":19,"Toxic Egg 2":3,"REME_PuzzleBoxRelic":5,"Ring of the Snake":0,"REME_ComplimentaryCards":0,"infinitespire:Midas Blood":14},{"zeldaRelics:WisdomPiece":6,"The Specimen":11,"StoneCalendar":1,"Snake Skull":2,"Replay:WaspNest":10,"Ancient Tea Set":7,"zeldaRelics:CourageTriforce":5,"zeldaRelics:WisdomTriforce":13,"WarpedTongs":6,"Frozen Eye":0,"HornCleat":11,"infinitespire:Lychee Nut":0,"Tiny Chest":12,"zeldaRelics:CouragePiece":4,"Black Star":9,"Kunai":11,"Toxic Egg 2":2,"REME_PuzzleBoxRelic":3,"Ring of the Snake":0,"REME_ComplimentaryCards":0,"infinitespire:Midas Blood":8},{"zeldaRelics:WisdomPiece":15,"The Specimen":38,"StoneCalendar":2,"Snake Skull":4,"Replay:WaspNest":35,"Ancient Tea Set":18,"zeldaRelics:CourageTriforce":13,"zeldaRelics:WisdomTriforce":43,"WarpedTongs":15,"Frozen Eye":0,"HornCleat":38,"infinitespire:Lychee Nut":0,"Tiny Chest":39,"zeldaRelics:CouragePiece":10,"Black Star":31,"Kunai":38,"Toxic Egg 2":4,"REME_PuzzleBoxRelic":7,"Ring of the Snake":0,"REME_ComplimentaryCards":0,"infinitespire:Midas Blood":20}],"Ring of the Snake":[28],"WarpedTongs":[31]},"card_choices":[{"not_picked":["Juggernaut"],"picked":"Secret Weapon+1","floor":6},{"not_picked":["REME_ForAll"],"picked":"MasterReality","floor":8},{"not_picked":["Mirror Shield+1"],"picked":"Brutality","floor":10},{"not_picked":["Fiend Fire"],"picked":"MasterReality","floor":16},{"not_picked":["Glass Knife"],"picked":"Secret Technique+1","floor":23}],"player_experience":1490702,"relics_obtained":[{"floor":1,"key":"StoneCalendar"},{"floor":3,"key":"Toxic Egg 2"},{"floor":4,"key":"Snake Skull"},{"floor":5,"key":"REME_PuzzleBoxRelic"},{"floor":6,"key":"zeldaRelics:CouragePiece"},{"floor":8,"key":"zeldaRelics:CouragePiece"},{"floor":9,"key":"zeldaRelics:CouragePiece"},{"floor":10,"key":"zeldaRelics:WisdomPiece"},{"floor":12,"key":"Ancient Tea Set"},{"floor":14,"key":"infinitespire:Midas Blood"},{"floor":18,"key":"Replay:WaspNest"},{"floor":19,"key":"Kunai"},{"floor":22,"key":"Tiny Chest"},{"floor":23,"key":"zeldaRelics:WisdomPiece"},{"floor":23,"key":"zeldaRelics:WisdomPiece"}],"event_choices":[{"damage_healed":0,"gold_gain":0,"player_choice":"Rummage","damage_taken":0,"relics_obtained":["WarpedTongs"],"max_hp_gain":0,"max_hp_loss":0,"event_name":"Accursed Blacksmith","floor":11,"gold_loss":0,"cards_obtained":["Pain"]},{"cards_removed":["Go for the Eyes"],"damage_healed":0,"gold_gain":0,"player_choice":"Gave Card","damage_taken":0,"relics_obtained":["HornCleat"],"max_hp_gain":0,"max_hp_loss":0,"event_name":"WeMeetAgain","floor":21,"gold_loss":0}],"is_beta":false,"boss_relics":[{"not_picked":["conspire:SeveredTorchhead","Calling Bell"],"picked":"Black Star"}],"items_purged_floors":[2,20],"is_endless":true,"potions_floor_spawned":[8,10,12,16,18,22],"killed_by":"conspire:MimicChest","ascension_level":20}}