{"host":"lhth1efayex2023z","time":1608607139,"event":{"mods":["BaseMod","Colored Map","Googly Eyes","Minty Spire (QoL Compilation)","StSLib"],"gold_per_floor":[116,216,6,22,22,54,54,73,73,73,73],"floor_reached":10,"playtime":610,"items_purged":["Decay"],"score":99,"play_id":"ff28c752-71b1-45c9-9d9f-4add9cd41522","local_time":"20201221201859","is_ascension_mode":true,"campfire_choices":[],"circlet_count":0,"master_deck":["AscendersBane","Strike_R","Strike_R","Strike_R","Strike_R","Strike_R","Defend_R","Defend_R","Defend_R","Defend_R","Bash","Metamorphosis","Evolve","Armaments+1","Entrench","Pummel","True Grit","Feed"],"relics":["Burning Blood","Du-Vu Doll","Nunchaku","StoneCalendar"],"acts_visited":["Exordium"],"potions_floor_usage":[],"damage_taken":[{"damage":8,"enemies":"2 Louse","floor":1,"turns":3},{"damage":6,"enemies":"Cultist","floor":4,"turns":4},{"damage":47,"enemies":"Gremlin Nob","floor":6,"turns":5},{"damage":5,"enemies":"Small Slimes","floor":8,"turns":3},{"damage":18,"enemies":"3 Sentries","floor":10,"turns":2}],"seed_played":"-3898286305622413081","potions_obtained":[{"floor":1,"key":"BlessingOfTheForge"},{"floor":8,"key":"LiquidBronze"}],"is_trial":false,"path_per_floor":["M","?","$","M","?","E","?","M","T","E"],"character_chosen":"IRONCLAD","items_purchased":["Armaments","Entrench"],"campfire_rested":0,"item_purchase_floors":[3,3],"current_hp_per_floor":[70,70,70,70,70,29,11,12,12,0,0],"gold":73,"neow_bonus":"RANDOM_COLORLESS_2","is_daily":false,"chose_seed":false,"campfire_upgraded":0,"win_rate":0.0,"timestamp":1608607139,"path_taken":["M","?","$","?","?","E","?","M","T","E"],"items_purchased_type":["Card","Card"],"build_version":"2020-12-13","purchased_purges":1,"victory":false,"max_hp_per_floor":[80,80,80,80,80,80,80,80,80,80,80],"card_choices":[{"not_picked":["Magnetism","Thinking Ahead"],"picked":"Metamorphosis","floor":0},{"not_picked":["Perfected Strike","Iron Wave"],"picked":"Evolve","floor":1},{"not_picked":["Hemokinesis","Sword Boomerang"],"picked":"Pummel","floor":4},{"not_picked":["Cleave","Perfected Strike"],"picked":"True Grit","floor":6},{"not_picked":["Heavy Blade","Cleave"],"picked":"Feed","floor":8}],"player_experience":382670,"relics_obtained":[{"floor":6,"key":"Du-Vu Doll"},{"floor":9,"key":"StoneCalendar"}],"event_choices":[{"damage_healed":0,"gold_gain":100,"player_choice":"Gold","damage_taken":0,"max_hp_gain":0,"max_hp_loss":0,"event_name":"Wheel of Change","floor":2,"gold_loss":0},{"damage_healed":0,"gold_gain":0,"player_choice":"Grow","damage_taken":0,"max_hp_gain":0,"max_hp_loss":0,"event_name":"Living Wall","floor":5,"gold_loss":0,"cards_upgraded":["Armaments"]},{"damage_healed":0,"gold_gain":0,"player_choice":"Success","damage_taken":18,"relics_obtained":["Nunchaku"],"max_hp_gain":0,"max_hp_loss":0,"event_name":"Scrap Ooze","floor":7,"gold_loss":0}],"is_beta":false,"boss_relics":[],"items_purged_floors":[3],"is_endless":false,"potions_floor_spawned":[1,8],"killed_by":"3 Sentries","ascension_level":10}}