{"host":"g75gtovmj0ine2rf","time":1608637565,"event":{"mods":["2.2 Compatiblity","AchievementEnabler","Act Like it!","Aspiration","Astrologer","Bard","BaseMod","Better Match","BetterRewards","CapriCore","Challenge The Spire","ChefMod","Colored Map","Conspire","Energized Spire","Friendly Minions","Gensokyo","Halation","Hallownest","Hermit","HexUI Lib","Highlight Path","Hubris","Infinite Spire","Jedi Mod","Lobotomy","Minty Spire (QoL Compilation)","Puzzle Mod","Quick Restart","Rare Cards Sparkle","Relic Stats","Replay The Spire","Shade Mod","Shop Mod","Spicy Shops","StSLib","SuperFastMode","The Construct","The Cursed","The Factory","The Jungle","The Runesmith","TheBandit","TheFirefly","TheSwordswoman","TheVacant","Transform Curses","Wandering Minibosses","thorton","vexMod"],"gold_per_floor":[116,116,129,129,129,160,175,207,234,245,12,12,39,59,59,130,130,140,155,173,173,123,158,158,216,216,216,171,197,197,226,226,371,371,390,390,390,365,396,396,420,420],"floor_reached":41,"playtime":2930,"items_purged":["wariomod:Strike","wariomod:Strike"],"score":923,"play_id":"dae20098-5552-48c0-992a-fc85df42b657","local_time":"20201222224605","is_ascension_mode":true,"campfire_choices":[{"floor":15.0,"key":"REST"},{"data":"hubris:Fate","floor":24.0,"key":"SMITH"},{"floor":27.0,"key":"REST"},{"data":"wariomod:Strike","floor":32,"key":"PURGE"},{"data":"wariomod:Enshrine","floor":40,"key":"SMITH"}],"circlet_count":0,"master_deck":["AscendersBane","wariomod:Strike","wariomod:Defend","wariomod:Defend","wariomod:Defend","wariomod:Defend","wariomod:Step+1","wariomod:Leap+1","wariomod:BodyBlock","wariomod:HappyHit+1","wariomod:TreasureDig","wariomod:ImFeelingLucky","wariomod:WhirlwindBurst+1","wariomod:SilenceBombs","wariomod:BoomForm+1","Gensokyo:AllTheWorldsEvil","astrologer:TheFool","wariomod:SpacialMastery+1","Jack Of All Trades","hubris:Fate+1","wariomod:WipeClean+1","conspire:SpireCoStock","wariomod:SilenceBombs+1","wariomod:RacingSpeed","wariomod:Enshrine+1","wariomod:HappyHop"],"relics":["wariomod:TheHat","aspiration:Nostalgia","chefmod:TrustyPot","ReplayFunnel","Mirror","halation:BottledLove","Simple Rune","Sling","Hallownest:DreamNailRelic","Pantograph","ReplayTheSpireMod:SealedPack","Red Mask","vexMod:ConsolationPrize","hubris:DeckOfHolding","Runesmith:Nanobots","vexMod:ImprovementManual","infinitespire:CursedDice","halation:Prosthetics","Hallownest:KingsIdolRelic","aspiration:Lifesprig"],"acts_visited":["Exordium","Hallownest:Greenpath","Hallownest:CityofTears"],"potions_floor_usage":[33,34,41],"damage_taken":[{"damage":0.0,"enemies":"Hallownest:monsterHuskWarrior","floor":1.0,"turns":4.0},{"damage":4.0,"enemies":"2_ Uuma","floor":3.0,"turns":5.0},{"damage":3.0,"enemies":"Hallownest:eliteMossKnight","floor":6.0,"turns":5.0},{"damage":13.0,"enemies":"Hallownest:2_Tiktiks_and_1_Crawlid","floor":7.0,"turns":4.0},{"damage":15.0,"enemies":"Hallownest:eliteCrystalGuardian","floor":8.0,"turns":8.0},{"damage":0.0,"enemies":"Hallownest:monsterAspidMother","floor":10.0,"turns":3.0},{"damage":5.0,"enemies":"Hallownest:eliteMossKnight","floor":13.0,"turns":5.0},{"damage":5.0,"enemies":"Hallownest:MossCreep_and_Mosskin","floor":14.0,"turns":6.0},{"damage":37.0,"enemies":"Hallownest:BossBrokenVessel","floor":16.0,"turns":11.0},{"damage":0.0,"enemies":"Hallownest:Guard_and_Sentry","floor":18.0,"turns":6.0},{"damage":27.0,"enemies":"Hallownest:3_Youths","floor":19.0,"turns":7.0},{"damage":15.0,"enemies":"Hallownest:2_Husk_Sentries","floor":20.0,"turns":7.0},{"damage":0.0,"enemies":"Hallownest:Nosk","floor":23.0,"turns":11.0},{"damage":23.0,"enemies":"Hallownest:eliteWatcherKnight","floor":25.0,"turns":14.0},{"damage":0,"enemies":"Hallownest:Nosk","floor":31,"turns":6},{"damage":67,"enemies":"Hallownest:BossMantisLord","floor":33,"turns":9},{"damage":3,"enemies":"Hallownest:3_Siblings","floor":35,"turns":3},{"damage":16,"enemies":"Hallownest:2_Littles","floor":39,"turns":3},{"damage":22,"enemies":"Hallownest:eliteCollector","floor":41,"turns":6}],"seed_played":"-5381744637515763833","potions_obtained":[{"floor":3.0,"key":"LiquidBronze"},{"floor":13.0,"key":"Weak Potion"},{"floor":16.0,"key":"GamblersBrew"},{"floor":31,"key":"jedi:holywater"},{"floor":33,"key":"Fruit Juice"},{"floor":35,"key":"Adrenaline Potion"}],"is_trial":false,"path_per_floor":["M","$","M","?","T","E","M","E","T","M","$","?","E","M","R","B",null,"M","M","M","?","?","E","R","E","T","R","?","T","AVR","E","R_BF","B",null,"M","?","?","?","M","R","E"],"character_chosen":"THE_BANDIT","items_purchased":["Sling"],"campfire_rested":2,"item_purchase_floors":[11],"current_hp_per_floor":[65,65,61,61,61,58,45,30,30,30,30,30,25,20,41,29,61,61,34,34,34,34,34,34,11,11,32,32,32,32,32,32,26,39,36,38,38,38,22,22,0,0,0],"gold":420,"neow_bonus":"NOSTALGIA","is_daily":false,"chose_seed":false,"campfire_upgraded":2,"win_rate":0.0,"timestamp":1608637565,"path_taken":["M","$","M","?","?","E","?","E","T","M","?","?","E","M","R","BOSS","M","?","M","?","?","E","R","E","T","R","?","?","AVR","E","R_BF","BOSS","M","?","?","?","?","R","E"],"items_purchased_type":["Relic"],"build_version":"2020-12-13","purchased_purges":2,"victory":false,"max_hp_per_floor":[72,72,72,72,72,72,72,72,72,72,72,72,72,72,72,72,72,72,72,72,72,72,72,72,72,72,72,72,72,72,72,72,72,42,42,42,42,42,42,42,42,42,42],"relic_stats":{"counters":[19,123],"Pantograph":50,"obtain_stats":[{"ReplayFunnel":5,"chefmod:TrustyPot":0,"Runesmith:Nanobots":26,"aspiration:Lifesprig":38,"aspiration:Nostalgia":0,"halation:BottledLove":8,"infinitespire:CursedDice":31,"wariomod:TheHat":0,"vexMod:ConsolationPrize":23,"ReplayTheSpireMod:SealedPack":17,"Hallownest:DreamNailRelic":12,"halation:Prosthetics":34,"Hallownest:KingsIdolRelic":37,"Sling":11,"Pantograph":13,"Simple Rune":9,"hubris:DeckOfHolding":25,"Red Mask":21,"Mirror":6,"vexMod:ImprovementManual":30},{"ReplayFunnel":2,"chefmod:TrustyPot":0,"Runesmith:Nanobots":14,"aspiration:Lifesprig":17,"aspiration:Nostalgia":0,"halation:BottledLove":5,"infinitespire:CursedDice":15,"wariomod:TheHat":0,"vexMod:ConsolationPrize":13,"ReplayTheSpireMod:SealedPack":9,"Hallownest:DreamNailRelic":6,"halation:Prosthetics":16,"Hallownest:KingsIdolRelic":17,"Sling":6,"Pantograph":7,"Simple Rune":5,"hubris:DeckOfHolding":14,"Red Mask":12,"Mirror":3,"vexMod:ImprovementManual":14},{"ReplayFunnel":9,"chefmod:TrustyPot":0,"Runesmith:Nanobots":96,"aspiration:Lifesprig":114,"aspiration:Nostalgia":0,"halation:BottledLove":26,"infinitespire:CursedDice":102,"wariomod:TheHat":0,"vexMod:ConsolationPrize":82,"ReplayTheSpireMod:SealedPack":51,"Hallownest:DreamNailRelic":29,"halation:Prosthetics":111,"Hallownest:KingsIdolRelic":114,"Sling":29,"Pantograph":34,"Simple Rune":26,"hubris:DeckOfHolding":96,"Red Mask":71,"Mirror":14,"vexMod:ImprovementManual":96}]},"card_choices":[{"not_picked":["wariomod:TempestBlasts","wariomod:DanceDash"],"picked":"wariomod:BodyBlock","floor":1.0},{"not_picked":["wariomod:BlastDash","wariomod:BoomBoom"],"picked":"wariomod:HappyHit","floor":3.0},{"not_picked":["wariomod:Smackflip","wariomod:Bombtime"],"picked":"wariomod:TreasureDig","floor":6.0},{"not_picked":["wariomod:Bombshield","wariomod:Game","wariomod:Boomsmack"],"picked":"SKIP","floor":7.0},{"not_picked":["wariomod:Bombshield","wariomod:AbandonGame"],"picked":"wariomod:ImFeelingLucky","floor":8.0},{"not_picked":["wariomod:SmackSlam","wariomod:GreaterGuard"],"picked":"wariomod:WhirlwindBurst","floor":10.0},{"not_picked":["wariomod:BodyBlock","wariomod:Bomblaster"],"picked":"wariomod:SilenceBombs","floor":13.0},{"not_picked":["wariomod:ThatsNotAll","wariomod:EndlessBlast","wariomod:DanceDash"],"picked":"SKIP","floor":14.0},{"not_picked":["wariomod:SpacialMastery","wariomod:DeadlyDash"],"picked":"wariomod:BoomForm","floor":16.0},{"not_picked":["bard:Inspire","wariomod:Step"],"picked":"astrologer:TheFool","floor":17.0},{"not_picked":["wariomod:FabulousPrizes","wariomod:GoAgain"],"picked":"wariomod:SpacialMastery","floor":17.0},{"not_picked":["Swift Strike","hubris:Ssssneak"],"picked":"Jack Of All Trades","floor":17.0},{"not_picked":["ReplayTheSpireMod:Chaos Vortex","infinitespire:Punishment"],"picked":"hubris:Fate","floor":17.0},{"not_picked":["wariomod:DanceDash","wariomod:Bombtime","wariomod:ChargeForth"],"picked":"SKIP","floor":18.0},{"not_picked":["wariomod:Game","wariomod:Hopshield"],"picked":"wariomod:WipeClean","floor":19.0},{"not_picked":["wariomod:DoubleDip","wariomod:OctoJump","wariomod:SimpleShield"],"picked":"SKIP","floor":20.0},{"not_picked":["wariomod:SpikeSlash","wariomod:SmackSlam"],"picked":"wariomod:SilenceBombs+1","floor":23.0},{"not_picked":["wariomod:EmptyMind","wariomod:HappyHit"],"picked":"wariomod:RacingSpeed","floor":25.0},{"not_picked":["wariomod:GodlyGift","wariomod:Goblast+1","wariomod:PayItForwards"],"picked":"SKIP","floor":31},{"not_picked":["wariomod:Sidestep","wariomod:ShipSmash"],"picked":"wariomod:Enshrine","floor":33},{"not_picked":["wariomod:SpaceSwap","wariomod:BoomBoom+1"],"picked":"wariomod:HappyHop","floor":35},{"not_picked":["wariomod:SimpleShield","wariomod:ImFeelingLucky","wariomod:BoomBoom"],"picked":"SKIP","floor":39}],"player_experience":1333669,"relics_obtained":[{"floor":5.0,"key":"ReplayFunnel"},{"floor":6.0,"key":"Mirror"},{"floor":8.0,"key":"halation:BottledLove"},{"floor":9.0,"key":"Simple Rune"},{"floor":13.0,"key":"Pantograph"},{"floor":23.0,"key":"vexMod:ConsolationPrize"},{"floor":25.0,"key":"hubris:DeckOfHolding"},{"floor":26.0,"key":"Runesmith:Nanobots"},{"floor":31,"key":"infinitespire:CursedDice"}],"event_choices":[{"damage_healed":0.0,"max_hp_gain":0.0,"max_hp_loss":0.0,"gold_gain":0.0,"event_name":"conspire:Investor","player_choice":"Invest 1","floor":22.0,"gold_loss":0.0,"damage_taken":0.0}],"is_beta":false,"boss_relics":[{"not_picked":["Replay:Drink Me","aspiration:SecretTechniqueScroll"],"picked":"ReplayTheSpireMod:SealedPack"},{"not_picked":["Replay:Bronze Core","aspiration:DefectSkillbook"],"picked":"halation:Prosthetics"}],"items_purged_floors":[11,30],"is_endless":false,"potions_floor_spawned":[3,13,16,18,31,33,35],"killed_by":"Hallownest:eliteCollector","ascension_level":17}}