{"host":"709gjpjg43u3i5a8","time":1608596238,"event":{"mods":["BaseMod","Colored Map","Colored Powertips","Downfall","Hermit","Hubris","Infinite Spire","Marisa????????","Minty Spire (QoL Compilation)","Remilia??????","StSLib","Td1madao Mod","The Animator","The Bug Knight","The Cursed","The Disciple","The Hierophant","The Jungle","The Servant 0.9.4"],"gold_per_floor":[111,111,35,48,48,74,74,74,74,91,123,123,170,14,14,131,131,153,153,153,176,194,210,210],"floor_reached":23,"playtime":2175,"items_purged":[],"score":224,"play_id":"cfb59e29-8caf-42de-870e-5f34c6664fa8","local_time":"20201221171718","is_ascension_mode":false,"campfire_choices":[{"data":"animator:Demiurge","floor":7,"key":"SMITH"},{"data":"animator:Cocytus","floor":12,"key":"SMITH"},{"floor":15,"key":"REST"}],"circlet_count":0,"master_deck":["animator:Strike_Konosuba","animator:Defend_Konosuba","animator:Strike","animator:Strike","animator:Strike","animator:Defend","animator:Defend","animator:Defend","animator:Kazuma","animator:Aqua","animator:Bozes+1","animator:Shalltear","animator:Demiurge+1","animator:Cocytus+1","animator:Envy","animator:Cocytus","animator:Megumin+2","animator:Darkness","animator:SwordMaiden","animator:Shalltear","infinitespire:FinalStrike","animator:Entoma","animator:Cocytus+1"],"relics":["animator:LivingPicture","animator:TheMissingPiece","NeowsBlessing","infinitespire:Midas Blood","Toy Ornithopter","Matryoshka","hubris:RunicObelisk","Question Card","hubris:HollowSoul"],"acts_visited":["Exordium","TheCity"],"potions_floor_usage":[16,23],"damage_taken":[{"damage":0,"enemies":"Jaw Worm","floor":1,"turns":1},{"damage":0,"enemies":"Cultist","floor":4,"turns":1},{"damage":0,"enemies":"HollowMod:MossKnight","floor":6,"turns":1},{"damage":0,"enemies":"Small Slimes","floor":10,"turns":5},{"damage":10,"enemies":"Blue Slaver","floor":11,"turns":6},{"damage":54,"enemies":"Lagavulin","floor":13,"turns":11},{"damage":21,"enemies":"Slime Boss","floor":16,"turns":13},{"damage":24,"enemies":"2 Thieves","floor":18,"turns":5},{"damage":14,"enemies":"Spheric Guardian","floor":21,"turns":6},{"damage":11,"enemies":"Snecko","floor":22,"turns":8},{"damage":19,"enemies":"Slavers","floor":23,"turns":1}],"seed_played":"-2888343561035896482","potions_obtained":[{"floor":4,"key":"Explosive Potion"},{"floor":6,"key":"sneckomod:MuddlingPotion"},{"floor":10,"key":"sneckomod:MuddlingPotion"},{"floor":13,"key":"LiquidBronze"}],"is_trial":false,"path_per_floor":["M","?","$","M","?","E","R","$","T","M","M","R","E","$","R","B",null,"M","?","AVR","M","M","E"],"character_chosen":"THE_ANIMATOR","items_purchased":["animator:Shalltear","animator:Megumin","animator:Darkness"],"campfire_rested":1,"item_purchase_floors":[3,14,14],"current_hp_per_floor":[66,66,66,66,66,66,66,66,66,66,58,58,6,6,25,11,66,44,44,44,32,23,0,0],"gold":210,"neow_bonus":"THREE_ENEMY_KILL","is_daily":false,"chose_seed":false,"campfire_upgraded":2,"win_rate":0.0,"timestamp":1608596238,"path_taken":["M","?","?","M","?","E","R","?","T","M","M","R","E","$","R","BOSS","M","?","AVR","M","M","E"],"items_purchased_type":["Card","Card","Card"],"build_version":"2020-12-13","purchased_purges":0,"victory":false,"max_hp_per_floor":[66,66,66,66,66,66,66,66,66,66,66,66,66,66,66,66,66,66,66,66,66,66,66,66],"card_choices":[{"not_picked":["animator:Mitsuba","animator:ElricEdward"],"picked":"animator:Bozes","floor":1},{"not_picked":["animator:HiiragiShinya","animator:Gluttony","animator:ChaikaBohdan"],"picked":"SKIP","floor":4},{"not_picked":["animator:ChaikaTrabant","animator:HighElfArcher"],"picked":"animator:Demiurge","floor":6},{"not_picked":["animator:NarberalGamma","animator:Sebas"],"picked":"animator:Cocytus","floor":10},{"not_picked":["animator:Gillette","animator:RoyMustang"],"picked":"animator:Envy","floor":11},{"not_picked":["animator:Mitsuba","animator:Verdia"],"picked":"animator:Cocytus","floor":13},{"not_picked":["animator:Father","animator:Wiz"],"picked":"animator:SwordMaiden","floor":16},{"not_picked":["animator:Mitsuba","animator:DwarfShaman+1"],"picked":"animator:Shalltear","floor":18},{"not_picked":["animator:PandorasActor","animator:NarberalGamma","animator:Cocytus"],"picked":"animator:Entoma","floor":21},{"not_picked":["animator:Mitsuba","animator:Shigure","animator:TukaLunaMarceau"],"picked":"animator:Cocytus+1","floor":22}],"player_experience":357409,"relics_obtained":[{"floor":6,"key":"infinitespire:Midas Blood"},{"floor":9,"key":"Toy Ornithopter"},{"floor":13,"key":"Matryoshka"}],"event_choices":[{"damage_healed":0,"gold_gain":0,"player_choice":"Ignored","damage_taken":0,"max_hp_gain":0,"max_hp_loss":0,"event_name":"NoteForYourself","floor":2,"gold_loss":0}],"is_beta":false,"boss_relics":[{"not_picked":["infinitespire:Cupcake","Ectoplasm"],"picked":"hubris:RunicObelisk"}],"items_purged_floors":[],"is_endless":false,"potions_floor_spawned":[4,6,10,13],"killed_by":"Slavers","ascension_level":0}}