{"host":"rd7y11747h4ctw9a","time":1608656505,"event":{"mods":["AchievementEnabler","BaseMod","Colored Map","Colored Powertips","Downfall","Minty Spire (QoL Compilation)","Rare Cards Sparkle","StSLib","The Blue Laboratory"],"gold_per_floor":[110,120,140,140,150,179,179,196,222,222,222,22,48,65,65,169,169,184,194,194,210,210,244,264,281,308,334,351,362,362,362,362,362,362],"floor_reached":33,"playtime":3589,"items_purged":[],"score":301,"play_id":"c376ba9f-58c9-43a7-8b53-c61bc430c40e","local_time":"20201222110145","is_ascension_mode":false,"campfire_choices":[{"data":"Anger","floor":10,"key":"SMITH"},{"data":"Anger","floor":15,"key":"SMITH"},{"floor":32,"key":"REST"}],"circlet_count":0,"master_deck":["Strike_R","Strike_R","Strike_R","Strike_R","Strike_R","Defend_R","Defend_R","Defend_R","Defend_R","Bash","Anger+1","Shockwave","Intimidate","Cleave","Rage+1","Anger+1","Shrug It Off","Thunderclap","Evolve","Impervious","Shrug It Off","Headbutt+1","Writhe","Seeing Red","Pommel Strike","Flex+1","Dropkick","Flex","Armaments"],"relics":["Burning Blood","Self Forming Clay","Bag of Preparation","ClockworkSouvenir","Bronze Scales","Fusion Hammer","Bag of Marbles","Omamori","Happy Flower","Mummified Hand","Enchiridion"],"acts_visited":["Exordium","TheCity"],"potions_floor_usage":[16,16,24,33,33,33],"damage_taken":[{"damage":1,"enemies":"Jaw Worm","floor":1,"turns":5},{"damage":2,"enemies":"2 Louse","floor":2,"turns":3},{"damage":5,"enemies":"Small Slimes","floor":3,"turns":3},{"damage":6,"enemies":"2 Fungi Beasts","floor":5,"turns":4},{"damage":35,"enemies":"3 Sentries","floor":6,"turns":9},{"damage":0,"enemies":"Exordium Wildlife","floor":8,"turns":5},{"damage":8,"enemies":"Lagavulin","floor":13,"turns":5},{"damage":16,"enemies":"Blue Slaver","floor":14,"turns":3},{"damage":25,"enemies":"The Guardian","floor":16,"turns":11},{"damage":4,"enemies":"3 Byrds","floor":18,"turns":3},{"damage":4,"enemies":"2 Thieves","floor":19,"turns":4},{"damage":1,"enemies":"Snecko","floor":21,"turns":5},{"damage":19,"enemies":"Book of Stabbing","floor":23,"turns":5},{"damage":5,"enemies":"Chosen and Byrds","floor":24,"turns":4},{"damage":0,"enemies":"Sentry and Sphere","floor":25,"turns":4},{"damage":14,"enemies":"Gremlin Leader","floor":27,"turns":6},{"damage":9,"enemies":"Centurion and Healer","floor":28,"turns":4},{"damage":4,"enemies":"Cultist and Chosen","floor":29,"turns":6},{"damage":93,"enemies":"Champ","floor":33,"turns":13}],"seed_played":"-7932940243971066199","potions_obtained":[{"floor":2,"key":"Guardian:BlockOnCardUsePotion"},{"floor":3,"key":"BloodPotion"},{"floor":6,"key":"blueLaboratory:PhilterOfMotion"},{"floor":18,"key":"SkillPotion"},{"floor":21,"key":"Explosive Potion"},{"floor":24,"key":"blueLaboratory:HummingbirdPotion"}],"is_trial":false,"path_per_floor":["M","M","M","?","M","E","?","M","T","R","?","$","E","M","R","B",null,"M","M","?","M","?","E","M","M","T","E","M","M","?","?","R","B"],"character_chosen":"IRONCLAD","items_purchased":["Shrug It Off","ClockworkSouvenir"],"campfire_rested":1,"item_purchase_floors":[12,12],"current_hp_per_floor":[88,88,88,88,88,59,59,65,65,65,65,65,63,53,53,34,88,88,88,88,88,71,58,59,65,65,57,54,56,40,40,67,0,0],"gold":362,"neow_bonus":"TEN_PERCENT_HP_BONUS","is_daily":false,"chose_seed":false,"campfire_upgraded":2,"win_rate":0.0,"timestamp":1608656505,"path_taken":["M","M","M","?","M","E","?","M","T","R","?","$","E","M","R","BOSS","M","M","?","M","?","E","M","M","T","E","M","M","?","?","R","BOSS"],"items_purchased_type":["Card","Relic"],"build_version":"2020-12-13","purchased_purges":0,"victory":false,"max_hp_per_floor":[88,88,88,88,88,88,88,88,88,88,88,88,88,88,88,88,88,88,88,88,88,93,93,93,93,93,93,93,93,93,93,93,93,93],"card_choices":[{"not_picked":["Body Slam","Iron Wave"],"picked":"Anger","floor":1},{"not_picked":["Havoc","Rampage"],"picked":"Shockwave","floor":2},{"not_picked":["Reckless Charge","Wild Strike"],"picked":"Intimidate","floor":3},{"not_picked":["Havoc","Body Slam"],"picked":"Cleave","floor":5},{"not_picked":["Impervious","Clash"],"picked":"Rage","floor":6},{"not_picked":["Clothesline","Wild Strike"],"picked":"Anger","floor":8},{"not_picked":["Havoc","Shrug It Off"],"picked":"Thunderclap","floor":13},{"not_picked":["Sentinel","Wild Strike"],"picked":"Evolve","floor":14},{"not_picked":["Bludgeon","Double Tap"],"picked":"Impervious","floor":16},{"not_picked":["Body Slam+1","Warcry"],"picked":"Shrug It Off","floor":18},{"not_picked":["Pommel Strike","True Grit"],"picked":"Headbutt+1","floor":19},{"not_picked":["True Grit","Armaments"],"picked":"Seeing Red","floor":21},{"not_picked":["Searing Blow+1","Thunderclap+1"],"picked":"Pommel Strike","floor":23},{"not_picked":["Havoc+1","Rampage+1"],"picked":"Flex+1","floor":24},{"not_picked":["Shrug It Off","Sword Boomerang"],"picked":"Dropkick","floor":25},{"not_picked":["Perfected Strike","Twin Strike","Immolate"],"picked":"SKIP","floor":27},{"not_picked":["Shockwave+1","Clothesline"],"picked":"Flex","floor":28},{"not_picked":["Second Wind+1","Pommel Strike"],"picked":"Armaments","floor":29}],"player_experience":222993,"relics_obtained":[{"floor":6,"key":"Self Forming Clay"},{"floor":9,"key":"Bag of Preparation"},{"floor":13,"key":"Bronze Scales"},{"floor":23,"key":"Omamori"},{"floor":26,"key":"Happy Flower"},{"floor":27,"key":"Mummified Hand"},{"floor":30,"key":"Enchiridion"}],"event_choices":[{"damage_healed":0,"gold_gain":0,"player_choice":"Ignored","damage_taken":0,"max_hp_gain":0,"max_hp_loss":0,"event_name":"Golden Wing","floor":4,"gold_loss":0},{"damage_healed":0,"gold_gain":0,"player_choice":"Grow","damage_taken":0,"max_hp_gain":0,"max_hp_loss":0,"event_name":"Living Wall","floor":7,"gold_loss":0,"cards_upgraded":["Rage"]},{"damage_healed":0,"gold_gain":0,"player_choice":"Ignored","damage_taken":0,"max_hp_gain":0,"max_hp_loss":0,"event_name":"Liars Game","floor":11,"gold_loss":0},{"damage_healed":0,"gold_gain":0,"player_choice":"Opened","damage_taken":0,"relics_obtained":["Bag of Marbles"],"max_hp_gain":0,"max_hp_loss":0,"event_name":"The Mausoleum","floor":20,"gold_loss":0,"cards_obtained":["Writhe"]},{"damage_healed":0,"gold_gain":0,"player_choice":"Shed Blood","damage_taken":22,"max_hp_gain":5,"max_hp_loss":0,"event_name":"Forgotten Altar","floor":22,"gold_loss":0},{"damage_healed":0,"gold_gain":0,"player_choice":"Obtained Book","damage_taken":16,"max_hp_gain":0,"max_hp_loss":0,"event_name":"Cursed Tome","floor":30,"gold_loss":0},{"damage_healed":0,"gold_gain":0,"player_choice":"Ignored","damage_taken":0,"max_hp_gain":0,"max_hp_loss":0,"event_name":"Ghosts","floor":31,"gold_loss":0}],"is_beta":false,"boss_relics":[{"not_picked":["Sozu","Empty Cage"],"picked":"Fusion Hammer"}],"items_purged_floors":[],"is_endless":false,"potions_floor_spawned":[2,3,6,16,18,21,24,27],"killed_by":"Champ","ascension_level":0}}