{"host":"npubv26u89aif4fa","time":1608623985,"event":{"mods":["Astrologer","BaseMod","Better Vampires","Better-Laid Plans","Colored Powertips","GifTheSpireLib","GungeonMod","HornydragonMod","Hubris","Jedi Mod","KinomotoSakuraMod(木之本樱)","Minty Spire (QoL Compilation)","Nova Terra(诺娃・泰拉)","Quick Restart","Remilia（蕾米莉亚）","Replay The Spire","StSLib","Td1madao Mod","The Administrix","The Alterego","The Bug Knight","The Cursed","The Dragon Tamer","The Hayseed","The Mystic","The Runesmith","TheWitcher","Yuri Mod","Yuyuko","【东方二次创作】八云紫mod"],"gold_per_floor":[115,133,63,13,13,13,48,68,68,82,92,92,104,168,168,272,272,292,342,412,422,472,506,569,579,579,610,624,638,669,7,7,112,112,128,178,197,261,311,340,340,372,451,484,484,498,560,588,588,688,688,688,54,86,86],"floor_reached":56,"playtime":6116,"items_purged":["alterego_mod:Strike","alterego_mod:Defend"],"score":1281,"play_id":"5a0eaf25-287e-4476-a144-f9b9a9f836ae","local_time":"20201222155945","is_ascension_mode":false,"campfire_choices":[{"floor":6.0,"key":"RECALL"},{"data":"alterego_mod:SakuraPetals","floor":15.0,"key":"SMITH"},{"floor":32.0,"key":"DIG"},{"data":"alterego_mod:Strike","floor":41.0,"key":"PURGE"},{"floor":45.0,"key":"DIG"},{"floor":49.0,"key":"DIG"},{"data":"alterego_mod:Strike","floor":52,"key":"PURGE"}],"circlet_count":0,"master_deck":["alterego_mod:Defend","alterego_mod:Defend","alterego_mod:Defend","alterego_mod:Impale","alterego_mod:BigMeatyClaws","alterego_mod:BrynhildrsRune","alterego_mod:Cushion","alterego_mod:SakuraPetals+1","alterego_mod:GachaTicket","alterego_mod:RidiculouslyBig","alterego_mod:Cooking","alterego_mod:SakuraPetals","alterego_mod:RocketPunch","alterego_mod:AlterEgo+1","alterego_mod:1TonWallop+1","Apotheosis+1","alterego_mod:DiscoLights","alterego_mod:BeGentle+1","alterego_mod:BeGentle+1","alterego_mod:MagicResistance+1","alterego_mod:Cushion","alterego_mod:Table+1","alterego_mod:Stockings+1","alterego_mod:Cushion","alterego_mod:Rake+1","alterego_mod:Rake","alterego_mod:DiscoLights+1","alterego_mod:SakuraLabyrinth","alterego_mod:DiscoLights","alterego_mod:RingBreak","alterego_mod:BiFurious+1","alterego_mod:MaintainEyeContact","alterego_mod:Clones+1","alterego_mod:Swimsuit+1","alterego_mod:Mirror+1","alterego_mod:Tantrum"],"relics":["alterego_mod:MasochisticConstitution","NeowsBlessing","ReplayTheSpireMod:Shallot","Snack Pack","Replay:Bottled Snecko","SsserpentHead","Sozu","Counterbalance","Replay:Multitool","Dream Catcher","hubris:TenFootPole","DemoMod:MonsterBlood","Guide Book","Lantern","Bag of Preparation","Honey Jar","hubris:Icosahedron","hubris:Potato","Boot","DemoMod:PinkGuonStone","Replay:Ringing Soul","DemoMod:MemoryAlloy","DemoMod:ClearGuonStone","Blood Vial","Bronze Scales","Toolbox","Pear","DemoMod:OrangeGuonStone"],"acts_visited":["Exordium","TheCity","TheBeyond","TheEnding"],"potions_floor_usage":[],"damage_taken":[{"damage":6.0,"enemies":"Cultist","floor":1.0,"turns":3.0},{"damage":3.0,"enemies":"Jaw Worm","floor":2.0,"turns":2.0},{"damage":6.0,"enemies":"Gremlin Nob","floor":7.0,"turns":4.0},{"damage":0.0,"enemies":"Small Slimes","floor":8.0,"turns":6.0},{"damage":3.0,"enemies":"Blue Slaver","floor":10.0,"turns":6.0},{"damage":1.0,"enemies":"2 Fungi Beasts","floor":11.0,"turns":4.0},{"damage":9.0,"enemies":"3 Louse","floor":13.0,"turns":3.0},{"damage":4.0,"enemies":"Red Slaver","floor":14.0,"turns":6.0},{"damage":34.0,"enemies":"Fading Forest","floor":16.0,"turns":11.0},{"damage":8.0,"enemies":"Spheric Guardian","floor":18.0,"turns":5.0},{"damage":19.0,"enemies":"Shell Parasite","floor":21.0,"turns":7.0},{"damage":14.0,"enemies":"Book of Stabbing","floor":23.0,"turns":8.0},{"damage":30.0,"enemies":"Shelled Parasite and Fungi","floor":24.0,"turns":6.0},{"damage":14.0,"enemies":"Snake Plant","floor":25.0,"turns":9.0},{"damage":4.0,"enemies":"Replay:Snechameleon","floor":27.0,"turns":7.0},{"damage":32.0,"enemies":"3 Cultists","floor":28.0,"turns":5.0},{"damage":17.0,"enemies":"Cultist and Chosen","floor":29.0,"turns":8.0},{"damage":13.0,"enemies":"Book of Stabbing","floor":30.0,"turns":9.0},{"damage":4.0,"enemies":"Automaton","floor":33.0,"turns":11.0},{"damage":0.0,"enemies":"Orb Walker","floor":35.0,"turns":4.0},{"damage":18.0,"enemies":"3 Shapes","floor":37.0,"turns":3.0},{"damage":5.0,"enemies":"3 Darklings","floor":38.0,"turns":4.0},{"damage":12.0,"enemies":"Nemesis","floor":40.0,"turns":8.0},{"damage":0.0,"enemies":"Reptomancer","floor":42.0,"turns":7.0},{"damage":0.0,"enemies":"Nemesis","floor":44.0,"turns":8.0},{"damage":7.0,"enemies":"Jaw Worm Horde","floor":46.0,"turns":5.0},{"damage":0.0,"enemies":"4 Shapes","floor":47.0,"turns":2.0},{"damage":0.0,"enemies":"Giant Head","floor":48.0,"turns":8.0},{"damage":14,"enemies":"Replay:Hell Engine","floor":50,"turns":10},{"damage":3,"enemies":"Shield and Spear","floor":54,"turns":4},{"damage":41,"enemies":"The Heart","floor":55,"turns":8}],"seed_played":"-8710028637644832016","potions_obtained":[{"floor":2.0,"key":"Explosive Potion"},{"floor":7.0,"key":"EssenceOfSteel"},{"floor":8.0,"key":"GamblersBrew"},{"floor":14.0,"key":"BlessingOfTheForge"}],"is_trial":false,"path_per_floor":["M","M","$","?","T","R","E","M","T","M","M","?","M","M","R","B",null,"M","?","?","M","?","E","M","M","T","E","M","M","E","$","R","B",null,"M","?","M","M","?","E","R","E","T","E","R","M","M","E","R","B",null,"R","$","E","B",null],"character_chosen":"The_Alterego","items_purchased":["alterego_mod:GachaTicket","DemoMod:MonsterBlood","alterego_mod:Rake","Guide Book","Lantern","Bronze Scales","Toolbox","Pear"],"campfire_rested":0,"item_purchase_floors":[3,31,31,31,31,53,53,53],"current_hp_per_floor":[71,72,72,72,72,72,73,73,73,74,74,74,70,72,72,78,78,73,73,54,53,53,58,42,45,45,54,29,26,30,37,37,54,95,95,95,78,97,97,98,98,98,105,108,108,112,115,118,118,119,119,119,129,133,134],"gold":86,"neow_bonus":"THREE_ENEMY_KILL","is_daily":false,"chose_seed":false,"campfire_upgraded":1,"win_rate":0.0,"timestamp":1608623985,"path_taken":["M","M","$","?","?","R","E","?","T","M","M","?","M","?","R","BOSS","M","?","?","M","?","E","?","M","T","E","M","M","E","$","R","BOSS","M","?","M","?","?","E","R","E","T","E","R","M","?","E","R","BOSS","R","$","E","BOSS"],"items_purchased_type":["Card","Relic","Card","Relic","Relic","Relic","Relic","Relic"],"build_version":"2020-12-13","purchased_purges":2,"victory":true,"max_hp_per_floor":[71,72,72,72,72,72,73,73,73,74,75,75,76,77,77,78,78,79,79,79,80,80,81,82,83,83,84,85,86,87,94,94,95,95,95,95,96,97,97,98,98,98,105,108,108,112,115,118,118,119,119,119,129,133,134],"card_choices":[{"not_picked":["alterego_mod:Maid","alterego_mod:Complex"],"picked":"alterego_mod:Cushion","floor":1.0},{"not_picked":["alterego_mod:TrashNCrash","alterego_mod:Belle"],"picked":"alterego_mod:SakuraPetals","floor":2.0},{"not_picked":["alterego_mod:DiscoLights","alterego_mod:ChallengeComplete"],"picked":"alterego_mod:RidiculouslyBig","floor":7.0},{"not_picked":["alterego_mod:PresenceConcealment","alterego_mod:Complex"],"picked":"alterego_mod:Cooking","floor":8.0},{"not_picked":["alterego_mod:PerceptionDisorder","alterego_mod:Bounce"],"picked":"alterego_mod:SakuraPetals","floor":10.0},{"not_picked":["alterego_mod:Cushion","alterego_mod:Valentines"],"picked":"alterego_mod:RocketPunch","floor":11.0},{"not_picked":["alterego_mod:PerceptionDisorder","alterego_mod:Maid","alterego_mod:BiFurious"],"picked":"SKIP","floor":13.0},{"not_picked":["alterego_mod:GoddessCore","alterego_mod:Clones","alterego_mod:BiFurious"],"picked":"SKIP","floor":14.0},{"not_picked":["alterego_mod:GIGAMILK","alterego_mod:Palingenesis"],"picked":"alterego_mod:AlterEgo","floor":16.0},{"not_picked":["alterego_mod:HighServant","alterego_mod:Complex+1"],"picked":"alterego_mod:1TonWallop+1","floor":18.0},{"not_picked":["alterego_mod:1TonWallop","alterego_mod:TrashNCrash"],"picked":"alterego_mod:DiscoLights","floor":20.0},{"not_picked":["alterego_mod:Swimsuit","alterego_mod:Maid"],"picked":"alterego_mod:BeGentle+1","floor":21.0},{"not_picked":["alterego_mod:MagicResistance","alterego_mod:GoddessCore","alterego_mod:Alter"],"picked":"SKIP","floor":23.0},{"not_picked":["alterego_mod:Birthday","alterego_mod:1TonWallop"],"picked":"alterego_mod:MagicResistance+1","floor":24.0},{"not_picked":["alterego_mod:Bloomers+1","alterego_mod:Maid"],"picked":"alterego_mod:Cushion","floor":25.0},{"not_picked":["alterego_mod:Pet","alterego_mod:Stockings+1"],"picked":"alterego_mod:Table+1","floor":27.0},{"not_picked":["alterego_mod:TrashNCrash","alterego_mod:BiFurious"],"picked":"alterego_mod:Stockings+1","floor":28.0},{"not_picked":["alterego_mod:SuperDuperMasochism+1","alterego_mod:Jiggle","alterego_mod:BeGentle"],"picked":"SKIP","floor":29.0},{"not_picked":["alterego_mod:Cycle","alterego_mod:Pet"],"picked":"alterego_mod:Cushion","floor":30.0},{"not_picked":["alterego_mod:IdEs","alterego_mod:BrynhildrRomantia"],"picked":"alterego_mod:Rake","floor":33.0},{"not_picked":["alterego_mod:Bunnysuit+1","alterego_mod:TrashNCrash+1","alterego_mod:Pet+1"],"picked":"alterego_mod:DiscoLights+1","floor":35.0},{"not_picked":["alterego_mod:Bounce+1","alterego_mod:BiFurious+1","alterego_mod:Pet+1"],"picked":"alterego_mod:SakuraLabyrinth","floor":37.0},{"not_picked":["alterego_mod:Punishment","alterego_mod:BeGentle+1","alterego_mod:ChallengeComplete"],"picked":"alterego_mod:DiscoLights","floor":38.0},{"not_picked":["alterego_mod:Birthday","alterego_mod:MaintainEyeContact","alterego_mod:BusterCard"],"picked":"alterego_mod:RingBreak","floor":40.0},{"not_picked":["alterego_mod:BeGentle+1","alterego_mod:BusterCard","alterego_mod:Pet+1"],"picked":"alterego_mod:BiFurious+1","floor":42.0},{"not_picked":["alterego_mod:Weigh","alterego_mod:VirginLaserPalladion","alterego_mod:PurpleHair+1"],"picked":"alterego_mod:MaintainEyeContact","floor":44.0},{"not_picked":["alterego_mod:Birthday","alterego_mod:SakuraPetals","alterego_mod:Cooking+1"],"picked":"alterego_mod:Clones+1","floor":46.0},{"not_picked":["alterego_mod:Table","alterego_mod:DustData+1","alterego_mod:1TonWallop"],"picked":"alterego_mod:Swimsuit+1","floor":47.0},{"not_picked":["alterego_mod:HighServant","alterego_mod:PerceptionDisorder","alterego_mod:Skirt"],"picked":"alterego_mod:Mirror+1","floor":48.0},{"not_picked":["alterego_mod:Clap","alterego_mod:Birthday+1","alterego_mod:Bunnysuit"],"picked":"alterego_mod:Tantrum","floor":54}],"player_experience":143930,"relics_obtained":[{"floor":5.0,"key":"ReplayTheSpireMod:Shallot"},{"floor":7.0,"key":"Snack Pack"},{"floor":9.0,"key":"Replay:Bottled Snecko"},{"floor":20.0,"key":"Counterbalance"},{"floor":23.0,"key":"Replay:Multitool"},{"floor":27.0,"key":"Dream Catcher"},{"floor":30.0,"key":"hubris:TenFootPole"},{"floor":32.0,"key":"Bag of Preparation"},{"floor":40.0,"key":"hubris:Potato"},{"floor":42.0,"key":"Boot"},{"floor":43.0,"key":"DemoMod:PinkGuonStone"},{"floor":44.0,"key":"Replay:Ringing Soul"},{"floor":45.0,"key":"DemoMod:MemoryAlloy"},{"floor":48.0,"key":"DemoMod:ClearGuonStone"},{"floor":49.0,"key":"Blood Vial"},{"floor":54,"key":"DemoMod:OrangeGuonStone"}],"event_choices":[{"cards_removed":["alterego_mod:Strike"],"damage_healed":0.0,"max_hp_gain":0.0,"max_hp_loss":0.0,"gold_gain":0.0,"event_name":"The Cleric","player_choice":"Card Removal","floor":4.0,"gold_loss":50.0,"damage_taken":0.0},{"damage_healed":0.0,"max_hp_gain":0.0,"max_hp_loss":0.0,"gold_gain":0.0,"event_name":"FaceTrader","player_choice":"Trade","floor":12.0,"gold_loss":0.0,"damage_taken":0.0,"relics_obtained":["SsserpentHead"]},{"damage_healed":0.0,"max_hp_gain":0.0,"max_hp_loss":0.0,"gold_gain":0.0,"event_name":"Duplicator","player_choice":"Copied","floor":22.0,"gold_loss":0.0,"damage_taken":0.0,"cards_obtained":["alterego_mod:BeGentle"]},{"damage_healed":0.0,"max_hp_gain":0.0,"max_hp_loss":0.0,"gold_gain":0.0,"event_name":"Accursed Blacksmith","player_choice":"Forge","floor":36.0,"gold_loss":0.0,"damage_taken":0.0,"cards_upgraded":["alterego_mod:AlterEgo"]}],"is_beta":false,"boss_relics":[{"not_picked":["hubris:TerracottaHorce","Tiny House"],"picked":"Sozu"},{"not_picked":["hubris:RunicObelisk","Painkiller Herb"],"picked":"Honey Jar"}],"items_purged_floors":[31,53],"is_endless":false,"potions_floor_spawned":[2,7,8,14,25,27,28,29,38,42,46,48],"ascension_level":0}}