{"host":"27cnk69rbdk9vsnt","time":1608637384,"event":{"mods":["BaseMod","Beaked The Cultist","Duelist Mod","Ekko","Energized Spire","Glutton Mod","JesterMod","Jorbs\u0027s Wanderer Trilogy","Mimic Mod","Minty Spire (QoL Compilation)","Shop Mod","StSLib","The Elementalist","Thieving Mod"],"gold_per_floor":[110,122,132,149,159,159,194,194,194,194,208,223,238,278,287,287,287],"floor_reached":16,"playtime":1736,"items_purged":[],"score":116,"play_id":"5bb9288f-f28d-46a8-9928-e2df438dd239","local_time":"20201222124304","is_ascension_mode":false,"campfire_choices":[{"data":"elementalist:Crystal_Chalk","floor":6,"key":"SMITH"},{"data":"elementalist:Ignition","floor":8,"key":"SMITH"},{"floor":10,"key":"REST"},{"floor":15,"key":"REST"}],"circlet_count":0,"master_deck":["elementalist:Air_Emblem","elementalist:Strike+Elemblue","elementalist:Defend_Elemblue","elementalist:Defend_Elemblue","elementalist:Defend_Elemblue","elementalist:Defend_Elemblue","elementalist:Defend_Elemblue","elementalist:Firestrike","elementalist:Earthstrike","elementalist:Waterstrike","elementalist:Airstrike","elementalist:Crystal_Chalk+1","elementalist:Spout","elementalist:Fission_Lance","elementalist:Fission_Lance","elementalist:Aegis","elementalist:Momentum","elementalist:Ignition+1","elementalist:Mist","elementalist:Prepared_Sand","elementalist:Widdershins_Conversion","elementalist:Impact","elementalist:Undertow","elementalist:Emberveil","elementalist:Absolute_Zero","elementalist:Stone_to_Mud"],"relics":["elementalistmod:MagusStaff","elementalistmod:RedRibbon","Meat on the Bone","Dream Catcher","CeramicFish"],"acts_visited":["Exordium"],"potions_floor_usage":[7,14,14],"damage_taken":[{"damage":1,"enemies":"2 Louse","floor":1,"turns":4},{"damage":2,"enemies":"Small Slimes","floor":2,"turns":4},{"damage":0,"enemies":"Cultist","floor":3,"turns":2},{"damage":5,"enemies":"Exordium Thugs","floor":4,"turns":5},{"damage":13,"enemies":"2 Fungi Beasts","floor":5,"turns":3},{"damage":26,"enemies":"Lagavulin","floor":7,"turns":5},{"damage":0,"enemies":"Looter","floor":11,"turns":2},{"damage":8,"enemies":"Exordium Wildlife","floor":12,"turns":4},{"damage":5,"enemies":"Gremlin Gang","floor":13,"turns":7},{"damage":27,"enemies":"Gremlin Nob","floor":14,"turns":5},{"damage":51,"enemies":"Slime Boss","floor":16,"turns":13}],"seed_played":"-7090792179082499674","potions_obtained":[{"floor":3,"key":"SkillPotion"},{"floor":4,"key":"Strength Potion"},{"floor":7,"key":"DuplicationPotion"},{"floor":12,"key":"GamblersBrew"},{"floor":13,"key":"ColorlessPotion"}],"is_trial":false,"path_per_floor":["M","M","M","M","M","R","E","R","T","R","M","M","M","E","R","B"],"character_chosen":"THE_ELEMENTALIST","items_purchased":[],"campfire_rested":2,"item_purchase_floors":[],"current_hp_per_floor":[76,74,74,69,56,56,30,30,30,53,53,45,40,25,48,0,0],"gold":287,"neow_bonus":"TEN_PERCENT_HP_BONUS","is_daily":false,"chose_seed":false,"campfire_upgraded":2,"win_rate":0.0,"timestamp":1608637384,"path_taken":["M","M","M","M","M","R","E","R","T","R","M","M","M","E","R","BOSS"],"items_purchased_type":[],"build_version":"2020-12-13","purchased_purges":0,"victory":false,"max_hp_per_floor":[77,77,77,77,77,77,77,77,77,77,77,77,77,77,77,77,77],"card_choices":[{"not_picked":["elementalist:Cyclone","elementalist:Breeze"],"picked":"elementalist:Spout","floor":1},{"not_picked":["elementalist:Spark","elementalist:Emberveil"],"picked":"elementalist:Fission_Lance","floor":2},{"not_picked":["elementalist:Low_Tides","elementalist:Gaian_Form"],"picked":"elementalist:Fission_Lance","floor":3},{"not_picked":["elementalist:Cyclone","elementalist:Overheat"],"picked":"elementalist:Aegis","floor":4},{"not_picked":["elementalist:Monument","elementalist:Magma_Shot"],"picked":"elementalist:Momentum","floor":5},{"not_picked":["elementalist:Overheat","elementalist:Rising_Tides"],"picked":"elementalist:Mist","floor":7},{"not_picked":["elementalist:Breeze","elementalist:Cyclone"],"picked":"elementalist:Prepared_Sand","floor":10},{"not_picked":["elementalist:Pressurize","elementalist:Emberveil"],"picked":"elementalist:Widdershins_Conversion","floor":11},{"not_picked":["elementalist:Monument","elementalist:Magma_Shot"],"picked":"elementalist:Impact","floor":12},{"not_picked":["elementalist:Monument","elementalist:Prepared_Sand"],"picked":"elementalist:Undertow","floor":13},{"not_picked":["elementalist:Aegis","elementalist:Monument"],"picked":"elementalist:Emberveil","floor":14},{"not_picked":["elementalist:Blaze","elementalist:Cyclone"],"picked":"elementalist:Stone_to_Mud","floor":15}],"player_experience":512634,"relics_obtained":[{"floor":7,"key":"Meat on the Bone"},{"floor":9,"key":"Dream Catcher"},{"floor":14,"key":"CeramicFish"}],"event_choices":[],"is_beta":false,"boss_relics":[],"items_purged_floors":[],"is_endless":false,"potions_floor_spawned":[3,4,7,12,13],"killed_by":"Slime Boss","ascension_level":0}}