{"host":"wvjetiwvtzv47vcu","time":1608632176,"event":{"mods":["AchievementEnabler","Act Like it!","BaseMod","BetterRewards","Colored Map","Colored Powertips","Downfall","Gensokyo","Hubris","Koishi","Marisa????????","Minty Spire (QoL Compilation)","Rare Cards Sparkle","StSLib","The Animator"],"gold_per_floor":[99,118,128,145,145,173,228,263,263,279,119,138,138,138,151,246,246,246,258,273,273,273,273,350,0,0,10,37,37,37,22,36,131,131,56,70,115,115,32,42,69,98,110,31,31,56,56,67,78,78],"floor_reached":51,"playtime":5151,"items_purged":[],"score":843,"play_id":"c96afb24-c358-44c4-a10d-cd7641918c58","local_time":"20201222021616","is_ascension_mode":true,"campfire_choices":[{"data":"expansioncontent:SuperHexaguard","floor":1.0,"key":"SMITH"},{"floor":13.0,"key":"REST"},{"data":"Guardian:SphericShield","floor":18.0,"key":"SMITH"},{"data":"1","floor":23,"key":"LIFT"},{"data":"2","floor":26,"key":"LIFT"},{"data":"3","floor":35,"key":"LIFT"},{"floor":45,"key":"RECALL"},{"data":"Guardian:SphericShield","floor":47,"key":"SMITH"}],"circlet_count":0,"master_deck":["Guardian:Strike_Guardian","Guardian:Strike_Guardian","Guardian:Strike_Guardian","Guardian:Strike_Guardian","Guardian:Defend_Guardian","Guardian:Defend_Guardian","Guardian:Defend_Guardian","Guardian:Defend_Guardian","Guardian:TwinSlam","expansioncontent:SuperHexaguard+1","Guardian:SpikerProtocol","Guardian:Orbwalk+1","Guardian:ShieldCharger","Guardian:Gem_Purple","Guardian:TimeCapacitor","Guardian:ArmoredProtocol","Guardian:Preprogram","Guardian:Recover","Guardian:DecasProtection","Guardian:SphericShield+1","Guardian:Gem_Fragmented","hubris:DuctTapeCard","Guardian:FloatingOrbs","hubris:EnhanceAbility","Guardian:TemporalShield+1","Guardian:SpikerProtocol+1","Guardian:RevengeProtocol","Guardian:ShieldCharger+1","Guardian:FloatingOrbs","Guardian:SphericShield+1","Thinking Ahead","Parasite"],"relics":["Guardian:ModeShifter","Lantern","Tiny Chest","Smiling Mask","SlaversCollar","Girya","hubris:BottledRain","hubris:DuctTape","PreservedInsect","Anchor","hubris:Towel","Singing Bowl","hubris:RunicObelisk","downfall:HeartBlessingGreen","hubris:BundleOfHerbs","Bronze Scales","Meat on the Bone","Pantograph"],"acts_visited":["Exordium","TheCity","TheBeyond"],"potions_floor_usage":[28,33,33,37,49,50,50],"damage_taken":[{"damage":0.0,"enemies":"Cultist","floor":2.0,"turns":4.0},{"damage":3.0,"enemies":"2 Louse","floor":3.0,"turns":3.0},{"damage":10.0,"enemies":"Jaw Worm","floor":4.0,"turns":5.0},{"damage":19.0,"enemies":"Lagavulin","floor":6.0,"turns":9.0},{"damage":27.0,"enemies":"Gremlin Nob","floor":8.0,"turns":7.0},{"damage":0.0,"enemies":"Red Slaver","floor":10.0,"turns":4.0},{"damage":0.0,"enemies":"downfall:FleeingMerchant","floor":11.0,"turns":4.0},{"damage":4.0,"enemies":"Blue Slaver","floor":12.0,"turns":5.0},{"damage":0.0,"enemies":"2 Fungi Beasts","floor":15.0,"turns":5.0},{"damage":20.0,"enemies":"downfall:Silent","floor":16.0,"turns":13.0},{"damage":11.0,"enemies":"Chosen","floor":19.0,"turns":8.0},{"damage":1,"enemies":"Spheric Guardian","floor":20,"turns":6},{"damage":0,"enemies":"downfall:FleeingMerchant","floor":25,"turns":4},{"damage":0,"enemies":"Shelled Parasite and Fungi","floor":27,"turns":6},{"damage":0,"enemies":"Slavers","floor":28,"turns":5},{"damage":0,"enemies":"downfall:FleeingMerchant","floor":31,"turns":4},{"damage":0,"enemies":"Snecko","floor":32,"turns":4},{"damage":24,"enemies":"downfall:Ironclad","floor":33,"turns":7},{"damage":0,"enemies":"Orb Walker","floor":36,"turns":4},{"damage":14,"enemies":"2 Orb Walkers","floor":37,"turns":6},{"damage":0,"enemies":"downfall:FleeingMerchant","floor":39,"turns":4},{"damage":1,"enemies":"3 Shapes","floor":40,"turns":4},{"damage":0,"enemies":"Giant Head","floor":42,"turns":7},{"damage":11,"enemies":"Jaw Worm Horde","floor":43,"turns":4},{"damage":0,"enemies":"downfall:FleeingMerchant","floor":44,"turns":2},{"damage":0,"enemies":"Writhing Mass","floor":48,"turns":6},{"damage":25,"enemies":"Transient","floor":49,"turns":5},{"damage":0,"enemies":"downfall:Watcher","floor":50,"turns":7}],"seed_played":"-254249100464987326","potions_obtained":[{"floor":4.0,"key":"Energy Potion"},{"floor":6.0,"key":"Ancient Potion"},{"floor":12.0,"key":"GamblersBrew"},{"floor":15.0,"key":"Explosive Potion"},{"floor":27,"key":"DistilledChaos"},{"floor":28,"key":"BlessingOfTheForge"},{"floor":32,"key":"SkillPotion"},{"floor":36,"key":"AttackPotion"},{"floor":37,"key":"champ:CounterPotion"},{"floor":42,"key":"Regen Potion"},{"floor":48,"key":"Weak Potion"}],"is_trial":false,"path_per_floor":["R","M","M","M","?","E","T","E","?","M","$","M","R","?","M","B",null,"R","M","M","T","?","R","T","$","R","M","E","?","T","$","M","B",null,"R","M","?","?","$","M","T","E","M","$","R","T","R","M","M","B",null],"character_chosen":"GUARDIAN","items_purchased":["Guardian:ArmoredProtocol","Guardian:Preprogram","hubris:EnhanceAbility","PreservedInsect","Guardian:FloatingOrbs","Thinking Ahead","Pantograph"],"campfire_rested":1,"item_purchase_floors":[11,11,25,25,39,44,44],"current_hp_per_floor":[80,80,77,67,67,48,48,21,21,21,21,17,41,67,67,47,80,80,69,68,68,68,68,68,68,68,68,68,68,68,70,72,48,84,84,86,74,74,74,73,73,75,72,74,74,74,74,76,53,98],"gold":78,"neow_bonus":"RANDOM_COLORLESS","is_daily":false,"chose_seed":false,"campfire_upgraded":3,"win_rate":0.0,"timestamp":1608632176,"path_taken":["R","M","M","?","?","E","T","E","?","M","$","?","R","?","M","BOSS","R","M","M","?","?","R","T","$","R","?","E","?","?","$","M","BOSS","R","M","?","?","?","M","T","E","M","$","R","?","R","M","M","BOSS"],"items_purchased_type":["Card","Card","Card","Relic","Card","Card","Relic"],"build_version":"2020-12-13","purchased_purges":0,"victory":true,"max_hp_per_floor":[80,80,80,80,80,80,80,80,80,80,80,80,80,80,80,80,80,80,80,80,80,80,80,80,80,80,80,80,80,80,82,84,84,84,84,86,88,88,88,88,88,90,92,94,94,94,94,96,98,98],"card_choices":[{"not_picked":["Blind","Discovery"],"picked":"expansioncontent:SuperHexaguard","floor":0.0},{"not_picked":["Guardian:VentSteam","Guardian:Suspension"],"picked":"Guardian:Gem_Fragmented","floor":2.0},{"not_picked":["Guardian:Gem_Cyan","Guardian:RollAttack"],"picked":"Guardian:SpikerProtocol","floor":3.0},{"not_picked":["Guardian:WalkerClaw","Guardian:Reroute"],"picked":"Guardian:Orbwalk","floor":4.0},{"not_picked":["Guardian:PolyBeam","Guardian:BaubleBeam"],"picked":"Guardian:ShieldCharger","floor":6.0},{"not_picked":["Guardian:BronzeArmor","Guardian:SpikerProtocol"],"picked":"Guardian:Gem_Purple","floor":8.0},{"not_picked":["Guardian:Incinerate","Guardian:Gem_Cyan"],"picked":"Guardian:TimeCapacitor","floor":10.0},{"not_picked":["Guardian:WalkerClaw","Guardian:Gem_Blue","Guardian:TemporalShield"],"picked":"SKIP","floor":11.0},{"not_picked":["Guardian:WalkerClaw","Guardian:PrimingBeam"],"picked":"Guardian:Recover","floor":12.0},{"not_picked":["Guardian:CrystalBeam","Guardian:ArmoredProtocol"],"picked":"Guardian:DecasProtection","floor":15.0},{"not_picked":["Guardian:FastForward","Guardian:Gem_Synthetic"],"picked":"Guardian:SphericShield","floor":16.0},{"not_picked":["Guardian:Reroute+1","Guardian:PiercingHide"],"picked":"Guardian:SentryBeam+1","floor":19.0},{"not_picked":["Guardian:Repulse","Guardian:Incinerate"],"picked":"Guardian:Gem_Fragmented","floor":20},{"not_picked":["Guardian:Planning","Guardian:ChargeCore"],"picked":"Guardian:FloatingOrbs","floor":25},{"not_picked":["Guardian:Gem_Fragmented","Guardian:Gem_Red"],"picked":"Guardian:TemporalShield+1","floor":27},{"not_picked":["Guardian:Emergency","Guardian:Preprogram+1"],"picked":"Guardian:SpikerProtocol+1","floor":28},{"not_picked":["Guardian:VentSteam","Guardian:Reroute+1","Guardian:PiercingHide+1"],"picked":"Singing Bowl","floor":31},{"not_picked":["Guardian:TimeCapacitor","Guardian:Suspension","Guardian:Gem_Blue"],"picked":"Singing Bowl","floor":32},{"not_picked":["Guardian:FastForward","Guardian:BaubleBeam"],"picked":"Guardian:RevengeProtocol","floor":33},{"not_picked":["Guardian:PrimingBeam","Guardian:PrismaticBeam","Guardian:Incinerate"],"picked":"Singing Bowl","floor":36},{"not_picked":["Guardian:Gem_Fragmented","Guardian:Emergency+1","Guardian:Incinerate"],"picked":"Singing Bowl","floor":37},{"not_picked":["Guardian:PrismaticBarrier","Guardian:Gem_Lightblue"],"picked":"Guardian:ShieldCharger+1","floor":39},{"not_picked":["Guardian:Gem_Red","Guardian:PiercingHide+1"],"picked":"Guardian:SphericShield","floor":40},{"not_picked":["Guardian:Gem_Lightblue","Guardian:HyperBeam_Guardian","Guardian:ChargeCore"],"picked":"Singing Bowl","floor":42},{"not_picked":["Guardian:Gem_Crimson","Guardian:Planning+1","Guardian:Gem_Red"],"picked":"Singing Bowl","floor":43},{"not_picked":["Guardian:VentSteam","Guardian:Planning","Guardian:Orbwalk"],"picked":"Singing Bowl","floor":44},{"not_picked":["Guardian:Reroute+1","Guardian:CrystalBeam+1","Guardian:PrimingBeam+1"],"picked":"Singing Bowl","floor":48},{"not_picked":["Guardian:RollAttack+1","Guardian:Recover","Guardian:Suspension+1"],"picked":"Singing Bowl","floor":49}],"player_experience":249958,"relics_obtained":[{"floor":6.0,"key":"Lantern"},{"floor":7.0,"key":"Tiny Chest"},{"floor":8.0,"key":"Smiling Mask"},{"floor":21,"key":"Girya"},{"floor":22,"key":"hubris:BottledRain"},{"floor":24,"key":"hubris:DuctTape"},{"floor":28,"key":"Anchor"},{"floor":30,"key":"Singing Bowl"},{"floor":37,"key":"hubris:BundleOfHerbs"},{"floor":41,"key":"Bronze Scales"},{"floor":42,"key":"Meat on the Bone"}],"event_choices":[{"damage_healed":0.0,"max_hp_gain":0.0,"max_hp_loss":0.0,"gold_gain":0.0,"event_name":"Living Wall","player_choice":"Grow","floor":5.0,"gold_loss":0.0,"damage_taken":0.0,"cards_upgraded":["Guardian:Orbwalk"]},{"damage_healed":26.0,"max_hp_gain":0.0,"max_hp_loss":0.0,"gold_gain":0.0,"event_name":"Big Fish","player_choice":"Banana","floor":14.0,"gold_loss":0.0,"damage_taken":0.0},{"damage_healed":0,"gold_gain":0,"player_choice":"Relic","damage_taken":0,"max_hp_gain":0,"max_hp_loss":0,"event_name":"Wheel of Change","floor":22,"gold_loss":0},{"damage_healed":0,"gold_gain":0,"player_choice":"Fight","damage_taken":0,"max_hp_gain":0,"max_hp_loss":0,"event_name":"Mysterious Sphere","floor":37,"gold_loss":0}],"is_beta":false,"boss_relics":[{"not_picked":["Ectoplasm","hubris:GrandSneckoEye"],"picked":"SlaversCollar"},{"not_picked":["Astrolabe","Empty Cage"],"picked":"hubris:RunicObelisk"}],"items_purged_floors":[],"is_endless":false,"potions_floor_spawned":[4,6,12,15,27,28,32,36,37,42,48],"ascension_level":1}}