{"host":"lh9qfzqeqctr28d2","time":1608624415,"event":{"mods":["BaseMod","Minty Spire (QoL Compilation)","Quick Restart","Relic Stats","StSLib","【东方二次创作】八云紫mod"],"gold_per_floor":[133,133,133,156,171,171,171],"floor_reached":6,"playtime":434,"items_purged":[],"score":36,"play_id":"ac6caf5c-8180-48f8-8373-9738ca005ff2","local_time":"20201222160655","is_ascension_mode":false,"campfire_choices":[],"circlet_count":0,"master_deck":["AT_purpleEX","AT_purpleEX","AT_purpleEX","AT_purpleEX","Defend_purpleEX","Defend_purpleEX","Defend_purpleEX","Defend_purpleEX","Observe_purple_1","Observe_purple_2","Mirror_FormAndEmptin_purple","RuleDissolution_purple","ProofOfUnderstanding_purple"],"relics":["Boundary_crack","Memoryfragments_purpleEX","Bronze Scales","Golden Idol","Tiny Chest"],"acts_visited":["Exordium"],"potions_floor_usage":[],"damage_taken":[{"damage":5,"enemies":"2 Louse","floor":1,"turns":2},{"damage":5,"enemies":"Small Slimes","floor":4,"turns":4},{"damage":5,"enemies":"Jaw Worm","floor":5,"turns":7},{"damage":49,"enemies":"Gremlin Nob","floor":6,"turns":4}],"seed_played":"-2784920624119976336","potions_obtained":[{"floor":1,"key":"Strength Potion"}],"is_trial":false,"path_per_floor":["M","?","?","M","M","E"],"character_chosen":"Youkari","items_purchased":[],"campfire_rested":0,"item_purchase_floors":[],"current_hp_per_floor":[66,49,42,42,42,0,0],"gold":171,"neow_bonus":"RANDOM_COMMON_RELIC","is_daily":false,"chose_seed":false,"campfire_upgraded":0,"win_rate":0.0,"timestamp":1608624415,"path_taken":["M","?","?","M","M","E"],"items_purchased_type":[],"build_version":"2020-12-13","purchased_purges":0,"victory":false,"max_hp_per_floor":[70,70,70,70,70,70,70],"relic_stats":{"counters":[4,17],"Golden Idol":8,"Bronze Scales":[34],"Tiny Chest":0,"obtain_stats":[{"Golden Idol":2,"Bronze Scales":0,"Tiny Chest":3,"Boundary_crack":0,"Memoryfragments_purpleEX":0},{"Golden Idol":1,"Bronze Scales":0,"Tiny Chest":1,"Boundary_crack":0,"Memoryfragments_purpleEX":0},{"Golden Idol":2,"Bronze Scales":0,"Tiny Chest":2,"Boundary_crack":0,"Memoryfragments_purpleEX":0}]},"card_choices":[{"not_picked":["EighthInstrument_OneDividesIntoTwo_purple","ExistenceContinue_purple"],"picked":"Mirror_FormAndEmptin_purple","floor":1},{"not_picked":["Realm_recovery_purpleEX","StateErode_purple"],"picked":"RuleDissolution_purple","floor":4},{"not_picked":["RuleDissolution_purple","Shallow_ocean_purpleEX"],"picked":"ProofOfUnderstanding_purple","floor":5}],"player_experience":270909,"relics_obtained":[],"event_choices":[{"damage_healed":0,"gold_gain":0,"player_choice":"Take Damage","damage_taken":17,"relics_obtained":["Golden Idol"],"max_hp_gain":0,"max_hp_loss":0,"event_name":"Golden Idol","floor":2,"gold_loss":0},{"damage_healed":0,"gold_gain":0,"player_choice":"Success","damage_taken":7,"relics_obtained":["Tiny Chest"],"max_hp_gain":0,"max_hp_loss":0,"event_name":"Scrap Ooze","floor":3,"gold_loss":0}],"is_beta":false,"boss_relics":[],"items_purged_floors":[],"is_endless":false,"potions_floor_spawned":[1],"killed_by":"Gremlin Nob","ascension_level":0}}