{"host":"mt3nndg5ku536gxi","time":1608632550,"event":{"mods":["BaseMod","Colored Powertips","Minty Spire (QoL Compilation)","Permanent Neow","Quick Restart","StSLib","UnlockEverythingMod"],"gold_per_floor":[113,188,204,204,204,240,240,284,284,284,320,9,34,57,57,150,150,173,173,196,209,8,8,8,52,78,78,109,122,122,155,155,251,251,272,288,306,306,321,352,352,393,393,409,444,777,777,803,803,803,803,803,239,265,265],"floor_reached":56,"playtime":4160,"items_purged":["Strike_P","Strike_P","Defend_P"],"score":2284,"play_id":"9028b889-0dde-414d-b8b0-1f330b71ad66","local_time":"20201222182230","is_ascension_mode":true,"campfire_choices":[{"data":"Eruption","floor":7.0,"key":"SMITH"},{"data":"Meditate","floor":10.0,"key":"SMITH"},{"data":"Reprogram","floor":15.0,"key":"SMITH"},{"data":"Omniscience","floor":23.0,"key":"SMITH"},{"data":"Vengeance","floor":30.0,"key":"SMITH"},{"data":"Doubt","floor":32.0,"key":"PURGE"},{"data":"Strike_P","floor":41.0,"key":"PURGE"},{"data":"Defend_P","floor":47.0,"key":"PURGE"},{"floor":49.0,"key":"RECALL"},{"data":"Defend_P","floor":52.0,"key":"PURGE"}],"circlet_count":0,"master_deck":["AscendersBane","Defend_P","Eruption+1","SignatureMove+1","Meditate+1","Vengeance+1","EmptyBody","Fasting2+1","Reprogram+1","Leg Sweep","Omniscience+1","Pummel+1","InnerPeace+1","MentalFortress+1","CutThroughFate+1","True Grit+1","DeusExMachina","Secret Technique","CurseOfTheBell","Calculated Gamble+1","Seeing Red","Body Slam","Reprogram+1","Adaptation+1"],"relics":["Cursed Key","Frozen Egg 2","Torii","Calipers","Bronze Scales","PrismaticShard","Sozu","Toy Ornithopter","MealTicket","Smiling Mask","Peace Pipe","Calling Bell","Omamori","Blue Candle","GoldenEye","Matryoshka","Bag of Marbles","Meat on the Bone","Whetstone","HornCleat","Toolbox","Boot"],"acts_visited":["Exordium","TheCity","TheBeyond","TheEnding"],"potions_floor_usage":[],"damage_taken":[{"damage":0.0,"enemies":"2 Louse","floor":1.0,"turns":2.0},{"damage":5.0,"enemies":"Small Slimes","floor":3.0,"turns":2.0},{"damage":16.0,"enemies":"Gremlin Nob","floor":6.0,"turns":3.0},{"damage":0.0,"enemies":"Lagavulin","floor":8.0,"turns":3.0},{"damage":3.0,"enemies":"3 Sentries","floor":11.0,"turns":5.0},{"damage":0.0,"enemies":"Cultist","floor":13.0,"turns":2.0},{"damage":0.0,"enemies":"Blue Slaver","floor":14.0,"turns":5.0},{"damage":7.0,"enemies":"Hexaghost","floor":16.0,"turns":9.0},{"damage":14.0,"enemies":"Shell Parasite","floor":18.0,"turns":6.0},{"damage":0.0,"enemies":"Chosen","floor":20.0,"turns":3.0},{"damage":0.0,"enemies":"Sentry and Sphere","floor":21.0,"turns":3.0},{"damage":0.0,"enemies":"Gremlin Leader","floor":25.0,"turns":6.0},{"damage":6.0,"enemies":"Book of Stabbing","floor":28.0,"turns":4.0},{"damage":0.0,"enemies":"Snecko","floor":29.0,"turns":5.0},{"damage":8.0,"enemies":"Slavers","floor":31.0,"turns":7.0},{"damage":7.0,"enemies":"Automaton","floor":33.0,"turns":10.0},{"damage":0.0,"enemies":"Orb Walker","floor":35.0,"turns":6.0},{"damage":1.0,"enemies":"3 Shapes","floor":36.0,"turns":5.0},{"damage":1.0,"enemies":"Spire Growth","floor":37.0,"turns":5.0},{"damage":0.0,"enemies":"Sphere and 2 Shapes","floor":39.0,"turns":5.0},{"damage":1.0,"enemies":"Nemesis","floor":40.0,"turns":5.0},{"damage":0.0,"enemies":"Giant Head","floor":42.0,"turns":6.0},{"damage":23.0,"enemies":"Jaw Worm Horde","floor":44.0,"turns":3.0},{"damage":15.0,"enemies":"Nemesis","floor":45.0,"turns":9.0},{"damage":15.0,"enemies":"Reptomancer","floor":48.0,"turns":3.0},{"damage":15.0,"enemies":"Time Eater","floor":50.0,"turns":16.0},{"damage":47.0,"enemies":"Shield and Spear","floor":54.0,"turns":6.0},{"damage":24,"enemies":"The Heart","floor":55,"turns":12}],"seed_played":"-443474213727624774","potions_obtained":[{"floor":1.0,"key":"Dexterity Potion"},{"floor":13.0,"key":"Fire Potion"}],"is_trial":false,"path_per_floor":["M","?","M","?","?","E","R","E","T","R","E","$","M","M","R","B",null,"M","?","M","M","$","R","?","E","T","T","E","M","R","E","R","B",null,"M","M","M","?","M","E","R","E","T","M","E","?","R","E","R","B",null,"R","$","E","B",null],"character_chosen":"WATCHER","items_purchased":["Fasting2+1","PrismaticShard","MentalFortress+1","CutThroughFate","Adaptation+1","HornCleat","Toolbox"],"campfire_rested":0,"item_purchase_floors":[12,12,22,22,53,53,53],"current_hp_per_floor":[61,50,45,38,38,22,22,22,22,22,19,19,19,19,19,12,50,36,36,36,36,36,36,36,36,36,36,30,30,30,27,27,20,52,52,51,50,50,50,49,49,49,49,38,35,35,35,32,32,34,55,55,62,27,15],"gold":265,"neow_bonus":"BOSS_RELIC","is_daily":false,"chose_seed":false,"campfire_upgraded":5,"win_rate":0.0,"timestamp":1608632550,"path_taken":["M","?","M","?","?","E","R","E","T","R","E","$","M","M","R","BOSS","M","?","M","?","$","R","?","E","T","?","E","M","R","E","R","BOSS","M","M","M","?","M","E","R","E","T","M","E","?","R","E","R","BOSS","R","$","E","BOSS"],"items_purchased_type":["Card","Relic","Card","Card","Card","Relic","Relic"],"build_version":"2020-12-13","purchased_purges":3,"victory":true,"max_hp_per_floor":[68,68,68,68,62,62,62,62,62,62,62,62,62,62,62,62,62,62,62,62,62,62,62,62,62,62,62,62,62,62,62,62,62,62,62,62,62,62,62,62,62,62,62,62,62,62,62,62,62,62,62,62,62,62,62],"card_choices":[{"not_picked":["Evaluate","PathToVictory"],"picked":"SignatureMove","floor":1.0},{"not_picked":["LikeWater","Halt"],"picked":"Meditate","floor":3.0},{"not_picked":["SashWhip","Swivel"],"picked":"Vengeance","floor":6.0},{"not_picked":["SashWhip","Judgement","Swivel"],"picked":"SKIP","floor":8.0},{"not_picked":["Wish","Consecrate"],"picked":"EmptyBody","floor":11.0},{"not_picked":["Second Wind","Poisoned Stab"],"picked":"Reprogram","floor":13.0},{"not_picked":["Flying Knee","CarveReality"],"picked":"Leg Sweep","floor":14.0},{"not_picked":["Brilliance","Storm of Steel"],"picked":"Omniscience","floor":16.0},{"not_picked":["Pommel Strike+1","CutThroughFate"],"picked":"Pummel+1","floor":18.0},{"not_picked":["PiercingWail","PanicButton"],"picked":"InnerPeace+1","floor":20.0},{"not_picked":["FollowUp","Sweeping Beam","Cloak And Dagger+1"],"picked":"SKIP","floor":21.0},{"not_picked":["Cloak And Dagger","Electrodynamics+1","Deadly Poison"],"picked":"SKIP","floor":25.0},{"not_picked":["TalkToTheHand","Blade Dance"],"picked":"True Grit+1","floor":28.0},{"not_picked":["Predator","Ball Lightning","BowlingBash"],"picked":"SKIP","floor":29.0},{"not_picked":["Sweeping Beam","Hello World+1"],"picked":"DeusExMachina","floor":31.0},{"not_picked":["Transmutation","Chrysalis"],"picked":"Secret Technique","floor":33.0},{"not_picked":["Enlightenment+1","Inflame+1"],"picked":"Calculated Gamble+1","floor":35.0},{"not_picked":["Beam Cell","Thunderclap","Deflect+1"],"picked":"SKIP","floor":36.0},{"not_picked":["Glacier","Outmaneuver+1","Dagger Throw+1"],"picked":"SKIP","floor":37.0},{"not_picked":["Nirvana+1","SashWhip"],"picked":"Seeing Red","floor":39.0},{"not_picked":["Deep Breath","Combust+1","WreathOfFlame"],"picked":"SKIP","floor":40.0},{"not_picked":["Deadly Poison","Compile Driver+1","Doom and Gloom"],"picked":"SKIP","floor":42.0},{"not_picked":["Magnetism+1","Sweeping Beam"],"picked":"Body Slam","floor":44.0},{"not_picked":["JustLucky","True Grit","WheelKick"],"picked":"SKIP","floor":45.0},{"not_picked":["Fusion+1","Fiend Fire"],"picked":"Reprogram+1","floor":48.0},{"not_picked":["ThirdEye+1","Infernal Blade","Stack"],"picked":"SKIP","floor":54.0}],"player_experience":143131,"relics_obtained":[{"floor":6.0,"key":"Frozen Egg 2"},{"floor":8.0,"key":"Torii"},{"floor":9.0,"key":"Calipers"},{"floor":11.0,"key":"Bronze Scales"},{"floor":25.0,"key":"Toy Ornithopter"},{"floor":26.0,"key":"MealTicket"},{"floor":28.0,"key":"Smiling Mask"},{"floor":31.0,"key":"Peace Pipe"},{"floor":34.0,"key":"Omamori"},{"floor":34.0,"key":"Blue Candle"},{"floor":34.0,"key":"GoldenEye"},{"floor":40.0,"key":"Matryoshka"},{"floor":42.0,"key":"Bag of Marbles"},{"floor":43.0,"key":"Meat on the Bone"},{"floor":45.0,"key":"Whetstone"},{"floor":54.0,"key":"Boot"}],"event_choices":[{"damage_healed":0.0,"max_hp_gain":0.0,"max_hp_loss":0.0,"gold_gain":75.0,"event_name":"World of Goop","player_choice":"Gather Gold","floor":2.0,"gold_loss":0.0,"damage_taken":11.0},{"cards_removed":["Strike_P"],"damage_healed":0.0,"max_hp_gain":0.0,"max_hp_loss":0.0,"gold_gain":0.0,"event_name":"Golden Wing","player_choice":"Card Removal","floor":4.0,"gold_loss":0.0,"damage_taken":7.0},{"damage_healed":0.0,"max_hp_gain":0.0,"max_hp_loss":6.0,"gold_gain":0.0,"event_name":"Golden Idol","player_choice":"Lose Max HP","floor":5.0,"gold_loss":0.0,"damage_taken":0.0,"relics_obtained":["Golden Idol"]},{"cards_removed":["Clumsy"],"damage_healed":0.0,"max_hp_gain":0.0,"max_hp_loss":0.0,"gold_gain":0.0,"event_name":"Fountain of Cleansing","player_choice":"Removed Curses","floor":19.0,"gold_loss":0.0,"damage_taken":0.0},{"damage_healed":0.0,"max_hp_gain":0.0,"max_hp_loss":0.0,"gold_gain":0.0,"event_name":"Vampires","player_choice":"Ignored","floor":24.0,"gold_loss":0.0,"damage_taken":0.0},{"cards_removed":["Vigilance"],"damage_healed":0.0,"max_hp_gain":0.0,"max_hp_loss":0.0,"gold_gain":0.0,"event_name":"Falling","player_choice":"Removed Skill","floor":38.0,"gold_loss":0.0,"damage_taken":0.0},{"damage_healed":0.0,"max_hp_gain":0.0,"max_hp_loss":0.0,"gold_gain":333.0,"event_name":"The Moai Head","player_choice":"Gave Idol","floor":46.0,"relics_lost":["Golden Idol"],"gold_loss":0.0,"damage_taken":0.0}],"is_beta":false,"boss_relics":[{"not_picked":["Astrolabe","Ectoplasm"],"picked":"Sozu"},{"not_picked":["Velvet Choker","Tiny House"],"picked":"Calling Bell"}],"items_purged_floors":[12,22,53],"is_endless":false,"potions_floor_spawned":[1,13,16,18,21,33,35,40,42,45,48,54],"ascension_level":16}}