{"host":"11nldytr3ftofh0e","time":1608671481,"event":{"mods":["BaseMod","Duelist Mod","Hermit","Minty Spire (QoL Compilation)","StSLib","The Hierophant","The Servant 0.9.4"],"gold_per_floor":[142,142,242,255,305,339,339,374,374,397,432,449,464,496,496,596,596,612,612,612,628,578,609,609,640,686,466,486,128,163,182,182,286,286,300,313,313,333,333,333,346,221,297,323,323,334,334,363,363,363],"floor_reached":51,"playtime":3427,"items_purged":["theDuelist:CastleWalls","Writhe","theDuelist:CastleWalls"],"score":1310,"play_id":"68690cf2-b95e-45a6-ae02-4f69e2ed9a87","local_time":"20201222161121","is_ascension_mode":true,"campfire_choices":[{"data":"theDuelist:ConvulsionNature","floor":7,"key":"SMITH"},{"floor":15,"key":"REST"},{"data":"theDuelist:CopyPlant","floor":24,"key":"SMITH"},{"data":"theDuelist:BrainCrusher","floor":32,"key":"SMITH"},{"data":"theDuelist:NaturiaSacredTree","floor":40,"key":"SMITH"},{"data":"theDuelist:NaturiaBrambi","floor":45,"key":"SMITH"},{"data":"theDuelist:Wiretap","floor":47,"key":"SMITH"},{"data":"theDuelist:Wiretap+1","floor":49,"key":"SMITH"}],"circlet_count":0,"master_deck":["theDuelist:ConvulsionNature+1","theDuelist:NaturiaRock+1","theDuelist:NaturiaCliff+1","theDuelist:Sparks","theDuelist:Sparks","theDuelist:CopyPlant+1","theDuelist:RockSunrise","theDuelist:NaturiaGaiastrio+1","theDuelist:NaturiaTulip+1","theDuelist:NaturiaBeast+1","theDuelist:NaturiaEggplant+1","theDuelist:CastleWalls","theDuelist:NaturiaHydrangea+1","theDuelist:NaturiaBarkion+1","theDuelist:NaturiaRosewhip+1","theDuelist:NaturiaSacredTree+1","theDuelist:NaturiaExterio+1","theDuelist:LonefireBlossom+1","theDuelist:Mudora","theDuelist:Sparks","CurseOfTheBell","theDuelist:NaturiaCherries+1","theDuelist:BrainCrusher+1","theDuelist:SliferSky","theDuelist:NaturiaPumpkin","theDuelist:ClosedForest","theDuelist:GolemSentry+1","theDuelist:NaturiaBrambi+1","theDuelist:Wiretap+2"],"relics":["theDuelist:MillenniumPuzzle","theDuelist:CardPoolRelic","theDuelist:CardPoolBasicRelic","theDuelist:BoosterPackPoolRelic","theDuelist:CardPoolAddRelic","theDuelist:CardPoolMinusRelic","theDuelist:CardPoolSaveRelic","theDuelist:CardPoolOptionsRelic","NeowsBlessing","theDuelist:NatureOrb","theDuelist:Leafblower","theDuelist:WhiteBowlRelic","Shuriken","Happy Flower","PreservedInsect","Vajra","Red Skull","Paper Crane","Calling Bell","theDuelist:ZoneToken","Ornamental Fan","theDuelist:ElectricBurst","White Beast Statue","Sundial","Centennial Puzzle","Ancient Tea Set","Blood Vial","theDuelist:NaturiaRelic","Bag of Marbles","Philosopher\u0027s Stone","theDuelist:BlessingAnubis","Molten Egg 2","Kunai"],"acts_visited":["Exordium","TheCity","TheBeyond"],"potions_floor_usage":[8,11,14,14,25,25,28,30,31,33,33,36,41,44,48,50,50,50],"damage_taken":[{"damage":0,"enemies":"Small Slimes","floor":1,"turns":1},{"damage":0,"enemies":"Cultist","floor":4,"turns":1},{"damage":0,"enemies":"Cultist","floor":5,"turns":1},{"damage":21,"enemies":"Lagavulin","floor":6,"turns":7},{"damage":20,"enemies":"Gremlin Nob","floor":8,"turns":4},{"damage":18,"enemies":"Lagavulin","floor":11,"turns":4},{"damage":0,"enemies":"Jaw Worm","floor":12,"turns":2},{"damage":10,"enemies":"Exordium Wildlife","floor":13,"turns":4},{"damage":0,"enemies":"Gremlin Nob","floor":14,"turns":2},{"damage":28,"enemies":"Slime Boss","floor":16,"turns":5},{"damage":0,"enemies":"Spheric Guardian","floor":18,"turns":3},{"damage":19,"enemies":"3 Byrds","floor":21,"turns":4},{"damage":0,"enemies":"theDuelist:KaibaA2","floor":23,"turns":4},{"damage":10,"enemies":"Slavers","floor":25,"turns":3},{"damage":0,"enemies":"Centurion and Healer","floor":28,"turns":3},{"damage":3,"enemies":"theDuelist:KaibaA2","floor":30,"turns":4},{"damage":0,"enemies":"Snake Plant","floor":31,"turns":2},{"damage":26,"enemies":"Champ","floor":33,"turns":5},{"damage":4,"enemies":"Orb Walker","floor":35,"turns":3},{"damage":31,"enemies":"3 Darklings","floor":36,"turns":3},{"damage":0,"enemies":"Sphere and 2 Shapes","floor":38,"turns":3},{"damage":11,"enemies":"Spire Growth","floor":41,"turns":3},{"damage":2,"enemies":"Nemesis","floor":44,"turns":4},{"damage":5,"enemies":"4 Shapes","floor":46,"turns":3},{"damage":24,"enemies":"Reptomancer","floor":48,"turns":4},{"damage":0,"enemies":"Donu and Deca","floor":50,"turns":4}],"seed_played":"-5996683680277422716","potions_obtained":[{"floor":1,"key":"theDuelist:SealedPackC"},{"floor":6,"key":"SteroidPotion"},{"floor":8,"key":"Fire Potion"},{"floor":13,"key":"Fire Potion"},{"floor":16,"key":"theDuelist:SummonFuryPotion"},{"floor":21,"key":"SpeedPotion"},{"floor":23,"key":"Swift Potion"},{"floor":25,"key":"Fire Potion"},{"floor":28,"key":"theDuelist:WhiteBottle"},{"floor":30,"key":"theDuelist:BurningPotion"},{"floor":31,"key":"theDuelist:CoolBottle"},{"floor":33,"key":"theDuelist:BarricadePotion"},{"floor":35,"key":"FearPotion"},{"floor":36,"key":"theDuelist:SummonArmorPotion"},{"floor":38,"key":"theDuelist:WaterBottle"},{"floor":41,"key":"theDuelist:StunPotion"},{"floor":44,"key":"theDuelist:SealedPack"},{"floor":46,"key":"theDuelist:SealedPackD"},{"floor":48,"key":"theDuelist:ElectricPotion"}],"is_trial":false,"path_per_floor":["M","?","?","M","?","E","R","E","T","T","E","M","M","E","R","B",null,"M","?","T","M","?","E","R","E","T","$","M","$","E","M","R","B",null,"M","M","?","M","?","R","M","$","T","E","R","M","R","E","R","B",null],"character_chosen":"THE_DUELIST","items_purchased":["theDuelist:NaturiaRelic","theDuelist:BrainCrusher","theDuelist:SliferSky"],"campfire_rested":1,"item_purchase_floors":[27,29,29],"current_hp_per_floor":[72,77,77,77,77,56,56,36,36,36,18,18,8,8,33,5,65,65,65,65,46,46,46,46,36,36,36,38,38,37,39,39,15,68,66,37,37,39,85,85,74,74,74,74,74,71,71,49,49,51],"gold":363,"neow_bonus":"THREE_ENEMY_KILL","is_daily":false,"chose_seed":false,"campfire_upgraded":7,"win_rate":0.0,"timestamp":1608671481,"path_taken":["M","?","?","?","?","E","R","E","T","?","E","M","M","E","R","BOSS","M","?","?","M","?","E","R","E","T","$","M","$","E","?","R","BOSS","M","M","?","M","?","R","M","$","T","E","R","?","R","E","R","BOSS"],"items_purchased_type":["Relic","Card","Card"],"build_version":"2020-12-13","purchased_purges":3,"victory":true,"max_hp_per_floor":[80,85,85,85,85,85,85,85,85,85,85,85,85,85,85,85,85,85,85,85,85,85,85,85,85,85,85,85,85,85,85,85,85,85,85,85,85,85,85,85,85,85,85,85,85,85,85,85,85,85],"card_choices":[{"not_picked":["theDuelist:NaturiaEggplant","theDuelist:NaturiaDragonfly","theDuelist:NaturiaCliff","theDuelist:NaturiaGuardian"],"picked":"theDuelist:NaturiaHydrangea","floor":1},{"not_picked":["theDuelist:BigFire","theDuelist:AttackTheMoon","theDuelist:Fissure","theDuelist:HammerShot"],"picked":"theDuelist:Mudora","floor":4},{"not_picked":["theDuelist:WingedKuriboh","theDuelist:GoldenApples","theDuelist:DarkCreator","theDuelist:PotDichotomy"],"picked":"theDuelist:RockSunrise","floor":5},{"not_picked":["theDuelist:NaturiaLeodrake","theDuelist:LeodrakeMane","theDuelist:Anteater"],"picked":"theDuelist:ConvulsionNature","floor":6},{"not_picked":["theDuelist:LeodrakeMane","theDuelist:LairWire","theDuelist:Anteater"],"picked":"theDuelist:NaturiaSacredTree","floor":8},{"not_picked":["theDuelist:NaturiaCliff","theDuelist:NaturiaStinkbug","theDuelist:NaturiaRock","theDuelist:NaturalDisaster"],"picked":"theDuelist:NaturiaEggplant","floor":11},{"not_picked":["theDuelist:ConvulsionNature","theDuelist:LeodrakeMane","theDuelist:Anteater","theDuelist:NatureReflection"],"picked":"theDuelist:NaturalDisaster","floor":12},{"not_picked":["theDuelist:SeedSacredTree","theDuelist:PotDuality","theDuelist:NaturiaMantis","theDuelist:NaturiaAntjaw"],"picked":"theDuelist:CopyPlant","floor":13},{"not_picked":["theDuelist:NaturiaHydrangea","theDuelist:NaturiaEggplant","theDuelist:NaturiaAntjaw","theDuelist:SpacetimeTranscendence"],"picked":"theDuelist:NaturiaRosewhip","floor":14},{"not_picked":["theDuelist:DemiseLand","theDuelist:HuntingInstinct","theDuelist:HeartUnderdog","theDuelist:NaturiaHorneedle"],"picked":"theDuelist:NaturiaBarkion","floor":16},{"not_picked":["theDuelist:SurvivalInstinct+1","theDuelist:BottomlessTrapHole"],"picked":"theDuelist:NaturiaGaiastrio+1","floor":18},{"not_picked":["theDuelist:NaturiaDragonfly","theDuelist:NaturiaRagweed","theDuelist:FossilDig","theDuelist:NaturiaRock"],"picked":"theDuelist:LonefireBlossom+1","floor":21},{"not_picked":["theDuelist:GracefulCharity","theDuelist:NaturiaMantis+1","theDuelist:FuryFire+1","theDuelist:NaturiaSpiderfang"],"picked":"theDuelist:NaturiaExterio","floor":23},{"not_picked":["theDuelist:NaturiaWhiteOak+1","theDuelist:NaturiaCosmobeet","theDuelist:NaturiaPineapple+1","theDuelist:NaturiaStagBeetle"],"picked":"theDuelist:NaturiaCherries+1","floor":25},{"not_picked":["theDuelist:NaturiaEggplant","theDuelist:NaturiaBambooShoot","theDuelist:NaturiaSunflower+1","theDuelist:PotDuality"],"picked":"theDuelist:WormBait+1","floor":28},{"not_picked":["theDuelist:Wildfire+1","theDuelist:NaturiaStrawberry+1"],"picked":"theDuelist:NaturiaPumpkin","floor":30},{"not_picked":["theDuelist:NaturiaHydrangea","theDuelist:NaturiaEggplant","theDuelist:NaturiaDragonfly","theDuelist:NaturiaCliff+1","theDuelist:NaturiaParadizo+1"],"picked":"SKIP","floor":31},{"not_picked":["theDuelist:DemiseLand","theDuelist:MultiplicationOfAnts+1","theDuelist:Wildfire+1","theDuelist:HeartUnderdog+1"],"picked":"theDuelist:ClosedForest","floor":33},{"not_picked":["theDuelist:NaturiaHydrangea","theDuelist:NaturiaEggplant","theDuelist:NaturiaDragonfly+1","theDuelist:NaturiaCliff","theDuelist:NaturiaParadizo+1"],"picked":"SKIP","floor":35},{"not_picked":["theDuelist:Fissure","theDuelist:GraniteLoyalist","theDuelist:GemElephant","theDuelist:RedMedicine+1"],"picked":"theDuelist:GolemSentry+1","floor":36},{"not_picked":["theDuelist:NaturiaHorneedle","theDuelist:NaturiaBeetle","theDuelist:NaturiaForest+1","theDuelist:NaturiaVein"],"picked":"theDuelist:NaturiaBrambi","floor":38},{"not_picked":["theDuelist:NaturiaEggplant+1","theDuelist:Spore","theDuelist:NaturiaRagweed","theDuelist:NaturiaMarron","theDuelist:NaturiaCherries+1"],"picked":"SKIP","floor":41},{"not_picked":["theDuelist:NaturiaEggplant+1","theDuelist:NaturiaMarron+1","theDuelist:Spore+1","theDuelist:NaturiaRock","theDuelist:LairWire"],"picked":"SKIP","floor":44},{"not_picked":["theDuelist:NaturiaHydrangea+1","theDuelist:NaturiaStinkbug","theDuelist:NaturiaCliff+1","theDuelist:NaturiaEggplant+1"],"picked":"theDuelist:Wiretap","floor":46},{"not_picked":["theDuelist:BigFire+1","theDuelist:GraniteLoyalist+1","theDuelist:MudragonSwamp+1","theDuelist:Sangan+1","theDuelist:MillenniumGolem+1"],"picked":"SKIP","floor":48}],"player_experience":161300,"relics_obtained":[{"floor":5,"key":"theDuelist:NatureOrb"},{"floor":5,"key":"theDuelist:Leafblower"},{"floor":5,"key":"theDuelist:WhiteBowlRelic"},{"floor":6,"key":"Shuriken"},{"floor":8,"key":"Happy Flower"},{"floor":9,"key":"PreservedInsect"},{"floor":10,"key":"Vajra"},{"floor":11,"key":"Red Skull"},{"floor":14,"key":"Paper Crane"},{"floor":17,"key":"theDuelist:ZoneToken"},{"floor":17,"key":"Ornamental Fan"},{"floor":17,"key":"theDuelist:ElectricBurst"},{"floor":20,"key":"Sundial"},{"floor":23,"key":"Centennial Puzzle"},{"floor":25,"key":"Ancient Tea Set"},{"floor":26,"key":"Blood Vial"},{"floor":30,"key":"Bag of Marbles"},{"floor":43,"key":"theDuelist:BlessingAnubis"},{"floor":44,"key":"Molten Egg 2"},{"floor":48,"key":"Kunai"}],"event_choices":[{"damage_healed":0,"gold_gain":0,"player_choice":"Donut","damage_taken":0,"max_hp_gain":5,"max_hp_loss":0,"event_name":"Big Fish","floor":2,"gold_loss":0},{"damage_healed":0,"gold_gain":100,"player_choice":"Pray","damage_taken":0,"max_hp_gain":0,"max_hp_loss":0,"event_name":"Golden Shrine","floor":3,"gold_loss":0},{"damage_healed":0,"gold_gain":0,"player_choice":"Fight","duelist":true,"damage_taken":0,"max_hp_gain":0,"max_hp_loss":0,"event_name":"Battle City","floor":5,"gold_loss":0},{"damage_healed":0,"gold_gain":0,"player_choice":"Opened","damage_taken":0,"relics_obtained":["White Beast Statue"],"max_hp_gain":0,"max_hp_loss":0,"event_name":"The Mausoleum","floor":19,"gold_loss":0,"cards_obtained":["Writhe"]},{"damage_healed":0,"gold_gain":0,"player_choice":"Bet on Murderer","damage_taken":0,"max_hp_gain":0,"max_hp_loss":0,"event_name":"The Joust","floor":22,"gold_loss":50},{"damage_healed":0,"gold_gain":0,"player_choice":"Leave","duelist":true,"damage_taken":0,"max_hp_gain":0,"max_hp_loss":0,"event_name":"Egyptian Village","floor":37,"gold_loss":0},{"cards_removed":["theDuelist:NaturalDisaster"],"damage_healed":46,"gold_gain":0,"player_choice":"Offered Uncommon","damage_taken":0,"max_hp_gain":0,"max_hp_loss":0,"event_name":"Bonfire Elementals","floor":39,"gold_loss":0}],"is_beta":false,"boss_relics":[{"not_picked":["theDuelist:MillenniumKey","Runic Pyramid"],"picked":"Calling Bell"},{"not_picked":["HoveringKite","theDuelist:HauntedRelic"],"picked":"Philosopher\u0027s Stone"}],"items_purged_floors":[27,29,42],"is_endless":false,"potions_floor_spawned":[1,6,8,13,16,21,23,25,28,30,31,33,35,36,38,41,44,46,48],"ascension_level":7}}