{"host":"f9ntswufr8mq3t4y","time":1608644716,"event":{"mods":["AchievementEnabler","BaseMod","Best Route Mod","Block Reminder","Colored Map","Colored Powertips","DeckTracker","Highlight Path","Minty Spire (QoL Compilation)","Permanent Neow","Quick Restart"],"gold_per_floor":[112,125,75,75,93,93,133,133,133,133,133,161,161,176,176,176,176],"floor_reached":16,"playtime":894,"items_purged":[],"score":115,"play_id":"dc2a3719-e5ce-4e1b-b18a-8e436e463473","local_time":"20201222164516","is_ascension_mode":true,"campfire_choices":[{"data":"Transmutation","floor":6,"key":"SMITH"},{"data":"Recycle","floor":8,"key":"SMITH"},{"floor":10,"key":"REST"},{"floor":13,"key":"REST"},{"data":"Reinforced Body","floor":15,"key":"SMITH"}],"circlet_count":0,"master_deck":["Strike_B","Strike_B","Strike_B","Defend_B","Defend_B","Defend_B","Defend_B","Zap","Dualcast","Transmutation+1","Recycle+1","Auto Shields","Reinforced Body+1","Auto Shields"],"relics":["Cracked Core","CeramicFish","Cables"],"acts_visited":[],"potions_floor_usage":[12],"damage_taken":[{"damage":0,"enemies":"2 Louse","floor":1,"turns":3},{"damage":18,"enemies":"Jaw Worm","floor":2,"turns":4},{"damage":0,"enemies":"Cultist","floor":5,"turns":5},{"damage":27,"enemies":"Lots of Slimes","floor":7,"turns":3},{"damage":8,"enemies":"Lagavulin","floor":12,"turns":7},{"damage":12,"enemies":"Large Slime","floor":14,"turns":6},{"damage":66,"enemies":"Slime Boss","floor":16,"turns":17}],"seed_played":"-1623140034906856028","potions_obtained":[{"floor":5,"key":"Fire Potion"}],"is_trial":false,"path_per_floor":["M","M","?","?","M","R","M","R","T","R","?","E","R","M","R","B"],"character_chosen":"DEFECT","items_purchased":[],"campfire_rested":2,"item_purchase_floors":[],"current_hp_per_floor":[75,57,57,62,62,62,35,35,35,59,59,51,75,63,63,0,0],"gold":176,"neow_bonus":"RANDOM_COLORLESS_2","is_daily":false,"chose_seed":false,"campfire_upgraded":3,"win_rate":0.0,"timestamp":1608644716,"path_taken":["M","M","?","?","M","R","M","R","T","R","?","E","R","?","R","BOSS"],"items_purchased_type":[],"build_version":"2020-12-13","purchased_purges":0,"victory":false,"max_hp_per_floor":[75,75,75,80,80,80,80,80,80,80,80,80,80,80,80,80,80],"card_choices":[{"not_picked":["Secret Weapon","Sadistic Nature"],"picked":"Transmutation","floor":0},{"not_picked":["Turbo","Ball Lightning"],"picked":"Recycle","floor":1},{"not_picked":["Consume","Ball Lightning"],"picked":"Auto Shields","floor":2},{"not_picked":["Chaos","Scrape"],"picked":"Reinforced Body","floor":5},{"not_picked":["Ball Lightning","Leap"],"picked":"Auto Shields","floor":7},{"not_picked":["Redo","Steam","Sunder"],"picked":"SKIP","floor":12},{"not_picked":["Go for the Eyes","Heatsinks","Compile Driver"],"picked":"SKIP","floor":14}],"player_experience":321406,"relics_obtained":[{"floor":9,"key":"CeramicFish"},{"floor":12,"key":"Cables"}],"event_choices":[{"cards_removed":["Writhe"],"damage_healed":0,"gold_gain":0,"player_choice":"Card Removal","damage_taken":0,"max_hp_gain":0,"max_hp_loss":0,"event_name":"The Cleric","floor":3,"gold_loss":50},{"damage_healed":0,"gold_gain":0,"player_choice":"Donut","damage_taken":0,"max_hp_gain":5,"max_hp_loss":0,"event_name":"Big Fish","floor":4,"gold_loss":0},{"cards_removed":["Strike_B"],"damage_healed":0,"gold_gain":0,"player_choice":"Offered Basic","damage_taken":0,"max_hp_gain":0,"max_hp_loss":0,"event_name":"Bonfire Elementals","floor":11,"gold_loss":0}],"is_beta":false,"boss_relics":[],"items_purged_floors":[],"is_endless":false,"potions_floor_spawned":[5],"killed_by":"Slime Boss","ascension_level":3}}