{"host":"6qo42zgaknezulyg","time":1608613741,"event":{"mods":["2.2 Compatiblity","BaseMod","Keyboard Shortcuts","Minty Spire (QoL Compilation)","Permanent Neow","Quick Restart","StSLib","SuperFastMode","The Runesmith"],"gold_per_floor":[12,28,41,55,65,93,93,128,128,128,142,142,34,48,48,148,148,159,159,174,174,200,230,230,230,257,291,303,320,348,366,366,467,467,484,409,423,433,433,433,449,799,852,863,873,511,256,256,256,256],"floor_reached":51,"playtime":2873,"items_purged":["Runesmith:Strike_RS","Runesmith:CraftFirestone","Runesmith:Strike_RS+1"],"score":908,"play_id":"9fcb5a40-648c-4a54-93d6-60e09d4824a7","local_time":"20201222140901","is_ascension_mode":true,"campfire_choices":[{"data":"Runesmith:Firestorm","floor":7.0,"key":"SMITH"},{"floor":12.0,"key":"REST"},{"data":"Runesmith:Superposition","floor":15.0,"key":"SMITH"},{"floor":24.0,"key":"REST"},{"data":"Runesmith:PoweredAnvil","floor":32.0,"key":"SMITH"},{"data":"Runesmith:Permafrost","floor":40.0,"key":"SMITH"},{"floor":49,"key":"REST"}],"circlet_count":0,"master_deck":["Runesmith:Defend_RS","Runesmith:Defend_RS","Runesmith:Defend_RS","Runesmith:Defend_RS","Runesmith:Fortify","Runesmith:ElementalConversion","Runesmith:Prism","Runesmith:Firestorm+1","Runesmith:BackupBattery","Runesmith:FrozenChisel+1","Runesmith:Firewall","Runesmith:Accelerate","Runesmith:Superposition+1","Runesmith:Permafrost+1","Runesmith:Attraction","Runesmith:LastStand","Runesmith:NanitesCloud","Runesmith:WhiteBalance+1","Runesmith:CraftSpiculum+1","Runesmith:HeatedChisel+1","Runesmith:ReplicatingBarrier+1","Runesmith:PoweredAnvil+1","Runesmith:GrandSlam","Runesmith:CraftVitae+1","Runesmith:Terraform+1","Runesmith:Augment+1","Runesmith:HammerAndChisel+1","Dark Shackles","Runesmith:Accelerate+1","Runesmith:Permafrost+1","Runesmith:FissionHammer","Dark Shackles"],"relics":["Runesmith:CoreCrystal","Bottled Flame","Happy Flower","CaptainsWheel","Sozu","Dead Branch","Nilry\u0027s Codex","Whetstone","Unceasing Top","Bag of Marbles","Bottled Lightning","Strawberry","Old Coin","Nunchaku","Membership Card","Sundial","Orrery","Orichalcum"],"acts_visited":["Exordium","TheCity","TheBeyond"],"potions_floor_usage":[50],"damage_taken":[{"damage":0.0,"enemies":"Jaw Worm","floor":1.0,"turns":5.0},{"damage":0.0,"enemies":"Cultist","floor":2.0,"turns":5.0},{"damage":1.0,"enemies":"2 Louse","floor":3.0,"turns":4.0},{"damage":16.0,"enemies":"Exordium Wildlife","floor":4.0,"turns":5.0},{"damage":0.0,"enemies":"Blue Slaver","floor":5.0,"turns":4.0},{"damage":13.0,"enemies":"Gremlin Nob","floor":6.0,"turns":5.0},{"damage":37.0,"enemies":"3 Sentries","floor":8.0,"turns":9.0},{"damage":0.0,"enemies":"3 Louse","floor":11.0,"turns":4.0},{"damage":4.0,"enemies":"Red Slaver","floor":14.0,"turns":3.0},{"damage":5.0,"enemies":"Hexaghost","floor":16.0,"turns":11.0},{"damage":0.0,"enemies":"Spheric Guardian","floor":18.0,"turns":4.0},{"damage":0.0,"enemies":"2 Thieves","floor":20.0,"turns":4.0},{"damage":23.0,"enemies":"Gremlin Leader","floor":23.0,"turns":6.0},{"damage":1.0,"enemies":"Book of Stabbing","floor":27.0,"turns":4.0},{"damage":0.0,"enemies":"Snake Plant","floor":28.0,"turns":2.0},{"damage":0.0,"enemies":"Sentry and Sphere","floor":29.0,"turns":3.0},{"damage":15.0,"enemies":"Slavers","floor":30.0,"turns":3.0},{"damage":0.0,"enemies":"Chosen and Byrds","floor":31.0,"turns":2.0},{"damage":0.0,"enemies":"Champ","floor":33.0,"turns":5.0},{"damage":0.0,"enemies":"Orb Walker","floor":35.0,"turns":1.0},{"damage":0.0,"enemies":"3 Shapes","floor":37.0,"turns":4.0},{"damage":0.0,"enemies":"Maw","floor":38.0,"turns":4.0},{"damage":13.0,"enemies":"Sphere and 2 Shapes","floor":41.0,"turns":6.0},{"damage":0.0,"enemies":"Mind Bloom Boss Battle","floor":42.0,"turns":9.0},{"damage":7.0,"enemies":"Writhing Mass","floor":44.0,"turns":6.0},{"damage":22,"enemies":"Jaw Worm Horde","floor":45,"turns":4},{"damage":7,"enemies":"Time Eater","floor":50,"turns":10}],"seed_played":"9118953709261413626","potions_obtained":[{"floor":3.0,"key":"Ancient Potion"},{"floor":8.0,"key":"Strength Potion"},{"floor":10.0,"key":"PowerPotion"},{"floor":10.0,"key":"EntropicBrew"},{"floor":11.0,"key":"GamblersBrew"},{"floor":16.0,"key":"Energy Potion"}],"is_trial":false,"path_per_floor":["M","M","M","M","M","E","R","E","T","?","M","R","$","M","R","B",null,"M","?","M","?","T","E","R","?","T","E","M","M","E","M","R","B",null,"M","$","M","M","?","R","M","?","T","M","M","$","$","?","R","B",null],"character_chosen":"RUNESMITH_CLASS","items_purchased":["Runesmith:Superposition","Runesmith:Permafrost","Membership Card","Sundial","Dark Shackles","Orrery","Orichalcum","Dark Shackles"],"campfire_rested":3,"item_purchase_floors":[13,13,46,46,46,47,47,47],"current_hp_per_floor":[70,70,69,53,53,40,40,3,3,3,3,24,24,20,20,15,70,70,70,70,54,54,31,52,52,52,51,51,51,43,43,43,43,77,77,77,77,77,77,77,64,64,64,57,35,35,35,35,58,51],"gold":256,"neow_bonus":"TRANSFORM_TWO_CARDS","is_daily":false,"chose_seed":false,"campfire_upgraded":4,"win_rate":0.0,"timestamp":1608613741,"path_taken":["M","M","M","M","M","E","R","E","T","?","M","R","?","M","R","BOSS","M","?","M","?","?","E","R","?","T","E","M","?","E","M","R","BOSS","BOSS","M","$","M","M","?","R","M","?","T","M","M","?","$","?","R","BOSS"],"items_purchased_type":["Card","Card","Relic","Relic","Card","Relic","Relic","Card"],"build_version":"2020-12-13","purchased_purges":3,"victory":true,"max_hp_per_floor":[70,70,70,70,70,70,70,70,70,70,70,70,70,70,70,70,70,70,70,70,70,70,70,70,70,70,70,70,70,77,77,77,77,77,77,77,77,77,77,77,77,77,77,77,77,77,77,77,77,77],"card_choices":[{"not_picked":["Runesmith:ShiftingStrike","Runesmith:Reinforce"],"picked":"Runesmith:Firestorm","floor":1.0},{"not_picked":["Runesmith:UnstableHammer","Runesmith:HeatedChisel"],"picked":"Runesmith:BackupBattery","floor":2.0},{"not_picked":["Runesmith:EarthShield","Runesmith:Malloc"],"picked":"Runesmith:FrozenChisel","floor":3.0},{"not_picked":["Runesmith:ChiselStab","Runesmith:UnstableHammer","Runesmith:EarthShield"],"picked":"SKIP","floor":4.0},{"not_picked":["Runesmith:CraftProtectio","Runesmith:CraftMedicinae","Runesmith:MakeshiftArmor"],"picked":"SKIP","floor":5.0},{"not_picked":["Runesmith:CraftProtectio","Runesmith:CraftMedicinae","Runesmith:MakeshiftArmor"],"picked":"SKIP","floor":5.0},{"not_picked":["Runesmith:ChiselStab","Runesmith:BackupBattery"],"picked":"Runesmith:Firewall","floor":6.0},{"not_picked":["Runesmith:LithiumIon","Runesmith:HeatedChisel"],"picked":"Runesmith:Accelerate","floor":8.0},{"not_picked":["Runesmith:StaticCage","Runesmith:DoubleUp","Runesmith:EnergizedChisel"],"picked":"SKIP","floor":11.0},{"not_picked":["Runesmith:RuneHurl","Runesmith:EnergizedChisel"],"picked":"Runesmith:Attraction","floor":14.0},{"not_picked":["Runesmith:Duplicate","Runesmith:CraftMedicinae"],"picked":"Runesmith:LastStand","floor":16.0},{"not_picked":["Runesmith:ChiselStab","Runesmith:Grindstone"],"picked":"Runesmith:NanitesCloud","floor":18.0},{"not_picked":["Runesmith:FieryHammer","Runesmith:CraftProtectio"],"picked":"Runesmith:WhiteBalance+1","floor":20.0},{"not_picked":["Runesmith:StaticCage","Runesmith:EarthShield","Runesmith:CraftProtectio"],"picked":"SKIP","floor":23.0},{"not_picked":["Runesmith:Empowerment","Runesmith:Overpower"],"picked":"Runesmith:CraftSpiculum+1","floor":27.0},{"not_picked":["Runesmith:BackupBattery","Runesmith:StaticCage"],"picked":"Runesmith:HeatedChisel+1","floor":28.0},{"not_picked":["Runesmith:Grindstone+1","Runesmith:Overpower","Runesmith:Firestorm"],"picked":"SKIP","floor":29.0},{"not_picked":["Runesmith:ShiftingStrike","Runesmith:CraftVitae"],"picked":"Runesmith:ReplicatingBarrier","floor":30.0},{"not_picked":["Runesmith:HeatedChisel","Runesmith:Discharge"],"picked":"Runesmith:PoweredAnvil","floor":31.0},{"not_picked":["Runesmith:LastStand","Runesmith:ArcReactor"],"picked":"Runesmith:GrandSlam","floor":33.0},{"not_picked":["Runesmith:Overpower+1","Runesmith:HeatedChisel","Runesmith:HammerThrow"],"picked":"SKIP","floor":35.0},{"not_picked":["Runesmith:Permafrost","Runesmith:NegativeSpace+1"],"picked":"Runesmith:CraftVitae+1","floor":37.0},{"not_picked":["Runesmith:Grindstone+1","Runesmith:FrozenChisel"],"picked":"Runesmith:Terraform+1","floor":38.0},{"not_picked":["Runesmith:Retool","Runesmith:ChiselStab+1","Runesmith:UnstableHammer+1"],"picked":"SKIP","floor":41.0},{"not_picked":["Runesmith:CraftReservo","Runesmith:UnstableHammer"],"picked":"Runesmith:Augment+1","floor":44.0},{"not_picked":["Runesmith:EarthShield+1","Runesmith:ElementalConversion+1"],"picked":"Runesmith:HammerAndChisel+1","floor":45},{"not_picked":["Runesmith:GenerateForcefield","Runesmith:HammerAndChisel+1"],"picked":"Runesmith:Accelerate+1","floor":47},{"not_picked":["Runesmith:EnergizedChisel+1","Runesmith:ShiftingStrike+1"],"picked":"Runesmith:Permafrost+1","floor":47},{"not_picked":["Runesmith:HeatedChisel+1","Runesmith:CraftIncendium+1"],"picked":"Runesmith:FissionHammer","floor":47}],"player_experience":741408,"relics_obtained":[{"floor":6.0,"key":"Bottled Flame"},{"floor":8.0,"key":"Happy Flower"},{"floor":9.0,"key":"CaptainsWheel"},{"floor":21.0,"key":"Nilry\u0027s Codex"},{"floor":22.0,"key":"Whetstone"},{"floor":23.0,"key":"Unceasing Top"},{"floor":26.0,"key":"Bag of Marbles"},{"floor":27.0,"key":"Bottled Lightning"},{"floor":30.0,"key":"Strawberry"},{"floor":42.0,"key":"Old Coin"},{"floor":43.0,"key":"Nunchaku"}],"event_choices":[{"damage_healed":0.0,"max_hp_gain":0.0,"max_hp_loss":0.0,"gold_gain":0.0,"event_name":"Lab","player_choice":"Got Potions","floor":10.0,"gold_loss":0.0,"damage_taken":0.0},{"damage_healed":0.0,"max_hp_gain":0.0,"max_hp_loss":0.0,"gold_gain":0.0,"event_name":"The Mausoleum","player_choice":"Opened","floor":19.0,"gold_loss":0.0,"damage_taken":0.0,"relics_obtained":["Dead Branch"],"cards_obtained":["Writhe"]},{"damage_healed":0.0,"max_hp_gain":0.0,"max_hp_loss":0.0,"gold_gain":0.0,"event_name":"Cursed Tome","player_choice":"Obtained Book","floor":21.0,"gold_loss":0.0,"damage_taken":16.0},{"cards_removed":["Writhe"],"damage_healed":0.0,"max_hp_gain":0.0,"max_hp_loss":0.0,"gold_gain":0.0,"event_name":"Fountain of Cleansing","player_choice":"Removed Curses","floor":25.0,"gold_loss":0.0,"damage_taken":0.0},{"damage_healed":0.0,"max_hp_gain":0.0,"max_hp_loss":0.0,"gold_gain":0.0,"event_name":"Mysterious Sphere","player_choice":"Ignored","floor":39.0,"gold_loss":0.0,"damage_taken":0.0},{"damage_healed":0.0,"max_hp_gain":0.0,"max_hp_loss":0.0,"gold_gain":0.0,"event_name":"MindBloom","player_choice":"Fight","floor":42.0,"gold_loss":0.0,"damage_taken":0.0},{"damage_healed":0,"gold_gain":0,"player_choice":"Upgraded","damage_taken":0,"max_hp_gain":0,"max_hp_loss":0,"event_name":"Upgrade Shrine","floor":48,"gold_loss":0,"cards_upgraded":["Runesmith:ReplicatingBarrier"]}],"is_beta":false,"boss_relics":[{"not_picked":["Astrolabe","Ectoplasm"],"picked":"Sozu"},{"not_picked":["SacredBark","Tiny House"],"picked":"Runesmith:CoreCrystal"}],"items_purged_floors":[36,46,47],"is_endless":false,"potions_floor_spawned":[3,8,11,16,18,23,30,33,38,41,45],"ascension_level":3}}