{"host":"sv2o2io561l6x04h","time":1608614942,"event":{"mods":["BaseMod","Bestiary","Better Altar","Better Match","Better Note","Better Sensory Stone","Colored Map","Conspire","Custom Start","DeckTracker","Highlight Path","Hubris","Minty Spire (QoL Compilation)","Replay The Spire","Shop Mod","StSLib","The Runesmith"],"gold_per_floor":[115,128,128,142,160,160,189,189,216,257,273,273,283,295,295,395,395,405,421,435,510,522,550,550,578,603,603,638,638,656,672,672,776,776,787,807,807,807,818,849,849,440,490,490,521,521,59,75,75,75,75,75,2,30,30],"floor_reached":56,"playtime":2915,"items_purged":["Flash of Steel"],"score":1394,"play_id":"64753e5b-e4e3-4015-949e-0d5902f1310c","local_time":"20201222002902","is_ascension_mode":false,"campfire_choices":[{"floor":6,"key":"RECALL"},{"floor":8,"key":"REST"},{"floor":15,"key":"REST"},{"floor":24,"key":"REST"},{"floor":27,"key":"REST"},{"floor":41,"key":"REST"},{"floor":44,"key":"REST"},{"floor":49,"key":"DIG"},{"floor":52,"key":"DIG"}],"circlet_count":0,"master_deck":["PanicButton+1","Devotion+1","Devotion+1","Devotion+1","Devotion+1","Entrench+1","Barricade+1","Gash+1","Gash+1","Gash+1","Gash+1","Metallicize+1","Offering"],"relics":["Burning Blood","Red Skull","conspire:Flyswatter","hubris:EmptyBottle","hubris:EvacipatedBox","hubris:FruitBowl","SlaversCollar","Mummified Hand","hubris:ChampionShield","Pen Nib","Strawberry","conspire:RoyalGoblet","Matryoshka","Ancient Tea Set","hubris:MysteriousPyramids","Snack Pack","Blue Doll","Replay:WaspNest","Shovel","ReplayTheSpireMod:Lightbulb","Quantum Egg"],"acts_visited":["Exordium","TheCity","TheBeyond","TheEnding"],"potions_floor_usage":[5,13,14,16,18,22,22,23,25,25,25,28,33,33,35,36,39,45,45,50,50,55,55],"damage_taken":[{"damage":0,"enemies":"Cultist","floor":1,"turns":3},{"damage":16,"enemies":"2 Louse","floor":2,"turns":3},{"damage":11,"enemies":"Jaw Worm","floor":4,"turns":4},{"damage":0,"enemies":"Gremlin Gang","floor":5,"turns":3},{"damage":0,"enemies":"Lagavulin","floor":7,"turns":4},{"damage":0,"enemies":"conspire:MimicChest","floor":10,"turns":5},{"damage":13,"enemies":"Red Slaver","floor":11,"turns":3},{"damage":7,"enemies":"Blue Slaver","floor":13,"turns":2},{"damage":0,"enemies":"2 Fungi Beasts","floor":14,"turns":2},{"damage":0,"enemies":"Hexaghost","floor":16,"turns":4},{"damage":0,"enemies":"Spheric Guardian","floor":18,"turns":3},{"damage":0,"enemies":"Chosen","floor":19,"turns":4},{"damage":15,"enemies":"Snecko","floor":20,"turns":4},{"damage":21,"enemies":"Snake Plant","floor":22,"turns":4},{"damage":12,"enemies":"conspire:Head Lice","floor":23,"turns":4},{"damage":0,"enemies":"Slavers","floor":25,"turns":4},{"damage":27,"enemies":"Replay:Snechameleon","floor":28,"turns":3},{"damage":12,"enemies":"Centurion and Healer","floor":30,"turns":3},{"damage":0,"enemies":"Sentry and Sphere","floor":31,"turns":3},{"damage":36,"enemies":"Champ","floor":33,"turns":4},{"damage":0,"enemies":"3 Shapes","floor":35,"turns":4},{"damage":0,"enemies":"Orb Walker","floor":36,"turns":4},{"damage":71,"enemies":"4 Shapes","floor":39,"turns":5},{"damage":28,"enemies":"R_Hoarder","floor":40,"turns":8},{"damage":10,"enemies":"Reptomancer","floor":45,"turns":5},{"damage":20,"enemies":"Sphere and 2 Shapes","floor":48,"turns":5},{"damage":20,"enemies":"Donu and Deca","floor":50,"turns":4},{"damage":6,"enemies":"Shield and Spear","floor":54,"turns":4},{"damage":75,"enemies":"The Heart","floor":55,"turns":5}],"seed_played":"-3873730920668838845","potions_obtained":[{"floor":4,"key":"SkillPotion"},{"floor":5,"key":"AttackPotion"},{"floor":11,"key":"SpeedPotion"},{"floor":13,"key":"Swift Potion"},{"floor":16,"key":"LiquidBronze"},{"floor":22,"key":"ColorlessPotion"},{"floor":23,"key":"ColorlessPotion"},{"floor":25,"key":"FearPotion"},{"floor":31,"key":"LiquidMemories"},{"floor":33,"key":"ColorlessPotion"},{"floor":40,"key":"EssenceOfSteel"}],"is_trial":true,"path_per_floor":["M","M","$","M","M","R","E","R","T","?","M","$","M","M","R","B",null,"M","M","M","?","M","E","R","E","T","R","E","?","M","M","R_BF","B",null,"M","M","?","?","M","E","R","$","T","R","E","?","$","M","R","B",null,"R","$","E","B",null],"character_chosen":"IRONCLAD","items_purchased":["hubris:EmptyBottle","hubris:EvacipatedBox","hubris:FruitBowl","CultistPotion","hubris:MysteriousPyramids","Metallicize+1","Shovel","DuplicationPotion","Elixir","DistilledChaos"],"campfire_rested":6,"item_purchase_floors":[12,12,12,42,42,47,47,47,47,53],"current_hp_per_floor":[80,70,70,65,71,71,77,80,80,80,73,25,24,30,54,60,80,80,80,71,63,48,42,66,72,72,80,69,69,63,69,90,60,90,90,90,90,90,25,8,35,35,35,62,60,60,60,46,46,36,91,91,91,91,30],"gold":30,"neow_bonus":"","is_daily":false,"chose_seed":false,"campfire_upgraded":0,"win_rate":0.0,"timestamp":1608614942,"path_taken":["M","M","$","M","?","R","E","R","T","?","M","?","M","M","R","BOSS","M","M","M","?","M","E","R","E","T","R","E","?","M","?","R_BF","BOSS","M","M","?","?","?","E","R","$","T","R","E","?","$","M","R","BOSS","R","$","E","BOSS"],"items_purchased_type":["Relic","Relic","Relic","Potion","Relic","Card","Relic","Potion","Potion","Potion"],"build_version":"2020-12-13","purchased_purges":1,"victory":true,"max_hp_per_floor":[80,80,80,80,80,80,80,80,80,80,80,80,80,80,80,80,80,80,80,80,80,80,80,80,80,80,80,90,90,90,90,90,90,90,90,90,90,90,90,91,91,91,91,91,91,91,91,91,91,91,91,91,91,91,91],"card_choices":[{"not_picked":["Wild Strike","Cleave","Clothesline"],"picked":"SKIP","floor":1},{"not_picked":["Searing Blow","Headbutt","Limit Break"],"picked":"SKIP","floor":2},{"not_picked":["Headbutt","Cleave","Shrug It Off"],"picked":"SKIP","floor":4},{"not_picked":["Headbutt","Pommel Strike","Seeing Red"],"picked":"SKIP","floor":5},{"not_picked":["Evolve","Demonic Infusion","Armaments"],"picked":"SKIP","floor":7},{"not_picked":["Bloodletting","True Grit","Battle Trance"],"picked":"SKIP","floor":11},{"not_picked":["Warcry","Burning Pact","Thunderclap"],"picked":"SKIP","floor":13},{"not_picked":["True Grit","hubris:ReadiedAction","Cleave"],"picked":"SKIP","floor":14},{"not_picked":["Havoc+1","hubris:SharpeningStone","Clash"],"picked":"SKIP","floor":18},{"not_picked":["ReplayTheSpireMod:Stacked","Inflame","Ghostly Armor"],"picked":"SKIP","floor":19},{"not_picked":["Warcry","Heavy Blade","Flex+1"],"picked":"SKIP","floor":20},{"not_picked":["ReplayTheSpireMod:LeadingStrike","Havoc+1","Burning Pact"],"picked":"SKIP","floor":22},{"not_picked":["Searing Blow","Perfected Strike","hubris:ReadiedAction+1"],"picked":"SKIP","floor":23},{"not_picked":["Limit Break","hubris:ReadiedAction","Body Slam"],"picked":"SKIP","floor":25},{"not_picked":["Reckless Charge","ReplayTheSpireMod:Limb From Limb","hubris:StunningStrike"],"picked":"SKIP","floor":28},{"not_picked":["Thunderclap","Twin Strike","Body Slam"],"picked":"SKIP","floor":30},{"not_picked":["Twin Strike+1","Hemokinesis","Run Through"],"picked":"SKIP","floor":31},{"not_picked":["Flex+1","Warcry","Iron Wave+1"],"picked":"SKIP","floor":35},{"not_picked":["ReplayTheSpireMod:Strike From Hell+1","Anger+1","True Grit+1"],"picked":"SKIP","floor":36},{"not_picked":["Violence","Trip"],"picked":"Flash of Steel","floor":37},{"not_picked":["Heavy Blade","Flex+1","Warcry+1"],"picked":"SKIP","floor":39},{"not_picked":["Heavy Blade+1","Anger","Blood for Blood+1"],"picked":"SKIP","floor":40},{"not_picked":["Sword Boomerang+1","Perfected Strike+1","ReplayTheSpireMod:Limb From Limb+1"],"picked":"SKIP","floor":45},{"not_picked":["Clash+1","Rampage+1","Flex"],"picked":"SKIP","floor":48},{"not_picked":["Clash","Headbutt"],"picked":"Offering","floor":54}],"player_experience":244785,"relics_obtained":[{"floor":7,"key":"Red Skull"},{"floor":10,"key":"conspire:Flyswatter"},{"floor":23,"key":"Mummified Hand"},{"floor":25,"key":"hubris:ChampionShield"},{"floor":26,"key":"Pen Nib"},{"floor":28,"key":"Strawberry"},{"floor":38,"key":"Matryoshka"},{"floor":40,"key":"Ancient Tea Set"},{"floor":43,"key":"Snack Pack"},{"floor":43,"key":"Blue Doll"},{"floor":45,"key":"Replay:WaspNest"},{"floor":49,"key":"ReplayTheSpireMod:Lightbulb"},{"floor":54,"key":"Quantum Egg"}],"event_choices":[{"damage_healed":0,"gold_gain":75,"player_choice":"Touch","damage_taken":8,"max_hp_gain":0,"max_hp_loss":0,"event_name":"FaceTrader","floor":21,"gold_loss":0},{"damage_healed":0,"gold_gain":0,"player_choice":"Ignored","damage_taken":0,"max_hp_gain":0,"max_hp_loss":0,"event_name":"N\u0027loth","floor":29,"gold_loss":0},{"damage_healed":0,"gold_gain":3,"player_choice":"1","damage_taken":0,"max_hp_gain":0,"max_hp_loss":0,"event_name":"betterStone:BetterStone","floor":37,"gold_loss":0},{"damage_healed":0,"gold_gain":0,"player_choice":"Relic","damage_taken":0,"max_hp_gain":0,"max_hp_loss":0,"event_name":"Wheel of Change","floor":38,"gold_loss":0},{"damage_healed":0,"gold_gain":0,"player_choice":"Ignored","damage_taken":0,"max_hp_gain":0,"max_hp_loss":0,"event_name":"Tomb of Lord Red Mask","floor":46,"gold_loss":0}],"is_beta":false,"boss_relics":[{"not_picked":["Astrolabe","Snecko Eye","Empty Cage"],"picked":"SlaversCollar"},{"not_picked":["hubris:VirtuousBlindfold","Sozu","Electric Blood"],"picked":"conspire:RoyalGoblet"}],"items_purged_floors":[42],"is_endless":false,"potions_floor_spawned":[4,5,7,11,13,16,20,22,23,25,31,33,40,48,54],"ascension_level":0}}