{"host":"mqhvlr3kpxebko0t","time":1608605887,"event":{"mods":["AchievementEnabler","BaseMod","Colored Map","Colored Powertips","Keyboard Shortcuts","Minty Spire (QoL Compilation)","StSLib","SuperFastMode"],"gold_per_floor":[118,136,136,136,211,242,242,93,93,106,106,129,153,178,178,178,178],"floor_reached":16,"playtime":297,"items_purged":["Defend_P"],"score":248,"play_id":"09e85c9e-6371-4f8c-a0d1-a41ecfd070a0","local_time":"20201222115807","is_ascension_mode":true,"campfire_choices":[{"data":"Eruption","floor":11,"key":"SMITH"},{"data":"1","floor":15,"key":"LIFT"}],"circlet_count":0,"master_deck":["AscendersBane","Strike_P","Strike_P","Strike_P","Defend_P","Defend_P","Defend_P","Eruption+1","Vigilance","Vault","FearNoEvil","TalkToTheHand","FollowUp"],"relics":["PureWater","NeowsBlessing","Oddly Smooth Stone","Golden Idol","Girya"],"acts_visited":["Exordium"],"potions_floor_usage":[14],"damage_taken":[{"damage":0,"enemies":"Cultist","floor":1,"turns":1},{"damage":0,"enemies":"Small Slimes","floor":2,"turns":1},{"damage":0,"enemies":"Gremlin Nob","floor":6,"turns":1},{"damage":0,"enemies":"2 Louse","floor":10,"turns":3},{"damage":2,"enemies":"Large Slime","floor":12,"turns":5},{"damage":3,"enemies":"Looter","floor":13,"turns":3},{"damage":2,"enemies":"Exordium Thugs","floor":14,"turns":4},{"damage":56,"enemies":"Slime Boss","floor":16,"turns":7}],"seed_played":"1061954322499269048","potions_obtained":[{"floor":6,"key":"LiquidBronze"},{"floor":10,"key":"Fire Potion"},{"floor":14,"key":"Weak Potion"}],"is_trial":false,"path_per_floor":["M","M","?","?","?","E","?","$","T","M","R","M","M","M","R","B"],"character_chosen":"WATCHER","items_purchased":["FearNoEvil"],"campfire_rested":0,"item_purchase_floors":[8],"current_hp_per_floor":[61,61,66,59,48,48,48,48,48,48,48,46,43,41,41,0,0],"gold":178,"neow_bonus":"THREE_ENEMY_KILL","is_daily":false,"chose_seed":false,"campfire_upgraded":1,"win_rate":0.0,"timestamp":1608605887,"path_taken":["M","?","?","?","?","E","?","?","T","M","R","M","?","M","R","BOSS"],"items_purchased_type":["Card"],"build_version":"2020-12-13","purchased_purges":1,"victory":false,"max_hp_per_floor":[68,68,73,73,73,73,66,66,66,66,66,66,66,66,66,66,66],"card_choices":[{"not_picked":["FlyingSleeves","Evaluate","Protect"],"picked":"SKIP","floor":1},{"not_picked":["ThirdEye","ClearTheMind","WaveOfTheHand"],"picked":"SKIP","floor":2},{"not_picked":["Crescendo","BowlingBash"],"picked":"Vault","floor":6},{"not_picked":["WaveOfTheHand","Study"],"picked":"TalkToTheHand","floor":10},{"not_picked":["Consecrate","FearNoEvil","Wireheading"],"picked":"SKIP","floor":12},{"not_picked":["SashWhip","FlurryOfBlows"],"picked":"FollowUp","floor":13},{"not_picked":["Vengeance","Perseverance","Meditate"],"picked":"SKIP","floor":14}],"player_experience":672600,"relics_obtained":[{"floor":6,"key":"Oddly Smooth Stone"},{"floor":9,"key":"Girya"}],"event_choices":[{"damage_healed":0,"gold_gain":0,"player_choice":"Donut","damage_taken":0,"max_hp_gain":5,"max_hp_loss":0,"event_name":"Big Fish","floor":3,"gold_loss":0},{"cards_removed":["Strike_P"],"damage_healed":0,"gold_gain":0,"player_choice":"Card Removal","damage_taken":7,"max_hp_gain":0,"max_hp_loss":0,"event_name":"Golden Wing","floor":4,"gold_loss":0},{"damage_healed":0,"gold_gain":75,"player_choice":"Gather Gold","damage_taken":11,"max_hp_gain":0,"max_hp_loss":0,"event_name":"World of Goop","floor":5,"gold_loss":0},{"damage_healed":0,"gold_gain":0,"player_choice":"Lose Max HP","damage_taken":0,"relics_obtained":["Golden Idol"],"max_hp_gain":0,"max_hp_loss":7,"event_name":"Golden Idol","floor":7,"gold_loss":0}],"is_beta":false,"boss_relics":[],"items_purged_floors":[8],"is_endless":false,"potions_floor_spawned":[6,10,14],"killed_by":"Slime Boss","ascension_level":19}}