{"host":"f0gpob8hq9vgebej","time":1608603711,"event":{"mods":["AchievementEnabler","BaseMod","Googly Eyes","Minty Spire (QoL Compilation)","Quick Restart","SuperFastMode"],"gold_per_floor":[10,20,33,47,47,47,47,68,122,122,47,65,80,96,96,215,215,240,254,254,254],"floor_reached":20,"playtime":415,"items_purged":["Strike_G"],"score":272,"play_id":"e8c8f2af-3f54-4043-be23-97a728d45684","local_time":"20201222112151","is_ascension_mode":true,"campfire_choices":[{"data":"Tactician","floor":6,"key":"SMITH"},{"data":"Poisoned Stab","floor":10,"key":"SMITH"},{"data":"Bouncing Flask","floor":15,"key":"SMITH"}],"circlet_count":0,"master_deck":["AscendersBane","Strike_G","Strike_G","Strike_G","Defend_G","Defend_G","Defend_G","Defend_G","Survivor","Neutralize","Dash","PiercingWail","Poisoned Stab+1","Tactician+1","Adrenaline","Acrobatics","Escape Plan","Bouncing Flask+1","Malaise","Tactician","Acrobatics"],"relics":["Ring of the Snake","Golden Idol","Question Card","Nunchaku","Busted Crown"],"acts_visited":["Exordium","TheCity"],"potions_floor_usage":[16,16],"damage_taken":[{"damage":3,"enemies":"Jaw Worm","floor":1,"turns":4},{"damage":0,"enemies":"2 Louse","floor":2,"turns":4},{"damage":0,"enemies":"Small Slimes","floor":3,"turns":3},{"damage":4,"enemies":"2 Fungi Beasts","floor":4,"turns":5},{"damage":0,"enemies":"Looter","floor":8,"turns":3},{"damage":3,"enemies":"3 Louse","floor":12,"turns":5},{"damage":7,"enemies":"Large Slime","floor":13,"turns":10},{"damage":0,"enemies":"Looter","floor":14,"turns":3},{"damage":7,"enemies":"Hexaghost","floor":16,"turns":8},{"damage":0,"enemies":"Spheric Guardian","floor":18,"turns":7},{"damage":2,"enemies":"Shell Parasite","floor":19,"turns":4},{"damage":54,"enemies":"Masked Bandits","floor":20,"turns":4}],"seed_played":"6245944206271412813","potions_obtained":[{"floor":2,"key":"Dexterity Potion"},{"floor":3,"key":"LiquidMemories"},{"floor":19,"key":"Strength Potion"}],"is_trial":false,"path_per_floor":["M","M","M","M","?","R","?","M","T","R","$","M","M","M","R","B",null,"M","M","?"],"character_chosen":"THE_SILENT","items_purchased":[],"campfire_rested":0,"item_purchase_floors":[],"current_hp_per_floor":[60,60,60,56,39,39,39,39,39,39,39,36,29,29,29,22,58,58,56,2,2],"gold":254,"neow_bonus":"TRANSFORM_TWO_CARDS","is_daily":false,"chose_seed":false,"campfire_upgraded":3,"win_rate":0.0,"timestamp":1608603711,"path_taken":["M","M","M","M","?","R","?","M","T","R","$","M","M","M","R","BOSS","M","M","?"],"items_purchased_type":[],"build_version":"2020-12-13","purchased_purges":1,"victory":false,"max_hp_per_floor":[70,70,70,70,70,70,70,70,70,70,70,70,70,70,70,70,70,70,70,70,70],"card_choices":[{"not_picked":["Expertise","Accuracy"],"picked":"Poisoned Stab","floor":1},{"not_picked":["Outmaneuver","PiercingWail"],"picked":"Tactician","floor":2},{"not_picked":["Outmaneuver","Dagger Throw","Well Laid Plans"],"picked":"SKIP","floor":3},{"not_picked":["Acrobatics","All Out Attack"],"picked":"Adrenaline","floor":4},{"not_picked":["Choke","Concentrate","Setup"],"picked":"Acrobatics","floor":8},{"not_picked":["Underhanded Strike","Heel Hook","Quick Slash","PiercingWail"],"picked":"SKIP","floor":12},{"not_picked":["Catalyst","Finisher","Leg Sweep"],"picked":"Escape Plan","floor":13},{"not_picked":["Dodge and Roll","Slice","Quick Slash"],"picked":"Bouncing Flask","floor":14},{"not_picked":["Envenom","Grand Finale","Unload"],"picked":"Malaise","floor":16},{"not_picked":["Cloak And Dagger"],"picked":"Tactician","floor":18},{"not_picked":["Poisoned Stab"],"picked":"Acrobatics","floor":19}],"player_experience":183912,"relics_obtained":[{"floor":9,"key":"Nunchaku"}],"event_choices":[{"damage_healed":0,"gold_gain":0,"player_choice":"Take Damage","damage_taken":17,"relics_obtained":["Golden Idol"],"max_hp_gain":0,"max_hp_loss":0,"event_name":"Golden Idol","floor":5,"gold_loss":0},{"damage_healed":0,"gold_gain":0,"player_choice":"Searched \u00271\u0027 times","damage_taken":0,"relics_obtained":["Question Card"],"max_hp_gain":0,"max_hp_loss":0,"event_name":"Dead Adventurer","floor":7,"gold_loss":0},{"damage_healed":0,"gold_gain":0,"player_choice":"Fought Bandits","damage_taken":0,"max_hp_gain":0,"max_hp_loss":0,"event_name":"Masked Bandits","floor":20,"gold_loss":0}],"is_beta":false,"boss_relics":[{"not_picked":["Fusion Hammer","Ectoplasm"],"picked":"Busted Crown"}],"items_purged_floors":[11],"is_endless":false,"potions_floor_spawned":[2,3,4,19],"killed_by":"Masked Bandits","ascension_level":12}}