{"host":"gh0nmty43e3htft0","time":1608609273,"event":{"mods":["BaseMod","Colored Powertips","Minty Spire (QoL Compilation)","StSLib","The Animator"],"gold_per_floor":[113,17,17,39,4,4,39,39,39,69,83,104,117,134,134,237,237,250,12,12,12,64,64,80,80,80,98,98,98],"floor_reached":28,"playtime":1851,"items_purged":[],"score":243,"play_id":"7935b787-eb75-4885-a3d4-d90866061e77","local_time":"20201221225433","is_ascension_mode":false,"campfire_choices":[{"data":"animator:Urushihara","floor":6,"key":"SMITH"},{"floor":15,"key":"REST"},{"floor":23,"key":"REST"},{"floor":25,"key":"REST"}],"circlet_count":0,"master_deck":["animator:Strike_GATE","animator:Defend_GATE","animator:Strike","animator:Strike","animator:Strike","animator:Defend","animator:Defend","animator:Defend","animator:TukaLunaMarceau+1","animator:Kuribayashi+1","animator:Benimaru","animator:Urushihara+1","animator:Entoma","animator:Yoichi","animator:Biyorigo","animator:Bozes","animator:HigakiRinne","animator:Nanami","animator:Emonzaemon","animator:NarberalGamma","animator:RoryMercury","animator:Biyorigo","Necronomicurse","animator:MumenRider+1","animator:Shion"],"relics":["animator:LivingPicture","animator:TheMissingPiece","animator:PurgingStone","NeowsBlessing","Darkstone Periapt","Eternal Feather","Odd Mushroom","Mark of Pain","Philosopher\u0027s Stone","Bronze Scales","Necronomicon","Lantern","Sundial"],"acts_visited":["Exordium","TheCity"],"potions_floor_usage":[14,16,24],"damage_taken":[{"damage":0,"enemies":"Cultist","floor":1,"turns":1},{"damage":0,"enemies":"Small Slimes","floor":4,"turns":1},{"damage":0,"enemies":"Lagavulin","floor":7,"turns":1},{"damage":8,"enemies":"Jaw Worm","floor":10,"turns":3},{"damage":10,"enemies":"Looter","floor":11,"turns":3},{"damage":21,"enemies":"The Mushroom Lair","floor":12,"turns":5},{"damage":3,"enemies":"Red Slaver","floor":13,"turns":4},{"damage":6,"enemies":"2 Fungi Beasts","floor":14,"turns":3},{"damage":20,"enemies":"Slime Boss","floor":16,"turns":6},{"damage":18,"enemies":"Shell Parasite","floor":18,"turns":5},{"damage":31,"enemies":"2 Thieves","floor":24,"turns":4},{"damage":6,"enemies":"Snecko","floor":27,"turns":3},{"damage":27,"enemies":"Snake Plant","floor":28,"turns":4}],"seed_played":"1588975650207656845","potions_obtained":[{"floor":1,"key":"animator:FalseLifePotion"},{"floor":13,"key":"GamblersBrew"},{"floor":14,"key":"BlessingOfTheForge"},{"floor":16,"key":"EntropicBrew"},{"floor":18,"key":"Strength Potion"}],"is_trial":false,"path_per_floor":["M","$","?","M","?","R","E","?","T","M","M","?","M","M","R","B",null,"M","$","?","?","T","R","M","R","T","M","M"],"character_chosen":"THE_ANIMATOR","items_purchased":["animator:Urushihara","Bronze Scales","animator:Biyorigo"],"campfire_rested":3,"item_purchase_floors":[2,19,19],"current_hp_per_floor":[66,66,53,53,53,53,53,53,53,45,35,14,11,6,38,18,67,26,26,22,12,12,37,6,31,31,25,0,0],"gold":98,"neow_bonus":"THREE_ENEMY_KILL","is_daily":false,"chose_seed":false,"campfire_upgraded":1,"win_rate":0.0,"timestamp":1608609273,"path_taken":["M","?","?","M","?","R","E","?","T","?","M","?","M","M","R","BOSS","M","$","?","?","?","R","?","R","T","M","M"],"items_purchased_type":["Card","Relic","Card"],"build_version":"2020-12-13","purchased_purges":0,"victory":false,"max_hp_per_floor":[66,66,66,66,66,66,66,66,66,66,66,66,66,67,67,67,67,34,34,39,45,45,45,45,45,45,45,45,45],"card_choices":[{"not_picked":["animator:TsurugaMeisai","animator:Shigure"],"picked":"animator:Benimaru","floor":1},{"not_picked":["animator:Benimaru","animator:Megumin"],"picked":"animator:Entoma","floor":4},{"not_picked":["animator:Sloth","animator:Bozes"],"picked":"animator:Yoichi","floor":7},{"not_picked":["animator:Arpeggio","animator:TukaLunaMarceau"],"picked":"animator:Bozes","floor":10},{"not_picked":["animator:Sonic","animator:Nanami"],"picked":"animator:HigakiRinne","floor":11},{"not_picked":["animator:Mitsurugi","animator:Sloth"],"picked":"animator:Nanami","floor":12},{"not_picked":["animator:Kazuma","animator:Shigure"],"picked":"animator:Emonzaemon","floor":13},{"not_picked":["animator:Sonic","animator:Evileye"],"picked":"animator:NarberalGamma","floor":14},{"not_picked":["animator:Saitama","animator:Eve"],"picked":"animator:Father","floor":16},{"not_picked":["animator:TukaLunaMarceau","animator:Arpeggio"],"picked":"animator:RoryMercury","floor":18},{"not_picked":["animator:Emonzaemon","animator:Ainz"],"picked":"animator:MumenRider+1","floor":24},{"not_picked":["animator:Cocytus","animator:CrowleyEusford"],"picked":"animator:Shion","floor":27}],"player_experience":151435,"relics_obtained":[{"floor":7,"key":"Darkstone Periapt"},{"floor":9,"key":"Eternal Feather"},{"floor":12,"key":"Odd Mushroom"},{"floor":21,"key":"Necronomicon"},{"floor":22,"key":"Lantern"},{"floor":26,"key":"Sundial"}],"event_choices":[{"damage_healed":0,"gold_gain":0,"player_choice":"Entered Light","damage_taken":13,"max_hp_gain":0,"max_hp_loss":0,"event_name":"Shining Light","floor":3,"gold_loss":0,"cards_upgraded":["animator:TukaLunaMarceau","animator:Kuribayashi"]},{"damage_healed":0,"gold_gain":0,"player_choice":"Left Gold","damage_taken":0,"max_hp_gain":0,"max_hp_loss":0,"event_name":"World of Goop","floor":5,"gold_loss":35},{"damage_healed":0,"gold_gain":0,"player_choice":"1 cards matched","damage_taken":0,"max_hp_gain":0,"max_hp_loss":0,"event_name":"Match and Keep!","floor":8,"gold_loss":0,"cards_obtained":["animator:Biyorigo"]},{"damage_healed":0,"gold_gain":0,"player_choice":"Fought Mushrooms","damage_taken":0,"max_hp_gain":0,"max_hp_loss":0,"event_name":"Mushrooms","floor":12,"gold_loss":0},{"damage_healed":0,"gold_gain":0,"player_choice":"Shed Blood","damage_taken":9,"max_hp_gain":5,"max_hp_loss":0,"event_name":"Forgotten Altar","floor":20,"gold_loss":0},{"damage_healed":0,"gold_gain":0,"player_choice":"Obtained Book","damage_taken":16,"max_hp_gain":0,"max_hp_loss":0,"event_name":"Cursed Tome","floor":21,"gold_loss":0}],"is_beta":false,"boss_relics":[{"not_picked":["animator:HolyGrailRelic","animator:RacePiece"],"picked":"Mark of Pain"}],"items_purged_floors":[],"is_endless":false,"potions_floor_spawned":[1,13,14,16,18],"killed_by":"Snake Plant","ascension_level":0}}