{"host":"mqhvlr3kpxebko0t","time":1608628615,"event":{"mods":["AchievementEnabler","BaseMod","Colored Map","Colored Powertips","Keyboard Shortcuts","Minty Spire (QoL Compilation)","StSLib","SuperFastMode"],"gold_per_floor":[112,128,53,64,64,64,83,83,83,83,115,127,154,173,173,246,246,261,16,66,78,3,3,3,3,28,43,43,76,90,102,102,179,179,189,189,189,189],"floor_reached":37,"playtime":1139,"items_purged":["Strike_B","Strike_B"],"score":698,"play_id":"da6adbd0-52f7-4f18-a051-4fd743c65186","local_time":"20201222181655","is_ascension_mode":true,"campfire_choices":[{"data":"Zap","floor":6.0,"key":"SMITH"},{"data":"Coolheaded","floor":8.0,"key":"SMITH"},{"data":"Dualcast","floor":10.0,"key":"SMITH"},{"data":"White Noise","floor":15.0,"key":"SMITH"},{"data":"Echo Form","floor":23.0,"key":"SMITH"},{"data":"Glacier","floor":28.0,"key":"SMITH"},{"data":"Capacitor","floor":32.0,"key":"SMITH"}],"circlet_count":0,"master_deck":["AscendersBane","Strike_B","Defend_B","Defend_B","Defend_B","Zap+1","Dualcast+1","Self Repair","Coolheaded+1","Conserve Battery","Ball Lightning","Echo Form+1","Glacier+1","Glacier","White Noise+1","Double Energy+1","Capacitor+1","Recycle+1","Master of Strategy"],"relics":["Cracked Core","Pantograph","Blue Candle","Oddly Smooth Stone","Sozu","ClockworkSouvenir","MealTicket","Happy Flower","Black Star"],"acts_visited":["Exordium","TheCity","TheBeyond"],"potions_floor_usage":[33],"damage_taken":[{"damage":1.0,"enemies":"Cultist","floor":1.0,"turns":4.0},{"damage":7.0,"enemies":"Jaw Worm","floor":2.0,"turns":4.0},{"damage":13.0,"enemies":"Small Slimes","floor":4.0,"turns":5.0},{"damage":13.0,"enemies":"Looter","floor":7.0,"turns":4.0},{"damage":24.0,"enemies":"Gremlin Nob","floor":11.0,"turns":4.0},{"damage":11.0,"enemies":"Large Slime","floor":12.0,"turns":5.0},{"damage":11.0,"enemies":"3 Sentries","floor":13.0,"turns":12.0},{"damage":0.0,"enemies":"2 Fungi Beasts","floor":14.0,"turns":3.0},{"damage":34.0,"enemies":"Hexaghost","floor":16.0,"turns":11.0},{"damage":0.0,"enemies":"Spheric Guardian","floor":18.0,"turns":6.0},{"damage":0.0,"enemies":"3 Byrds","floor":21.0,"turns":7.0},{"damage":6.0,"enemies":"Centurion and Healer","floor":27.0,"turns":13.0},{"damage":9.0,"enemies":"Book of Stabbing","floor":29.0,"turns":10.0},{"damage":10.0,"enemies":"Snake Plant","floor":30.0,"turns":5.0},{"damage":0.0,"enemies":"Snecko","floor":31.0,"turns":8.0},{"damage":42,"enemies":"Automaton","floor":33,"turns":19},{"damage":2,"enemies":"3 Shapes","floor":35,"turns":9},{"damage":75,"enemies":"2 Orb Walkers","floor":37,"turns":5}],"seed_played":"2352357312168944001","potions_obtained":[{"floor":7.0,"key":"PowerPotion"},{"floor":11.0,"key":"SkillPotion"},{"floor":13.0,"key":"Block Potion"}],"is_trial":false,"path_per_floor":["M","M","$","M","?","R","M","R","T","R","E","M","E","M","R","B",null,"M","$","?","M","?","R","$","?","T","M","R","E","M","M","R","B",null,"M","?","?"],"character_chosen":"DEFECT","items_purchased":["ClockworkSouvenir"],"campfire_rested":0,"item_purchase_floors":[19],"current_hp_per_floor":[70,70,70,64,64,64,58,58,58,58,41,37,33,40,40,38,68,75,75,75,78,78,78,78,78,78,78,78,76,73,78,78,43,69,78,68,0,0],"gold":189,"neow_bonus":"TEN_PERCENT_HP_BONUS","is_daily":false,"chose_seed":false,"campfire_upgraded":7,"win_rate":0.0,"timestamp":1608628615,"path_taken":["M","M","$","?","?","R","?","R","T","R","E","?","E","M","R","BOSS","M","$","?","M","?","R","$","?","T","M","R","E","M","M","R","BOSS","M","?","?"],"items_purchased_type":["Relic"],"build_version":"2020-12-13","purchased_purges":2,"victory":false,"max_hp_per_floor":[78,78,78,78,78,78,78,78,78,78,78,78,78,78,78,78,78,78,78,78,78,78,78,78,78,78,78,78,78,78,78,78,78,78,78,78,78,78],"card_choices":[{"not_picked":["Steam","Redo"],"picked":"Self Repair","floor":1.0},{"not_picked":["Steam","Ball Lightning"],"picked":"Coolheaded","floor":2.0},{"not_picked":["Stack","Steam"],"picked":"Conserve Battery","floor":4.0},{"not_picked":["Barrage","Go for the Eyes"],"picked":"Echo Form","floor":7.0},{"not_picked":["Hologram","Loop"],"picked":"Glacier","floor":11.0},{"not_picked":["Redo","Compile Driver"],"picked":"Glacier","floor":12.0},{"not_picked":["Redo","Storm","Heatsinks"],"picked":"SKIP","floor":13.0},{"not_picked":["Barrage","Darkness"],"picked":"White Noise","floor":14.0},{"not_picked":["Ball Lightning","Hologram","Cold Snap"],"picked":"SKIP","floor":18.0},{"not_picked":["Melter","Force Field"],"picked":"Double Energy+1","floor":21.0},{"not_picked":["Sweeping Beam","Consume+1","Turbo"],"picked":"SKIP","floor":27.0},{"not_picked":["Static Discharge","Barrage","Go for the Eyes"],"picked":"SKIP","floor":29.0},{"not_picked":["Rebound","Static Discharge"],"picked":"Capacitor","floor":30.0},{"not_picked":["Conserve Battery","Beam Cell+1"],"picked":"Recycle+1","floor":31.0},{"not_picked":["Streamline+1","Heatsinks","Undo"],"picked":"SKIP","floor":35},{"not_picked":["Panache","Forethought"],"picked":"Master of Strategy","floor":36}],"player_experience":673391,"relics_obtained":[{"floor":9.0,"key":"Pantograph"},{"floor":11.0,"key":"Blue Candle"},{"floor":13.0,"key":"Oddly Smooth Stone"},{"floor":26.0,"key":"MealTicket"},{"floor":29.0,"key":"Happy Flower"}],"event_choices":[{"damage_healed":0.0,"max_hp_gain":0.0,"max_hp_loss":0.0,"gold_gain":0.0,"event_name":"Match and Keep!","player_choice":"1 cards matched","floor":5.0,"gold_loss":0.0,"damage_taken":0.0,"cards_obtained":["Ball Lightning"]},{"damage_healed":0.0,"max_hp_gain":0.0,"max_hp_loss":0.0,"gold_gain":50.0,"event_name":"Nest","player_choice":"Stole From Cult","floor":20.0,"gold_loss":0.0,"damage_taken":0.0},{"cards_removed":["Defend_B"],"damage_healed":0.0,"max_hp_gain":0.0,"max_hp_loss":0.0,"gold_gain":0.0,"event_name":"Beggar","player_choice":"Gave Gold","floor":22.0,"gold_loss":75.0,"damage_taken":0.0},{"cards_removed":["Strike_B"],"damage_healed":0.0,"max_hp_gain":0.0,"max_hp_loss":0.0,"gold_gain":0.0,"event_name":"Back to Basics","player_choice":"Elegance","floor":25.0,"gold_loss":0.0,"damage_taken":0.0},{"damage_healed":0,"gold_gain":0,"player_choice":"Memory 3","damage_taken":10,"max_hp_gain":0,"max_hp_loss":0,"event_name":"SensoryStone","floor":36,"gold_loss":0},{"damage_healed":0,"gold_gain":0,"player_choice":"Fight","damage_taken":0,"max_hp_gain":0,"max_hp_loss":0,"event_name":"Mysterious Sphere","floor":37,"gold_loss":0}],"is_beta":false,"boss_relics":[{"not_picked":["Cursed Key","Coffee Dripper"],"picked":"Sozu"},{"not_picked":["Velvet Choker","Fusion Hammer"],"picked":"Black Star"}],"items_purged_floors":[3,19],"is_endless":false,"potions_floor_spawned":[7,11,13,21,30,33],"killed_by":"2 Orb Walkers","ascension_level":15}}