{"host":"chv1qanoipyt46jc","time":1608661609,"event":{"mods":["2.2 Compatiblity","AchievementEnabler","BaseMod","BetterRewards","CapriCore","Card Filter","Conspire","Gold Saver","Grow up Mod","Minty Spire (QoL Compilation)","Rare Cards Sparkle","Relic Filter","Remove Card Discount Mod","Reorder Act Four","StSLib","TheHero"],"gold_per_floor":[111,286,296,311,311,311,331,365,365,377,410,422,445,473,485,599,611,637,660,689,713,742,754,794,806,818,847,891,913,925,953,965,1078,1090,1115,1140,1171,1198,1227,1264,1266,1266,1335,1335,1352,1352,1352,1372,1372,1372,1372,1372,1372,1397,1397],"floor_reached":56,"playtime":2375,"items_purged":["animeID:Bakugo","animeID:Deku","Doubt","animeID:DefendMH","animeID:DefendMH","animeID:DefendMH","animeID:DefendMH"],"score":1289,"play_id":"b8b5c384-0257-4b59-a075-9d605d1d6b4d","local_time":"20201222122649","is_ascension_mode":false,"campfire_choices":[{"data":"animeID:FullCowl","floor":6,"key":"SMITH"},{"floor":12,"key":"REST"},{"data":"animeID:Tamaki","floor":15,"key":"SMITH"},{"data":"animeID:PlusUltra","floor":23,"key":"SMITH"},{"floor":30,"key":"RECALL"},{"data":"animeID:Endeavor","floor":32,"key":"SMITH"},{"data":"animeID:RecoveryGirl","floor":44,"key":"SMITH"},{"data":"Madness","floor":47,"key":"SMITH"},{"data":"Madness","floor":49,"key":"SMITH"},{"data":"animeID:RecoveryGirl","floor":53,"key":"SMITH"}],"circlet_count":0,"master_deck":["animeID:Smash","animeID:Smash","animeID:Smash","animeID:Smash","animeID:FullCowl+1","animeID:Tamaki+1","animeID:RecoveryGirl+1","animeID:GranTorino","animeID:Endeavor+1","animeID:PlusUltra+1","animeID:RecoveryGirl+1","Madness+1","Madness+1","animeID:AllMight+1"],"relics":["animeID:HeroCostume","Frozen Egg 2","MawBank","SlaversCollar","Darkstone Periapt","Shuriken","Turnip","Sozu","Question Card","The Courier","Vajra"],"acts_visited":["Exordium","TheCity","TheBeyond","TheEnding"],"potions_floor_usage":[16,55,55],"damage_taken":[{"damage":8,"enemies":"Cultist","floor":1,"turns":6},{"damage":11,"enemies":"Small Slimes","floor":3,"turns":5},{"damage":12,"enemies":"2 Louse","floor":4,"turns":3},{"damage":13,"enemies":"2 Fungi Beasts","floor":7,"turns":4},{"damage":62,"enemies":"Gremlin Nob","floor":8,"turns":6},{"damage":20,"enemies":"3 Louse","floor":10,"turns":4},{"damage":60,"enemies":"Lagavulin","floor":11,"turns":8},{"damage":15,"enemies":"Looter","floor":13,"turns":3},{"damage":28,"enemies":"Exordium Wildlife","floor":14,"turns":5},{"damage":80,"enemies":"Hexaghost","floor":16,"turns":9},{"damage":14,"enemies":"Spheric Guardian","floor":18,"turns":4},{"damage":10,"enemies":"Chosen","floor":19,"turns":4},{"damage":72,"enemies":"Centurion and Healer","floor":20,"turns":7},{"damage":37,"enemies":"Snecko","floor":21,"turns":5},{"damage":42,"enemies":"Snake Plant","floor":22,"turns":4},{"damage":47,"enemies":"conspire:SneckoGhost","floor":24,"turns":7},{"damage":27,"enemies":"3 Cultists","floor":27,"turns":5},{"damage":17,"enemies":"Slavers","floor":28,"turns":5},{"damage":34,"enemies":"Shelled Parasite and Fungi","floor":29,"turns":5},{"damage":33,"enemies":"Centurion and Healer","floor":31,"turns":4},{"damage":50,"enemies":"Automaton","floor":33,"turns":8},{"damage":22,"enemies":"3 Darklings","floor":35,"turns":4},{"damage":10,"enemies":"Orb Walker","floor":36,"turns":2},{"damage":13,"enemies":"Maw","floor":37,"turns":6},{"damage":22,"enemies":"Spire Growth","floor":38,"turns":4},{"damage":10,"enemies":"Transient","floor":39,"turns":5},{"damage":61,"enemies":"Giant Head","floor":40,"turns":7},{"damage":33,"enemies":"3 Darklings","floor":45,"turns":3},{"damage":38,"enemies":"Jaw Worm Horde","floor":48,"turns":3},{"damage":181,"enemies":"conspire:OrnateMirror","floor":50,"turns":5},{"damage":96,"enemies":"Shield and Spear","floor":54,"turns":4},{"damage":233,"enemies":"The Heart","floor":55,"turns":7}],"seed_played":"3966819913872936892","potions_obtained":[{"floor":10,"key":"GamblersBrew"},{"floor":14,"key":"Weak Potion"},{"floor":16,"key":"Swift Potion"},{"floor":20,"key":"SpeedPotion"}],"is_trial":false,"path_per_floor":["M","?","M","M","?","R","M","E","T","M","E","R","M","M","R","B",null,"M","M","M","M","M","R","E","?","T","M","E","M","R","M","R","B",null,"M","M","M","M","M","E","$","?","T","R","M","?","R","M","R","B",null,"$","R","E","B",null],"character_chosen":"THE_HERO","items_purchased":["animeID:FullCowl"],"campfire_rested":1,"item_purchase_floors":[0],"current_hp_per_floor":[89,99,100,100,110,120,123,73,83,81,39,107,108,96,106,46,255,251,257,205,184,158,168,141,151,161,156,163,151,161,150,160,136,425,421,427,438,438,450,415,425,435,445,455,444,387,397,383,393,238,595,605,615,533,330],"gold":1397,"neow_bonus":"","is_daily":false,"chose_seed":false,"campfire_upgraded":8,"win_rate":0.0,"timestamp":1608661609,"path_taken":["M","?","M","M","?","R","M","E","T","M","E","R","M","M","R","BOSS","M","M","M","M","M","R","E","?","T","M","E","M","R","M","R","BOSS","M","M","M","M","M","E","$","?","T","R","M","?","R","M","R","BOSS","$","R","E","BOSS"],"items_purchased_type":["Card"],"build_version":"2020-12-13","purchased_purges":7,"victory":true,"max_hp_per_floor":[95,105,115,125,135,145,155,165,175,185,195,205,215,225,235,245,255,265,275,285,295,305,315,325,335,345,355,365,375,385,395,405,415,425,435,445,455,465,475,485,495,505,515,525,535,545,555,565,575,585,595,605,615,625,635],"card_choices":[{"not_picked":["animeID:Bakugo","animeID:Tsuyu","animeID:Uraraka"],"picked":"SKIP","floor":1},{"not_picked":["animeID:Tsuyu","animeID:DetroitSmash"],"picked":"animeID:Tamaki","floor":3},{"not_picked":["animeID:Mineta","animeID:Nomu"],"picked":"animeID:RecoveryGirl","floor":4},{"not_picked":["animeID:ToruHagakure","animeID:FatGum","animeID:TodorokiShoto"],"picked":"SKIP","floor":7},{"not_picked":["animeID:TodorokiShoto","animeID:Uraraka","animeID:SkinnyGum"],"picked":"SKIP","floor":8},{"not_picked":["animeID:Tsuyu","animeID:Nomu"],"picked":"animeID:GranTorino","floor":10},{"not_picked":["animeID:Kaminari","animeID:Crystallize+1"],"picked":"animeID:Endeavor","floor":11},{"not_picked":["animeID:EraserHead","animeID:Thirteen","animeID:Iida"],"picked":"SKIP","floor":13},{"not_picked":["animeID:Aoyama","animeID:ToruHagakure","animeID:Tsuyu"],"picked":"SKIP","floor":14},{"not_picked":["animeID:Chisaki+1","animeID:AllMight+1"],"picked":"animeID:PlusUltra","floor":16},{"not_picked":["animeID:Aoyama","animeID:Tsuyu","animeID:Momo+1"],"picked":"SKIP","floor":18},{"not_picked":["animeID:NightEye","animeID:DetroitSmash","animeID:Hatsume"],"picked":"SKIP","floor":19},{"not_picked":["animeID:MtLady","animeID:Mezo","animeID:Crystallize+1"],"picked":"SKIP","floor":20},{"not_picked":["animeID:Dabi+1","animeID:Kendo","animeID:Tengai"],"picked":"SKIP","floor":21},{"not_picked":["animeID:Tomura","animeID:Momo+1","animeID:ToruHagakure+1"],"picked":"SKIP","floor":22},{"not_picked":["animeID:Thirteen","animeID:DetroitSmash"],"picked":"animeID:RecoveryGirl","floor":24},{"not_picked":["animeID:HowitzerImpact+1","animeID:Kendo+1","animeID:Mina+1"],"picked":"SKIP","floor":27},{"not_picked":["animeID:Tomura","animeID:Mineta","animeID:Kurono"],"picked":"SKIP","floor":28},{"not_picked":["animeID:Uraraka","animeID:EraserHead","animeID:GentleCriminal+1"],"picked":"SKIP","floor":29},{"not_picked":["animeID:FatGum","animeID:Aoyama","animeID:RecoveryGirl"],"picked":"SKIP","floor":31},{"not_picked":["animeID:Mineta+1","animeID:Kaminari+1","animeID:Momo+1"],"picked":"SKIP","floor":35},{"not_picked":["animeID:Rappa+1","animeID:Tengai","animeID:TodorokiShoto"],"picked":"SKIP","floor":36},{"not_picked":["animeID:RedRiot+1","animeID:Mezo","animeID:GranTorino+1"],"picked":"SKIP","floor":37},{"not_picked":["animeID:Rei+1","animeID:Tsuyu","animeID:MtLady+1"],"picked":"SKIP","floor":38},{"not_picked":["animeID:Tsuyu+1","animeID:Kurono+1","animeID:Tomura"],"picked":"SKIP","floor":39},{"not_picked":["animeID:HighFive+1","animeID:Himiko+1","animeID:Bakugo"],"picked":"SKIP","floor":40},{"not_picked":["animeID:Ojiro","animeID:Tamaki","animeID:Mineta","animeID:DetroitSmash"],"picked":"SKIP","floor":45},{"not_picked":["animeID:Tsuyu+1","animeID:Tomura+1","animeID:Nomu+1","animeID:Ojiro"],"picked":"SKIP","floor":48},{"not_picked":["animeID:Mina+1","animeID:Momo+1","animeID:Kendo+1"],"picked":"animeID:AllMight+1","floor":54}],"player_experience":287780,"relics_obtained":[{"floor":8,"key":"Frozen Egg 2"},{"floor":11,"key":"MawBank"},{"floor":24,"key":"Darkstone Periapt"},{"floor":26,"key":"Shuriken"},{"floor":28,"key":"Turnip"},{"floor":40,"key":"Question Card"},{"floor":43,"key":"The Courier"},{"floor":54,"key":"Vajra"}],"event_choices":[{"damage_healed":0,"gold_gain":175,"player_choice":"AGREE","damage_taken":0,"max_hp_gain":0,"max_hp_loss":0,"event_name":"Liars Game","floor":2,"gold_loss":0,"cards_obtained":["Doubt"]},{"damage_healed":0,"gold_gain":0,"player_choice":"Disagree","damage_taken":0,"max_hp_gain":0,"max_hp_loss":0,"event_name":"conspire:LoneGhost","floor":5,"gold_loss":0},{"damage_healed":0,"gold_gain":0,"player_choice":"Ignored","damage_taken":0,"max_hp_gain":0,"max_hp_loss":0,"event_name":"Cursed Tome","floor":25,"gold_loss":0},{"damage_healed":0,"gold_gain":0,"player_choice":"Ignored","damage_taken":0,"max_hp_gain":0,"max_hp_loss":0,"event_name":"Tomb of Lord Red Mask","floor":42,"gold_loss":0},{"damage_healed":0,"gold_gain":0,"player_choice":"Embrace Madness","damage_taken":67,"max_hp_gain":0,"max_hp_loss":0,"event_name":"Winding Halls","floor":46,"gold_loss":0,"cards_obtained":["Madness","Madness"]}],"is_beta":false,"boss_relics":[{"not_picked":["conspire:RunicOctahedron","Cursed Key"],"picked":"SlaversCollar"},{"not_picked":["Tiny House","Busted Crown"],"picked":"Sozu"}],"items_purged_floors":[0,0,41,41,41,41,41],"is_endless":false,"potions_floor_spawned":[1,7,10,14,16,20,22,28,29,31,36,37,38,40,48],"ascension_level":0}}