{"host":"2461dio7vetlq1z3","time":1608676408,"event":{"mods":["2.2 Compatiblity","AchievementEnabler","BaseMod","Better Third Choice","Hermit","Marisa????????","Minty Spire (QoL Compilation)","Relic Stats","Spicy Shops","StSLib","The Runesmith","Waifu the Spire"],"gold_per_floor":[99,24,24,24,24,24,24,24,24,24,24,24,24,24,24,24,24,24,24,24,24,24,24,24,24,24,24,24,24,24,24,24,24,24,24,24,24,24,24,24,24,24,24,24,24,24,24,24,24,24,24,24,24,24,24],"floor_reached":54,"playtime":2501,"items_purged":["hermit:Strike_Hermit"],"score":1115,"play_id":"3f20cf54-7c54-4c93-b45e-d926e0982a9e","local_time":"20201222233328","is_ascension_mode":true,"campfire_choices":[{"data":"hermit:HighCaliber","floor":6,"key":"SMITH"},{"floor":8,"key":"RECALL"},{"data":"hermit:Snapshot","floor":11,"key":"SMITH"},{"data":"hermit:Magnum","floor":15,"key":"SMITH"},{"data":"hermit:FatalDesire","floor":23,"key":"SMITH"},{"data":"hermit:Coalescence","floor":25,"key":"SMITH"},{"floor":29,"key":"REST"},{"floor":32,"key":"REST"},{"data":"hermit:TakeAim","floor":40,"key":"SMITH"},{"floor":46,"key":"REST"},{"floor":49,"key":"REST"},{"data":"hermit:OverwhelmingPower","floor":52,"key":"SMITH"}],"circlet_count":0,"master_deck":["hermit:Strike_Hermit","hermit:Strike_Hermit","hermit:Strike_Hermit","hermit:Defend_Hermit","hermit:Defend_Hermit","hermit:Defend_Hermit","hermit:Defend_Hermit","hermit:Snapshot+1","hermit:Covet","hermit:Malice","Apotheosis+1","hermit:HighCaliber+1","hermit:Roulette","hermit:Deadeye","hermit:Magnum+1","hermit:FatalDesire+1","hermit:WideOpen+1","hermit:TakeAim+1","hermit:Coalescence+1","hermit:Magnum","hermit:BodyArmor","hermit:FlashPowder","hermit:LuckOfTheDraw","hermit:OverwhelmingPower+1","hermit:Deadeye","hermit:Magnum","hermit:Cheat+1","hermit:Dive+1","hermit:HoleUp+1","hermit:LowProfile+1","hermit:Determination+1","hermit:HoleUp+1"],"relics":["Ectoplasm","Omamori","Pear","Juzu Bracelet","Letter Opener","Calling Bell","Potion Belt","Eternal Feather","Lizard Tail","Bottled Tornado","Blood Vial","Dream Catcher","hermit:CharredGlove","Runic Pyramid","Art of War","Gambling Chip"],"acts_visited":["Exordium","TheCity","TheBeyond","TheEnding"],"potions_floor_usage":[7,21,22,24,28,33,35,50,50,50,50],"damage_taken":[{"damage":2,"enemies":"Small Slimes","floor":1,"turns":3},{"damage":0,"enemies":"2 Louse","floor":4,"turns":2},{"damage":4,"enemies":"Jaw Worm","floor":5,"turns":2},{"damage":10,"enemies":"Lagavulin","floor":7,"turns":5},{"damage":0,"enemies":"Gremlin Nob","floor":12,"turns":2},{"damage":0,"enemies":"Exordium Wildlife","floor":13,"turns":2},{"damage":28,"enemies":"Hexaghost","floor":16,"turns":7},{"damage":4,"enemies":"Shell Parasite","floor":18,"turns":4},{"damage":12,"enemies":"3 Byrds","floor":20,"turns":4},{"damage":0,"enemies":"Shelled Parasite and Fungi","floor":21,"turns":1},{"damage":33,"enemies":"Snake Plant","floor":22,"turns":3},{"damage":13,"enemies":"Gremlin Leader","floor":24,"turns":3},{"damage":20,"enemies":"Book of Stabbing","floor":27,"turns":4},{"damage":4,"enemies":"Cultist and Chosen","floor":28,"turns":4},{"damage":0,"enemies":"Sentry and Sphere","floor":30,"turns":3},{"damage":14,"enemies":"Gremlin Leader","floor":31,"turns":5},{"damage":14,"enemies":"Champ","floor":33,"turns":8},{"damage":0,"enemies":"3 Darklings","floor":35,"turns":1},{"damage":10,"enemies":"Orb Walker","floor":37,"turns":3},{"damage":20,"enemies":"Spire Growth","floor":38,"turns":4},{"damage":7,"enemies":"Nemesis","floor":41,"turns":7},{"damage":35,"enemies":"3 Darklings","floor":42,"turns":5},{"damage":39,"enemies":"Transient","floor":44,"turns":5},{"damage":68,"enemies":"Giant Head","floor":45,"turns":8},{"damage":25,"enemies":"Sphere and 2 Shapes","floor":47,"turns":5},{"damage":17,"enemies":"3 Darklings","floor":48,"turns":4},{"damage":67,"enemies":"Awakened One","floor":50,"turns":10},{"damage":96,"enemies":"Shield and Spear","floor":54,"turns":6}],"seed_played":"3978014068700676647","potions_obtained":[{"floor":1,"key":"Dexterity Potion"},{"floor":5,"key":"GamblersBrew"},{"floor":13,"key":"Explosive Potion"},{"floor":16,"key":"PowerPotion"},{"floor":18,"key":"SmokeBomb"},{"floor":24,"key":"SmokeBomb"},{"floor":27,"key":"Block Potion"},{"floor":28,"key":"SteroidPotion"},{"floor":31,"key":"FairyPotion"},{"floor":33,"key":"LiquidBronze"},{"floor":37,"key":"Regen Potion"},{"floor":44,"key":"AttackPotion"},{"floor":47,"key":"Ancient Potion"}],"is_trial":false,"path_per_floor":["M","$","?","M","M","R","E","R","T","$","R","E","M","?","R","B",null,"M","$","M","M","M","R","E","R","T","E","M","R","M","E","R","B",null,"M","?","M","M","$","R","E","M","T","M","E","R","M","M","R","B",null,"R","$","E"],"character_chosen":"HERMIT","items_purchased":[],"campfire_rested":4,"item_purchase_floors":[],"current_hp_per_floor":[66,66,66,66,62,62,52,52,62,62,62,62,62,62,62,34,72,68,68,56,56,23,32,19,28,28,10,8,45,47,35,72,60,79,81,81,71,53,53,68,63,30,30,24,16,55,32,17,59,9,63,81,81,0,0],"gold":24,"neow_bonus":"BOSS_RELIC","is_daily":false,"chose_seed":false,"campfire_upgraded":7,"win_rate":0.0,"timestamp":1608676408,"path_taken":["M","$","?","M","M","R","E","R","T","$","R","E","M","?","R","BOSS","M","$","M","M","M","R","E","R","T","E","M","R","M","E","R","BOSS","M","?","M","M","$","R","E","M","T","M","E","R","M","M","R","BOSS","R","$","E"],"items_purchased_type":[],"build_version":"2020-12-13","purchased_purges":1,"victory":false,"max_hp_per_floor":[75,75,75,75,75,75,75,75,85,85,85,85,85,85,85,85,85,85,85,85,85,85,85,85,85,85,85,85,85,85,85,85,85,85,85,81,81,81,81,81,81,81,81,81,81,81,81,81,81,81,81,81,81,81,81],"relic_stats":{"Blood Vial":28,"Lizard Tail":40,"Dream Catcher":4,"counters":[28,120],"Gambling Chip":[9],"Eternal Feather":108,"Ectoplasm":808,"Juzu Bracelet":0,"Art of War":[6],"Letter Opener":[227],"obtain_stats":[{"Potion Belt":17,"Pear":9,"Eternal Feather":17,"Omamori":7,"Juzu Bracelet":12,"Letter Opener":14,"Bottled Tornado":24,"Calling Bell":17,"Blood Vial":26,"Lizard Tail":17,"Dream Catcher":27,"hermit:CharredGlove":31,"Gambling Chip":45,"Ectoplasm":0,"Art of War":41,"hermit:Momento":0,"Runic Pyramid":34},{"Potion Belt":7,"Pear":4,"Eternal Feather":7,"Omamori":4,"Juzu Bracelet":5,"Letter Opener":6,"Bottled Tornado":12,"Calling Bell":7,"Blood Vial":12,"Lizard Tail":7,"Dream Catcher":13,"hermit:CharredGlove":16,"Gambling Chip":24,"Ectoplasm":0,"Art of War":21,"hermit:Momento":0,"Runic Pyramid":17},{"Potion Belt":23,"Pear":12,"Eternal Feather":23,"Omamori":12,"Juzu Bracelet":14,"Letter Opener":16,"Bottled Tornado":38,"Calling Bell":23,"Blood Vial":38,"Lizard Tail":23,"Dream Catcher":42,"hermit:CharredGlove":54,"Gambling Chip":95,"Ectoplasm":0,"Art of War":77,"hermit:Momento":0,"Runic Pyramid":62}]},"card_choices":[{"not_picked":["hermit:Desperado","hermit:TrackingShot"],"picked":"hermit:Malice","floor":1},{"not_picked":["hermit:SprayPray","hermit:Glare"],"picked":"hermit:HighCaliber","floor":4},{"not_picked":["hermit:LowProfile","hermit:HoleUp"],"picked":"hermit:Roulette","floor":5},{"not_picked":["hermit:Determination","hermit:Midnight"],"picked":"hermit:Deadeye","floor":7},{"not_picked":["hermit:ShadowCloak","hermit:Gestalt"],"picked":"hermit:Magnum","floor":12},{"not_picked":["hermit:Gestalt","hermit:ItchyTrigger","hermit:PistolWhip"],"picked":"SKIP","floor":13},{"not_picked":["hermit:FromBeyond","hermit:HeroicBravado"],"picked":"hermit:FatalDesire","floor":16},{"not_picked":["hermit:Desperado","hermit:Headshot"],"picked":"hermit:WideOpen+1","floor":18},{"not_picked":["hermit:BodyArmor","hermit:Showdown+1"],"picked":"hermit:TakeAim","floor":20},{"not_picked":["hermit:TrackingShot+1","hermit:WideOpen","hermit:HighCaliber"],"picked":"SKIP","floor":22},{"not_picked":["hermit:Scavenge","hermit:EyeOfTheStorm+1"],"picked":"hermit:Coalescence","floor":24},{"not_picked":["hermit:Snipe","hermit:Ricochet"],"picked":"hermit:Magnum","floor":27},{"not_picked":["hermit:ItchyTrigger","hermit:Manifest"],"picked":"hermit:BodyArmor","floor":28},{"not_picked":["hermit:TrackingShot","hermit:SprayPray"],"picked":"hermit:FlashPowder","floor":29},{"not_picked":["hermit:LowProfile+1","hermit:SprayPray"],"picked":"hermit:LuckOfTheDraw","floor":30},{"not_picked":["hermit:Spite","hermit:LuckOfTheDraw"],"picked":"hermit:OverwhelmingPower","floor":31},{"not_picked":["hermit:Midnight","hermit:TakeCover"],"picked":"hermit:Deadeye","floor":32},{"not_picked":["hermit:DeadOrAlive","hermit:Gambit"],"picked":"hermit:Magnum","floor":33},{"not_picked":["hermit:Shortfuse","hermit:WideOpen+1","hermit:CalledShot+1"],"picked":"SKIP","floor":37},{"not_picked":["hermit:SprayPray","hermit:ItchyTrigger+1","hermit:Headshot+1"],"picked":"SKIP","floor":38},{"not_picked":["hermit:Virtue","hermit:Magnum"],"picked":"hermit:Cheat+1","floor":41},{"not_picked":["hermit:Feint","hermit:SprayPray+1","hermit:Dive+1"],"picked":"SKIP","floor":42},{"not_picked":["hermit:Feint","hermit:SprayPray+1"],"picked":"hermit:Dive+1","floor":42},{"not_picked":["hermit:Dive+1","hermit:Deadeye+1"],"picked":"hermit:HoleUp+1","floor":44},{"not_picked":["hermit:Grudge","hermit:ItchyTrigger","hermit:FromBeyond"],"picked":"SKIP","floor":45},{"not_picked":["hermit:Dive+1","hermit:Ricochet"],"picked":"hermit:LowProfile+1","floor":46},{"not_picked":["hermit:Combo+1","hermit:CalledShot+1"],"picked":"hermit:Determination+1","floor":47},{"not_picked":["hermit:Headshot","hermit:NoHoldsBarred+1"],"picked":"hermit:HoleUp+1","floor":48}],"player_experience":940043,"relics_obtained":[{"floor":7,"key":"Omamori"},{"floor":9,"key":"Pear"},{"floor":12,"key":"Juzu Bracelet"},{"floor":17,"key":"Potion Belt"},{"floor":17,"key":"Eternal Feather"},{"floor":17,"key":"Lizard Tail"},{"floor":24,"key":"Bottled Tornado"},{"floor":26,"key":"Blood Vial"},{"floor":27,"key":"Dream Catcher"},{"floor":31,"key":"hermit:CharredGlove"},{"floor":41,"key":"Art of War"},{"floor":45,"key":"Gambling Chip"}],"event_choices":[{"damage_healed":66,"gold_gain":0,"player_choice":"Embrace","damage_taken":0,"max_hp_gain":0,"max_hp_loss":75,"event_name":"betterThird:BetterShining","floor":3,"gold_loss":0},{"damage_healed":0,"gold_gain":0,"player_choice":"Box","damage_taken":0,"relics_obtained":["Letter Opener"],"max_hp_gain":0,"max_hp_loss":0,"event_name":"Big Fish","floor":14,"gold_loss":0,"cards_obtained":["Regret"]},{"damage_healed":0,"gold_gain":0,"player_choice":"Max HP","damage_taken":0,"max_hp_gain":0,"max_hp_loss":4,"event_name":"Winding Halls","floor":36,"gold_loss":0}],"is_beta":false,"boss_relics":[{"not_picked":["Philosopher\u0027s Stone","Cursed Key"],"picked":"Calling Bell"},{"not_picked":["Sozu","Pandora\u0027s Box"],"picked":"Runic Pyramid"}],"items_purged_floors":[2],"is_endless":false,"potions_floor_spawned":[1,5,13,16,18,24,27,28,31,33,37,44,47],"killed_by":"Shield and Spear","ascension_level":9}}