{"host":"i2i02x4i4k8qp1ba","time":1608646140,"event":{"mods":["AchievementEnabler","Act Like it!","BaseMod","Better Note","BetterRewards","Colored Map","Conspire","Downfall","Duelist Mod","Friendly Minions","Gensokyo","Hallownest","Hermit","Highlight Path","Hubris","Infinite Spire","Jorbs\u0027s Wanderer Trilogy","KinomotoSakuraMod(????)","Lobotomy","Minty Spire (QoL Compilation)","Prisma Mod","Quick Restart","Replay The Spire","Shop Mod","Spicy Shops","StSLib","SuperFastMode","The Animator","The Bug Knight","The Senshi","The Wild Card","WarShipGirlsR/????R mod","???????????mod"],"gold_per_floor":[99,118,137,150,150,191,214,229,229,264,189,219,219,239,250,250,250,250],"floor_reached":16,"playtime":475,"items_purged":[],"score":112,"play_id":"a8f4f8f9-3d54-4366-88ea-4e5c1c4db83a","local_time":"20201222140900","is_ascension_mode":false,"campfire_choices":[{"floor":1,"key":"RECALL"},{"floor":11,"key":"REST"},{"data":"Slimebound:DuplicatedForm","floor":13,"key":"SMITH"}],"circlet_count":0,"master_deck":["Slimebound:Strike_Slimebound","Slimebound:Strike_Slimebound","Slimebound:Strike_Slimebound","Slimebound:Tackle","Slimebound:Defend_Slimebound","Slimebound:Defend_Slimebound","Slimebound:Defend_Slimebound","Slimebound:Defend_Slimebound","Slimebound:Split","Slimebound:CorrosiveSpit","Slimebound:SplitSpecialist+1","Slimebound:SplitSpecialist","Slimebound:GoopTackle","Slimebound:ForwardTackle","Replay:Fractal Strike","Slimebound:LeadByExample","Slimebound:RollThrough","Slimebound:Schlurp","Slimebound:MinionMaster","Slimebound:DuplicatedForm+1","Slimebound:Nibble","Slimebound:MegaLick"],"relics":["Slimebound:AbsorbEndCombat","Onion Ring","MealTicket","hubris:PeanutButter","downfall:HeartBlessingRed","hubris:ToyBattleship"],"acts_visited":["Exordium"],"potions_floor_usage":[],"damage_taken":[{"damage":14,"enemies":"Cultist","floor":2,"turns":4},{"damage":18,"enemies":"2 Louse","floor":3,"turns":3},{"damage":8,"enemies":"Small Slimes","floor":4,"turns":3},{"damage":4,"enemies":"2 Fungi Beasts","floor":8,"turns":2},{"damage":20,"enemies":"Lagavulin","floor":10,"turns":5},{"damage":15,"enemies":"HollowMod:MossKnight","floor":12,"turns":5},{"damage":19,"enemies":"Large Slime","floor":14,"turns":4},{"damage":0,"enemies":"Red Slaver","floor":15,"turns":2},{"damage":60,"enemies":"downfall:Ironclad","floor":16,"turns":5}],"seed_played":"7800875383419197987","potions_obtained":[{"floor":4,"key":"FearPotion"},{"floor":10,"key":"Adrenaline Potion"},{"floor":12,"key":"Slimebound:SlimedPotion"}],"is_trial":false,"path_per_floor":["R","M","M","M","?","?","T","M","?","E","R","E","R","M","M","B"],"character_chosen":"SLIMEBOUND","items_purchased":[],"campfire_rested":1,"item_purchase_floors":[],"current_hp_per_floor":[60,58,54,54,39,15,15,19,19,27,45,58,58,60,60,0,0,0],"gold":250,"neow_bonus":"THREE_CARDS","is_daily":false,"chose_seed":false,"campfire_upgraded":1,"win_rate":0.0,"timestamp":1608646140,"path_taken":["R","M","?","M","?","?","T","M","?","E","R","E","R","?","M","BOSS"],"items_purchased_type":[],"build_version":"2020-12-13","purchased_purges":0,"victory":false,"max_hp_per_floor":[60,60,60,60,60,60,60,60,60,60,60,60,60,60,60,60,60,60],"card_choices":[{"not_picked":["Slimebound:SplitAcid","Slimebound:FirmFortitude"],"picked":"Slimebound:SplitSpecialist","floor":0},{"not_picked":["Slimebound:LeechEnergy","Slimebound:SlimeTap"],"picked":"Slimebound:SplitSpecialist","floor":2},{"not_picked":["Slimebound:HungryTackle","Slimebound:Repurpose"],"picked":"Slimebound:GoopTackle","floor":3},{"not_picked":["Slimebound:BestDefense","Slimebound:Replication"],"picked":"Slimebound:ForwardTackle","floor":4},{"not_picked":["ReplayTheSpireMod:Black Plague","ReplayTheSpireMod:Chaos Vortex"],"picked":"Replay:Fractal Strike","floor":5},{"not_picked":["Slimebound:ForwardTackle","Slimebound:MegaLick"],"picked":"Slimebound:LeadByExample","floor":6},{"not_picked":["Slimebound:SplitBruiser","Slimebound:GrowthPunch"],"picked":"Slimebound:RollThrough","floor":6},{"not_picked":["Slimebound:FlameTackle","Slimebound:SlimeBrawl"],"picked":"Slimebound:Schlurp","floor":8},{"not_picked":["Slimebound:LeechingTouch","Slimebound:GrowthPunch"],"picked":"Slimebound:MinionMaster","floor":10},{"not_picked":["Slimebound:SplitLeeching","Slimebound:Dissolve"],"picked":"Slimebound:DuplicatedForm","floor":12},{"not_picked":["Slimebound:SlimeSpikes","Slimebound:SplitAcid"],"picked":"Slimebound:Nibble","floor":14},{"not_picked":["Slimebound:SplitLeeching","Slimebound:LeechEnergy"],"picked":"Slimebound:MegaLick","floor":15}],"player_experience":409218,"relics_obtained":[{"floor":6,"key":"Onion Ring"},{"floor":7,"key":"MealTicket"},{"floor":10,"key":"hubris:PeanutButter"},{"floor":12,"key":"hubris:ToyBattleship"}],"event_choices":[{"damage_healed":0,"gold_gain":0,"player_choice":"Forge","damage_taken":0,"max_hp_gain":0,"max_hp_loss":0,"event_name":"Accursed Blacksmith","floor":9,"gold_loss":0,"cards_upgraded":["Slimebound:SplitSpecialist"]}],"is_beta":false,"boss_relics":[],"items_purged_floors":[],"is_endless":false,"potions_floor_spawned":[4,10,12,14,15],"killed_by":"downfall:Ironclad","ascension_level":0}}