{"host":"7gewg82ormp6yt4e","time":1608639673,"event":{"mods":["BaseMod","Block Reminder","Colored Map","Colored Powertips","DeckTracker","Highlight Path","Minty Spire (QoL Compilation)","Relic Stats","StSLib"],"gold_per_floor":[116,134,145,59,59,89,89,122,122,122,182,258,271,281,281,352,352,371,421,9,59,75,107,107,157,233,152,152,167,167,196,196,273,273,283,118,168,185,205,148,148,41,67,80,97,97,109,120,120,120,120,120,120,35,35,35],"floor_reached":55,"playtime":4178,"items_purged":["Writhe"],"score":1834,"play_id":"7196d066-4c78-4397-8f80-f4f44ff19dcb","local_time":"20201222212113","is_ascension_mode":true,"campfire_choices":[{"data":"Wraith Form v2","floor":7.0,"key":"SMITH"},{"data":"Bouncing Flask","floor":10.0,"key":"SMITH"},{"floor":15.0,"key":"REST"},{"data":"Calculated Gamble","floor":24.0,"key":"SMITH"},{"floor":28.0,"key":"REST"},{"data":"Footwork","floor":30.0,"key":"SMITH"},{"data":"Footwork","floor":32.0,"key":"SMITH"},{"data":"Catalyst","floor":41.0,"key":"SMITH"},{"floor":46.0,"key":"RECALL"},{"floor":49.0,"key":"REST"},{"data":"Forethought","floor":53.0,"key":"SMITH"}],"circlet_count":0,"master_deck":["AscendersBane","Strike_G","Strike_G","Defend_G+1","Defend_G","Defend_G+1","Defend_G","Defend_G","Survivor","Neutralize","Venomology+1","Underhanded Strike+1","Deflect+1","Blade Dance","Wraith Form v2+1","Bouncing Flask+1","Slice","Poisoned Stab","Deadly Poison","Corpse Explosion","Dagger Throw","Unload","Calculated Gamble+1","Cloak And Dagger+1","Acrobatics","Footwork+1","Backflip","Footwork+1","Tools of the Trade","Catalyst+1","Blur","Forethought+1","Blind","Dodge and Roll","PiercingWail","Deadly Poison+1","Deadly Poison+1","Tactician"],"relics":["Astrolabe","SsserpentHead","Shuriken","Tough Bandages","Girya","Odd Mushroom","HoveringKite","Ancient Tea Set","War Paint","Nunchaku","Bottled Lightning","Kunai","StrikeDummy","Runic Pyramid","PreservedInsect","Juzu Bracelet"],"acts_visited":["Exordium","TheCity","TheBeyond","TheEnding"],"potions_floor_usage":[55,55],"damage_taken":[{"damage":0.0,"enemies":"2 Louse","floor":1.0,"turns":4.0},{"damage":0.0,"enemies":"Cultist","floor":2.0,"turns":3.0},{"damage":2.0,"enemies":"Jaw Worm","floor":3.0,"turns":4.0},{"damage":10.0,"enemies":"Lagavulin","floor":6.0,"turns":7.0},{"damage":13.0,"enemies":"3 Sentries","floor":8.0,"turns":7.0},{"damage":1.0,"enemies":"Exordium Wildlife","floor":11.0,"turns":6.0},{"damage":2.0,"enemies":"The Mushroom Lair","floor":12.0,"turns":4.0},{"damage":6.0,"enemies":"Exordium Thugs","floor":13.0,"turns":4.0},{"damage":3.0,"enemies":"3 Louse","floor":14.0,"turns":3.0},{"damage":19.0,"enemies":"Hexaghost","floor":16.0,"turns":8.0},{"damage":10.0,"enemies":"Chosen","floor":18.0,"turns":4.0},{"damage":2.0,"enemies":"Shell Parasite","floor":22.0,"turns":5.0},{"damage":17.0,"enemies":"Slavers","floor":23.0,"turns":3.0},{"damage":1.0,"enemies":"Centurion and Healer","floor":29.0,"turns":3.0},{"damage":4.0,"enemies":"Gremlin Leader","floor":31.0,"turns":7.0},{"damage":24.0,"enemies":"Collector","floor":33.0,"turns":9.0},{"damage":1.0,"enemies":"Orb Walker","floor":35.0,"turns":4.0},{"damage":7.0,"enemies":"3 Darklings","floor":38.0,"turns":2.0},{"damage":0.0,"enemies":"Transient","floor":39.0,"turns":6.0},{"damage":14.0,"enemies":"Writhing Mass","floor":44.0,"turns":7.0},{"damage":5.0,"enemies":"3 Darklings","floor":45.0,"turns":5.0},{"damage":0.0,"enemies":"Sphere and 2 Shapes","floor":47.0,"turns":6.0},{"damage":3.0,"enemies":"4 Shapes","floor":48.0,"turns":6.0},{"damage":3.0,"enemies":"Time Eater","floor":50.0,"turns":10.0},{"damage":20.0,"enemies":"Donu and Deca","floor":51.0,"turns":10.0},{"damage":72,"enemies":"Shield and Spear","floor":55,"turns":3}],"seed_played":"-7207205265451622798","potions_obtained":[{"floor":1.0,"key":"DistilledChaos"},{"floor":6.0,"key":"PowerPotion"},{"floor":8.0,"key":"DuplicationPotion"},{"floor":12.0,"key":"AttackPotion"},{"floor":22.0,"key":"Energy Potion"},{"floor":33.0,"key":"FearPotion"},{"floor":38.0,"key":"Poison Potion"},{"floor":44.0,"key":"SpeedPotion"},{"floor":48.0,"key":"DistilledChaos"}],"is_trial":false,"path_per_floor":["M","M","M","$","?","E","R","E","T","R","M","?","M","M","R","B",null,"M","?","$","?","M","E","R","T","T","$","R","M","R","E","R","B",null,"M","$","?","M","M","$","R","$","T","M","M","R","M","M","R","B","B",null,"R","$","E"],"character_chosen":"THE_SILENT","items_purchased":["Bouncing Flask","War Paint","Nunchaku","Footwork","PreservedInsect","Forethought","Blind","Dodge and Roll","Regen Potion"],"campfire_rested":3,"item_purchase_floors":[4,20,20,27,36,40,42,42,54],"current_hp_per_floor":[59,59,57,57,57,47,47,34,34,34,33,31,25,22,41,22,55,45,45,45,45,43,26,26,26,26,26,45,44,44,40,40,16,54,53,53,53,46,46,46,46,46,46,32,27,27,27,24,43,40,20,55,55,55,0,0],"gold":35,"neow_bonus":"BOSS_RELIC","is_daily":false,"chose_seed":false,"campfire_upgraded":7,"win_rate":0.0,"timestamp":1608639673,"path_taken":["M","M","M","$","?","E","R","E","T","R","?","?","M","M","R","BOSS","M","?","$","?","M","E","R","?","T","$","R","M","R","E","R","BOSS","M","$","?","M","M","?","R","?","T","M","M","R","M","M","R","BOSS","BOSS","R","$","E"],"items_purchased_type":["Card","Relic","Relic","Card","Relic","Card","Card","Card","Potion"],"build_version":"2020-12-13","purchased_purges":1,"victory":false,"max_hp_per_floor":[66,66,66,66,66,66,66,66,66,66,66,66,66,66,66,66,66,66,66,66,66,66,66,66,66,66,66,66,66,66,66,66,66,66,66,66,66,66,66,66,66,66,66,66,66,66,66,66,66,66,66,66,66,66,66,66],"relic_stats":{"SsserpentHead":400,"Tough Bandages":[510],"Nunchaku":[15],"counters":[26,140],"Shuriken":[45],"Astrolabe":["Venomology","Underhanded Strike","Deflect"],"HoveringKite":[68],"PreservedInsect":77,"Juzu Bracelet":0,"Kunai":[30],"War Paint":["Defend_G","Defend_G"],"obtain_stats":[{"Girya":9,"Astrolabe":0,"HoveringKite":17,"PreservedInsect":36,"Juzu Bracelet":43,"Odd Mushroom":12,"War Paint":20,"Ancient Tea Set":19,"SsserpentHead":5,"Tough Bandages":8,"Nunchaku":20,"Shuriken":6,"Bottled Lightning":23,"Kunai":26,"StrikeDummy":31,"Ring of the Snake":0,"Runic Pyramid":34},{"Girya":5,"Astrolabe":0,"HoveringKite":10,"PreservedInsect":17,"Juzu Bracelet":19,"Odd Mushroom":7,"War Paint":11,"Ancient Tea Set":11,"SsserpentHead":3,"Tough Bandages":5,"Nunchaku":11,"Shuriken":4,"Bottled Lightning":13,"Kunai":13,"StrikeDummy":15,"Ring of the Snake":0,"Runic Pyramid":16},{"Girya":25,"Astrolabe":0,"HoveringKite":50,"PreservedInsect":85,"Juzu Bracelet":93,"Odd Mushroom":35,"War Paint":54,"Ancient Tea Set":54,"SsserpentHead":11,"Tough Bandages":25,"Nunchaku":54,"Shuriken":18,"Bottled Lightning":62,"Kunai":62,"StrikeDummy":72,"Ring of the Snake":0,"Runic Pyramid":81}]},"card_choices":[{"not_picked":["Infinite Blades","Outmaneuver"],"picked":"Blade Dance","floor":1.0},{"not_picked":["Deflect","Acrobatics","Cloak And Dagger"],"picked":"SKIP","floor":2.0},{"not_picked":["Underhanded Strike","Flying Knee"],"picked":"Wraith Form v2","floor":3.0},{"not_picked":["Backflip","Bane","Deflect"],"picked":"SKIP","floor":6.0},{"not_picked":["Dagger Spray","Setup"],"picked":"Slice","floor":8.0},{"not_picked":["Backflip","Acrobatics"],"picked":"Poisoned Stab","floor":11.0},{"not_picked":["Slice","Choke"],"picked":"Deadly Poison","floor":12.0},{"not_picked":["Blade Dance","Backflip"],"picked":"Corpse Explosion","floor":13.0},{"not_picked":["Deadly Poison","Quick Slash"],"picked":"Dagger Throw","floor":14.0},{"not_picked":["Doppelganger","A Thousand Cuts"],"picked":"Unload","floor":16.0},{"not_picked":["Escape Plan","Setup","Finisher"],"picked":"SKIP","floor":18.0},{"not_picked":["Deflect+1","Flying Knee"],"picked":"Cloak And Dagger+1","floor":22.0},{"not_picked":["Dodge and Roll","Flying Knee+1"],"picked":"Acrobatics","floor":23.0},{"not_picked":["Poisoned Stab","Dagger Spray+1"],"picked":"Backflip","floor":29.0},{"not_picked":["Bane+1","Expertise"],"picked":"Footwork","floor":31.0},{"not_picked":["Burst","A Thousand Cuts"],"picked":"Tools of the Trade","floor":33.0},{"not_picked":["Escape Plan","Backstab+1","Deflect"],"picked":"SKIP","floor":35.0},{"not_picked":["Prepared","Finisher"],"picked":"Catalyst","floor":38.0},{"not_picked":["Bane","Dagger Spray+1"],"picked":"Blur","floor":39.0},{"not_picked":["Blade Dance","Dagger Throw"],"picked":"PiercingWail","floor":44.0},{"not_picked":["Crippling Poison","Expertise"],"picked":"Deadly Poison+1","floor":45.0},{"not_picked":["Outmaneuver","Dagger Throw"],"picked":"Deadly Poison+1","floor":47.0},{"not_picked":["All Out Attack","Reflex"],"picked":"Tactician","floor":48.0}],"player_experience":2420445,"relics_obtained":[{"floor":6.0,"key":"Shuriken"},{"floor":8.0,"key":"Tough Bandages"},{"floor":9.0,"key":"Girya"},{"floor":12.0,"key":"Odd Mushroom"},{"floor":23.0,"key":"Bottled Lightning"},{"floor":26.0,"key":"Kunai"},{"floor":31.0,"key":"StrikeDummy"},{"floor":43.0,"key":"Juzu Bracelet"}],"event_choices":[{"damage_healed":0.0,"max_hp_gain":0.0,"max_hp_loss":0.0,"gold_gain":0.0,"event_name":"FaceTrader","player_choice":"Trade","floor":5.0,"gold_loss":0.0,"damage_taken":0.0,"relics_obtained":["SsserpentHead"]},{"damage_healed":0.0,"max_hp_gain":0.0,"max_hp_loss":0.0,"gold_gain":0.0,"event_name":"Mushrooms","player_choice":"Fought Mushrooms","floor":12.0,"gold_loss":0.0,"damage_taken":0.0},{"damage_healed":0.0,"max_hp_gain":0.0,"max_hp_loss":0.0,"gold_gain":0.0,"event_name":"The Mausoleum","player_choice":"Opened","floor":19.0,"gold_loss":0.0,"damage_taken":0.0,"relics_obtained":["Ancient Tea Set"],"cards_obtained":["Writhe"]},{"damage_healed":0.0,"max_hp_gain":0.0,"max_hp_loss":0.0,"gold_gain":0.0,"event_name":"The Library","player_choice":"Read","floor":21.0,"gold_loss":0.0,"damage_taken":0.0,"cards_obtained":["Calculated Gamble"]},{"damage_healed":0.0,"max_hp_gain":0.0,"max_hp_loss":0.0,"gold_gain":0.0,"event_name":"Tomb of Lord Red Mask","player_choice":"Ignored","floor":37.0,"gold_loss":0.0,"damage_taken":0.0}],"is_beta":false,"boss_relics":[{"not_picked":["Snecko Eye","Tiny House"],"picked":"HoveringKite"},{"not_picked":["SlaversCollar","Sozu"],"picked":"Runic Pyramid"}],"items_purged_floors":[20],"is_endless":false,"potions_floor_spawned":[1,6,8,12,13,22,33,38,44,48],"killed_by":"Shield and Spear","ascension_level":20}}