{"host":"adv1uqz3812gqgbw","time":1608678247,"event":{"mods":["BaseMod","Better Note","Better Third Choice","Colored Powertips","Custom Start","Dio Mod","GifTheSpireLib","Hermit","Minty Spire (QoL Compilation)","Robot Space Explorer","StSLib","The Runesmith","Transform Curses","Uncapped"],"gold_per_floor":[399,399,399,399,399,399,399,399,399,399,399,399,399,399,399,399,399,399,399,399,399,399,399,399,399,399,399,399,399,399,399,399,399,399,399,399,399,68,68,68,68,68,68,68,68,68,68,68,68,68],"floor_reached":51,"playtime":4044,"items_purged":[],"score":2499,"play_id":"214361fe-a9e8-414c-8b40-cd3c5bcc168f","local_time":"20201222210407","daily_mods":["Vintage","Time Dilation","Flight","DeadlyEvents","Elite Swarm","Lethality","Midas"],"is_ascension_mode":true,"campfire_choices":[{"data":"1","floor":6,"key":"LIFT"},{"data":"2","floor":7,"key":"LIFT"},{"data":"3","floor":11,"key":"LIFT"},{"floor":15,"key":"DIG"},{"floor":32,"key":"DIG"},{"floor":49,"key":"DIG"}],"circlet_count":29,"master_deck":["Runesmith:Refine+1","Runesmith:Refine+1","Runesmith:Refine+1","dioMod:TheWalk+1","dioMod:TheWalk+1","dioMod:TheWalk+1","Crescendo+1","Consecrate+1","Adrenaline+1","Adrenaline+1","Adrenaline+1","Adrenaline+1","Adrenaline+1","Double Energy+1","Double Energy+1","Double Energy+1","Double Energy+1","Double Energy+1"],"relics":["Runesmith:BrokenRuby","RobotSpaceExplorer:FoglandsKnife","Anchor","Ancient Tea Set","Bottled Lightning","Bottled Flame","hermit:Spyglass","Vajra","Lantern","WristBlade","Strawberry","Strange Spoon","Runesmith:Nanobots","RobotSpaceExplorer:RoboCore","Runic Capacitor","PureWater","SlaversCollar","Paper Frog","Damaru","Cursed Key","Du-Vu Doll","Fusion Hammer","Frozen Eye","FossilizedHelix","Thread and Needle","Old Coin","Pear","Ring of the Snake","Mango","Mercury Hourglass","Meat on the Bone","Nuclear Battery","Cracked Core","Chemical X","Black Star","Blood Vial","Bag of Marbles","Runesmith:AutoHammer","Bag of Preparation","Busted Crown","Brimstone","Blue Candle","Girya","Ginger","Ice Cream","Philosopher\u0027s Stone","Nunchaku","Letter Opener","Lizard Tail","Lee\u0027s Waffle","Shovel","Shuriken","Unceasing Top","TungstenRod","Turnip","Singing Bowl","Ectoplasm","CaptainsWheel","Coffee Dripper","Calipers","Potion Belt","Runic Pyramid","Self Forming Clay","Sundial","Omamori","Oddly Smooth Stone","Runesmith:MiniCore","Centennial Puzzle","hermit:DentedPlate","Question Card","Red Skull","Ornamental Fan","Incense Burner","InkBottle","Eternal Feather","Kunai","Juzu Bracelet","Regal Pillow","RobotSpaceExplorer:Reprocessor","RobotSpaceExplorer:SearchSpecs","Runic Dome","Sozu","PreservedInsect","Pen Nib","Runesmith:Locket","HoveringKite","dioMod:VampireBlood","Medical Kit","Mark of Pain","Magic Flower","MawBank","MealTicket","Toxic Egg 2","Frozen Egg 2","HandDrill","Molten Egg 2","Gremlin Horn","Sling","StoneCalendar","Darkstone Periapt","Happy Flower","Toy Ornithopter","CeramicFish","HornCleat","Akabeko","Bird Faced Urn","The Courier","Torii","Matryoshka","Bronze Scales","Pantograph","Dream Catcher","White Beast Statue","Orichalcum","Runesmith:EmergencyProvisions","Mummified Hand","Smiling Mask","StrikeDummy","Boot","Prayer Wheel","Circlet","Art of War","War Paint","Tiny Chest"],"acts_visited":["Exordium","TheCity","TheBeyond"],"potions_floor_usage":[],"damage_taken":[{"damage":0,"enemies":"Jaw Worm","floor":1,"turns":1},{"damage":0,"enemies":"Cultist","floor":2,"turns":1},{"damage":0,"enemies":"2 Louse","floor":3,"turns":1},{"damage":0,"enemies":"2 Fungi Beasts","floor":5,"turns":1},{"damage":0,"enemies":"3 Sentries","floor":8,"turns":1},{"damage":0,"enemies":"Gremlin Nob","floor":10,"turns":1},{"damage":0,"enemies":"3 Sentries","floor":12,"turns":1},{"damage":0,"enemies":"Blue Slaver","floor":13,"turns":1},{"damage":0,"enemies":"Gremlin Nob","floor":14,"turns":1},{"damage":0,"enemies":"Slime Boss","floor":16,"turns":1},{"damage":0,"enemies":"2 Thieves","floor":18,"turns":1},{"damage":0,"enemies":"Spheric Guardian","floor":19,"turns":1},{"damage":0,"enemies":"Centurion and Healer","floor":20,"turns":1},{"damage":0,"enemies":"Snecko","floor":21,"turns":1},{"damage":0,"enemies":"Cultist and Chosen","floor":22,"turns":1},{"damage":0,"enemies":"Slavers","floor":23,"turns":1},{"damage":0,"enemies":"Gremlin Leader","floor":24,"turns":1},{"damage":0,"enemies":"Slavers","floor":25,"turns":1},{"damage":0,"enemies":"Shelled Parasite and Fungi","floor":27,"turns":1},{"damage":0,"enemies":"Book of Stabbing","floor":28,"turns":1},{"damage":0,"enemies":"Slavers","floor":29,"turns":1},{"damage":0,"enemies":"Gremlin Leader","floor":30,"turns":1},{"damage":0,"enemies":"Book of Stabbing","floor":31,"turns":1},{"damage":0,"enemies":"Champ","floor":33,"turns":1},{"damage":0,"enemies":"3 Shapes","floor":35,"turns":1},{"damage":0,"enemies":"Orb Walker","floor":37,"turns":1},{"damage":0,"enemies":"4 Shapes","floor":39,"turns":1},{"damage":0,"enemies":"Nemesis","floor":40,"turns":1},{"damage":0,"enemies":"Reptomancer","floor":41,"turns":1},{"damage":0,"enemies":"Giant Head","floor":42,"turns":1},{"damage":0,"enemies":"Nemesis","floor":44,"turns":1},{"damage":0,"enemies":"Reptomancer","floor":46,"turns":1},{"damage":0,"enemies":"3 Darklings","floor":47,"turns":1},{"damage":0,"enemies":"Nemesis","floor":48,"turns":1},{"damage":0,"enemies":"Jotaro","floor":50,"turns":1}],"seed_played":"7624387248236378834","potions_obtained":[],"is_trial":true,"path_per_floor":["M","M","M","$","M","R","R","E","T","E","R","E","M","E","R","B",null,"M","M","M","M","M","E","E","E","T","M","E","E","E","E","R","B",null,"M","?","M","$","M","E","E","E","T","E","T","E","M","E","R","B",null],"character_chosen":"RUNESMITH_CLASS","items_purchased":["Circlet"],"campfire_rested":0,"item_purchase_floors":[38],"current_hp_per_floor":[140,140,140,140,140,140,140,142,142,144,144,146,146,148,148,150,150,150,150,150,150,150,152,154,156,156,156,158,160,162,164,164,166,166,166,166,166,166,166,168,170,172,172,174,174,176,176,178,178,178],"gold":68,"neow_bonus":"","is_daily":false,"chose_seed":false,"campfire_upgraded":0,"win_rate":0.0,"timestamp":1608678247,"path_taken":["M","M","M","$","M","R","R","E","T","E","R","E","M","E","R","BOSS","M","M","M","M","M","E","E","E","T","M","E","E","E","E","R","BOSS","M","?","M","$","M","E","?","E","T","E","?","E","M","E","R","BOSS"],"items_purchased_type":["Undefined"],"build_version":"2020-12-13","purchased_purges":0,"victory":true,"max_hp_per_floor":[140,140,140,140,140,140,140,142,142,144,144,146,146,148,148,150,150,150,150,150,150,150,152,154,156,156,156,158,160,162,164,164,166,166,166,166,166,166,166,168,170,172,172,174,174,176,176,178,178,178],"card_choices":[{"not_picked":["Runesmith:ReplicatingBarrier+1","Runesmith:LastStand+1"],"picked":"Singing Bowl","floor":8},{"not_picked":["Runesmith:Supernova+1","Runesmith:FissionHammer+1"],"picked":"Singing Bowl","floor":10},{"not_picked":["Runesmith:Supernova+1","Runesmith:LightningRod+1"],"picked":"Singing Bowl","floor":12},{"not_picked":["Runesmith:CraftPrismatica+1","Runesmith:CraftMedicinae+1"],"picked":"Singing Bowl","floor":14},{"not_picked":["Runesmith:FissionHammer+1","Runesmith:ArcReactor+1"],"picked":"Singing Bowl","floor":16},{"not_picked":["Runesmith:GrandSlam+1","Runesmith:UnlimitedPower+1"],"picked":"Singing Bowl","floor":23},{"not_picked":["Runesmith:LightningRod+1","Runesmith:Duplicate+1"],"picked":"Singing Bowl","floor":24},{"not_picked":["Runesmith:GenerateForcefield+1","Runesmith:GrandSlam+1"],"picked":"Singing Bowl","floor":25},{"not_picked":["Runesmith:GenerateForcefield+1","Runesmith:CraftIndustria+1"],"picked":"Singing Bowl","floor":28},{"not_picked":["Runesmith:CraftPrismatica+1","Runesmith:CraftMedicinae+1"],"picked":"Singing Bowl","floor":29},{"not_picked":["Runesmith:FissionHammer+1","Runesmith:ArcReactor+1"],"picked":"Singing Bowl","floor":30},{"not_picked":["Runesmith:Duplicate+1","Runesmith:CraftIndustria+1"],"picked":"Singing Bowl","floor":31},{"not_picked":["Runesmith:ReplicatingBarrier+1","Runesmith:CraftMedicinae+1"],"picked":"Singing Bowl","floor":33},{"not_picked":["Runesmith:GrandSlam+1","Runesmith:CraftPrismatica+1"],"picked":"Singing Bowl","floor":40},{"not_picked":["Runesmith:GenerateForcefield+1","Runesmith:CraftIndustria+1"],"picked":"Singing Bowl","floor":41},{"not_picked":["Runesmith:CraftIndustria+1","Runesmith:CraftPrismatica+1"],"picked":"Singing Bowl","floor":42},{"not_picked":["Runesmith:LightningRod+1","Runesmith:LastStand+1"],"picked":"Singing Bowl","floor":44},{"not_picked":["Runesmith:GenerateForcefield+1","Runesmith:GrandSlam+1"],"picked":"Singing Bowl","floor":46},{"not_picked":["Runesmith:GenerateForcefield+1","Runesmith:CraftIndustria+1"],"picked":"Singing Bowl","floor":48}],"player_experience":302580,"relics_obtained":[{"floor":1,"key":"Toy Ornithopter"},{"floor":2,"key":"CeramicFish"},{"floor":3,"key":"HornCleat"},{"floor":5,"key":"Akabeko"},{"floor":8,"key":"Bird Faced Urn"},{"floor":10,"key":"The Courier"},{"floor":10,"key":"Torii"},{"floor":12,"key":"Matryoshka"},{"floor":13,"key":"Bronze Scales"},{"floor":14,"key":"Pantograph"},{"floor":14,"key":"Dream Catcher"},{"floor":15,"key":"White Beast Statue"},{"floor":18,"key":"Orichalcum"},{"floor":19,"key":"Runesmith:EmergencyProvisions"},{"floor":20,"key":"Mummified Hand"},{"floor":21,"key":"Smiling Mask"},{"floor":22,"key":"StrikeDummy"},{"floor":23,"key":"Boot"},{"floor":23,"key":"Prayer Wheel"},{"floor":24,"key":"Circlet"},{"floor":24,"key":"Art of War"},{"floor":25,"key":"Circlet"},{"floor":25,"key":"War Paint"},{"floor":27,"key":"Circlet"},{"floor":28,"key":"Circlet"},{"floor":28,"key":"Tiny Chest"},{"floor":29,"key":"Circlet"},{"floor":29,"key":"Circlet"},{"floor":30,"key":"Circlet"},{"floor":30,"key":"Circlet"},{"floor":31,"key":"Circlet"},{"floor":31,"key":"Circlet"},{"floor":32,"key":"Circlet"},{"floor":35,"key":"Circlet"},{"floor":37,"key":"Circlet"},{"floor":39,"key":"Circlet"},{"floor":40,"key":"Circlet"},{"floor":40,"key":"Circlet"},{"floor":41,"key":"Circlet"},{"floor":41,"key":"Circlet"},{"floor":42,"key":"Circlet"},{"floor":42,"key":"Circlet"},{"floor":44,"key":"Circlet"},{"floor":44,"key":"Circlet"},{"floor":46,"key":"Circlet"},{"floor":46,"key":"Circlet"},{"floor":47,"key":"Circlet"},{"floor":48,"key":"Circlet"},{"floor":48,"key":"Circlet"},{"floor":49,"key":"Circlet"}],"event_choices":[{"damage_healed":0,"gold_gain":0,"player_choice":"Got Potions","damage_taken":0,"max_hp_gain":0,"max_hp_loss":0,"event_name":"Lab","floor":36,"gold_loss":0}],"is_beta":false,"boss_relics":[{"not_picked":["Astrolabe","Runic Pyramid","Runesmith:PocketReactor"]},{"not_picked":["SlaversCollar","Fusion Hammer","SacredBark"]}],"items_purged_floors":[],"is_endless":false,"potions_floor_spawned":[2,5,8,13,14,16,18,19,20,21,22,23,24,25,27,28,29,30,31,33,35,37,39,40,41,42,44,46,47,48],"ascension_level":9}}