{"host":"084p4jjw1dsfu79x","time":1608611613,"event":{"mods":["BaseMod","Better Third Choice","Colored Map","Downfall","GifTheSpireLib","Hermit","Hubris","Infinite Spire","Jorbs\u0027s Wanderer Trilogy","Marisa????????","Minty Spire (QoL Compilation)","Potionbrewer","Rare Cards Sparkle","Replay The Spire","Robot Space Explorer","Shade Mod","StSLib","The Alterego","The Blue Laboratory","The Construct","The Cursed","The Death Knight","The Poker Player","TheFirefly"],"gold_per_floor":[111,122,122,139,13,13,30,58,83,83,95,107,127,54,54,150,150,150],"floor_reached":17,"playtime":1151,"items_purged":["alterego_mod:Strike"],"score":159,"play_id":"fd10336b-53ce-4c1e-a13b-7811b3a89d28","local_time":"20201221203333","is_ascension_mode":false,"campfire_choices":[{"data":"alterego_mod:Cushion","floor":6,"key":"SMITH"},{"floor":10,"key":"REST"},{"floor":15,"key":"REST"}],"circlet_count":0,"master_deck":["alterego_mod:Strike","alterego_mod:Strike","alterego_mod:Strike","alterego_mod:Defend","alterego_mod:Defend","alterego_mod:Defend","alterego_mod:Impale","alterego_mod:BigMeatyClaws","alterego_mod:BrynhildrsRune","alterego_mod:Birthday","alterego_mod:Pet","alterego_mod:Cushion+1","alterego_mod:Birthday","alterego_mod:TrashNCrash","alterego_mod:SakuraFive","alterego_mod:Exercise","alterego_mod:BiFurious","alterego_mod:Nekomimi","alterego_mod:PainIsPleasure"],"relics":["alterego_mod:MasochisticConstitution","NeowsBlessing","infinitespire:Golems Mask","Nunchaku","Ring of Chaos"],"acts_visited":["Exordium","TheCity"],"potions_floor_usage":[8,11],"damage_taken":[{"damage":0,"enemies":"2 Louse","floor":1,"turns":1},{"damage":0,"enemies":"Cultist","floor":2,"turns":1},{"damage":0,"enemies":"Small Slimes","floor":4,"turns":1},{"damage":16,"enemies":"2 Fungi Beasts","floor":7,"turns":9},{"damage":31,"enemies":"3 Sentries","floor":8,"turns":14},{"damage":18,"enemies":"Large Slime","floor":11,"turns":4},{"damage":22,"enemies":"3 Louse","floor":12,"turns":5},{"damage":1,"enemies":"Blue Slaver","floor":13,"turns":4},{"damage":1,"enemies":"Slime Boss","floor":16,"turns":8}],"seed_played":"-8836763267921344681","potions_obtained":[{"floor":4,"key":"DuplicationPotion"},{"floor":8,"key":"blueLaboratory:TrueEctoplasm"},{"floor":12,"key":"potionbrewer:EndurancePotion"},{"floor":13,"key":"blueLaboratory:PhilterOfMotion"},{"floor":16,"key":"potionbrewer:CleansingPotion"}],"is_trial":false,"path_per_floor":["M","M","?","M","$","R","M","E","T","R","M","M","M","$","R","B",null],"character_chosen":"The_Alterego","items_purchased":["alterego_mod:Birthday","alterego_mod:Nekomimi"],"campfire_rested":2,"item_purchase_floors":[5,14],"current_hp_per_floor":[70,70,70,70,70,70,59,33,33,54,41,31,35,35,57,59,76,76],"gold":150,"neow_bonus":"THREE_ENEMY_KILL","is_daily":false,"chose_seed":false,"campfire_upgraded":1,"win_rate":0.0,"timestamp":1608611613,"path_taken":["M","M","?","M","$","R","M","E","T","R","?","M","M","$","R","BOSS"],"items_purchased_type":["Card","Card"],"build_version":"2020-12-13","purchased_purges":1,"victory":false,"max_hp_per_floor":[70,70,70,70,70,70,71,72,72,72,73,74,75,75,75,76,76,76],"card_choices":[{"not_picked":["alterego_mod:Stockings","alterego_mod:Valentines"],"picked":"alterego_mod:Birthday","floor":1},{"not_picked":["alterego_mod:1TonWallop","alterego_mod:Maid"],"picked":"alterego_mod:Pet","floor":2},{"not_picked":["alterego_mod:InsideBaseball","alterego_mod:DeftHands"],"picked":"alterego_mod:Cushion","floor":4},{"not_picked":["alterego_mod:Skirt","alterego_mod:Crossover"],"picked":"alterego_mod:TrashNCrash","floor":7},{"not_picked":["alterego_mod:Rip","alterego_mod:Cooking"],"picked":"alterego_mod:SakuraFive","floor":8},{"not_picked":["alterego_mod:Table","alterego_mod:TrashNCrash"],"picked":"alterego_mod:Exercise","floor":11},{"not_picked":["alterego_mod:SakuraLabyrinth","alterego_mod:DeftHands","alterego_mod:Schoolgirl"],"picked":"SKIP","floor":12},{"not_picked":["alterego_mod:SakuraPetals","alterego_mod:Rip"],"picked":"alterego_mod:BiFurious","floor":13},{"not_picked":["alterego_mod:TrickOrTreatment","alterego_mod:Valkyrie"],"picked":"alterego_mod:PainIsPleasure","floor":16}],"player_experience":488211,"relics_obtained":[{"floor":8,"key":"infinitespire:Golems Mask"},{"floor":9,"key":"Nunchaku"}],"event_choices":[{"cards_removed":["alterego_mod:Defend"],"damage_healed":0,"gold_gain":0,"player_choice":"Purged","damage_taken":0,"max_hp_gain":0,"max_hp_loss":0,"event_name":"Purifier","floor":3,"gold_loss":0}],"is_beta":false,"boss_relics":[{"not_picked":["Black Star","hubris:GrandSneckoEye"],"picked":"Ring of Chaos"}],"items_purged_floors":[5],"is_endless":false,"potions_floor_spawned":[4,8,12,13,16],"ascension_level":0}}