{"host":"su949gb0hk2agi5m","time":1608613698,"event":{"mods":["Act Like it!","BaseMod","Chen","Gensokyo","Koishi","KomeijiMod","Lobotomy","Minty Spire (QoL Compilation)","Replay The Spire","RumiaBox-露米娅的神秘盒子","StSLib","【功能Mod】混沌之环修复补丁"],"gold_per_floor":[99,24,24,24,24,24,24],"floor_reached":6,"playtime":440,"items_purged":["ReplayTheSpireMod:Trickstab"],"score":105,"play_id":"8300d31c-5c53-427b-8c83-3bb46114a08c","local_time":"20201222130818","daily_mods":["Draft","Vintage","Allstar","Colorless Cards","Heirloom","Time Dilation","Flight","DeadlyEvents","Elite Swarm"],"is_ascension_mode":false,"campfire_choices":[],"circlet_count":0,"master_deck":["Koishi:SubconsciousSweep","Koishi:Prune","Koishi:Prune","Koishi:ReflexRadar","Koishi:HeartAttack","Koishi:ReflexRadar","Koishi:Bloodlust","Koishi:JumpScare","Koishi:SubconsciousSweep","Koishi:Untouchable","Specialist","Koishi:ReflexRadar","Deep Breath","Koishi:UnconsciousUprising","Koishi:ReflexRadar","Koishi:ReflexRadar","Koishi:SubconsciousSweep","Blind","Koishi:UnconsciousUprising","Koishi:Prune","Koishi:UnconsciousUprising","Koishi:GhostParty","Koishi:SubterraneanRose","Koishi:GhostParty","Koishi:Jaunt","Koishi:Whimsy","Koishi:HeartfeltFancy","Koishi:SubterraneanRose","Mayhem+1"],"relics":["Unceasing Top","replay:Trail_Library","Thread and Needle","Du-Vu Doll"],"acts_visited":["Exordium"],"potions_floor_usage":[],"damage_taken":[{"damage":75,"enemies":"Gremlin Nob","floor":6,"turns":5}],"seed_played":"-4352527471026201708","potions_obtained":[],"is_trial":true,"path_per_floor":["WH","$","?","WH","WH","E"],"character_chosen":"KOISHI","items_purchased":[],"campfire_rested":0,"item_purchase_floors":[],"current_hp_per_floor":[60,60,60,60,60,0,0],"gold":24,"neow_bonus":"","is_daily":false,"chose_seed":false,"campfire_upgraded":0,"win_rate":0.0,"timestamp":1608613698,"path_taken":["WH","$","?","WH","WH","E"],"items_purchased_type":[],"build_version":"2020-12-13","purchased_purges":1,"victory":false,"max_hp_per_floor":[60,60,60,60,60,60,60],"card_choices":[{"not_picked":["Koishi:BloodcurdlingScream","Koishi:StingingMind"],"picked":"ReplayTheSpireMod:Trickstab","floor":0},{"not_picked":["Koishi:BloodcurdlingScream","Koishi:HeartfeltFancy"],"picked":"Koishi:SubconsciousSweep","floor":0},{"not_picked":["Koishi:StingingMind","Koishi:BloodcurdlingScream"],"picked":"Koishi:Prune","floor":0},{"not_picked":["Koishi:Jaunt","Koishi:FleetingPhantom"],"picked":"Koishi:Prune","floor":0},{"not_picked":["Koishi:YoukaiPolygraph","Koishi:FleetingPhantom"],"picked":"Koishi:ReflexRadar","floor":0},{"not_picked":["Koishi:BloodcurdlingScream","Koishi:JumpScare"],"picked":"Koishi:HeartAttack","floor":0},{"not_picked":["Koishi:UnseenTerror","Koishi:GeneticsOfTheUnconscious"],"picked":"Koishi:ReflexRadar","floor":0},{"not_picked":["Madness","Koishi:SpiritedAway"],"picked":"Koishi:Bloodlust","floor":0},{"not_picked":["Koishi:CatchAndRose","Koishi:HeartfeltFancy"],"picked":"Koishi:JumpScare","floor":0},{"not_picked":["Koishi:SpiritedAway","Koishi:PhantomStrike"],"picked":"Koishi:SubconsciousSweep","floor":0},{"not_picked":["Koishi:MindNumbingTerror","Koishi:StingingMind"],"picked":"Koishi:Untouchable","floor":0},{"not_picked":["Koishi:FleetingPhantom","Koishi:TremblingHands"],"picked":"Specialist","floor":0},{"not_picked":["Koishi:Prune","Koishi:CatchAndRose"],"picked":"Koishi:ReflexRadar","floor":0},{"not_picked":["Koishi:PhantomStrike","Koishi:ParalyzingFear"],"picked":"Deep Breath","floor":0},{"not_picked":["Koishi:TraumaticStroke","Koishi:JumpScare"],"picked":"Koishi:UnconsciousUprising","floor":0},{"not_picked":["Koishi:Prune","Koishi:HeartfeltFancy"],"picked":"Koishi:ReflexRadar","floor":1},{"not_picked":["Koishi:ParalyzingFear","Koishi:Jaunt"],"picked":"Koishi:ReflexRadar","floor":1},{"not_picked":["Koishi:FleetingPhantom","Replay:Sssssssssshield"],"picked":"Koishi:SubconsciousSweep","floor":1},{"not_picked":["Purity","Koishi:SubterraneanRose"],"picked":"Blind","floor":1},{"not_picked":["Forethought","Koishi:Catatonia"],"picked":"Koishi:UnconsciousUprising","floor":1},{"not_picked":["Koishi:SpiritedAway","Koishi:Jaunt"],"picked":"Koishi:Prune","floor":1},{"not_picked":["Jack Of All Trades","Koishi:BloodcurdlingScream"],"picked":"Koishi:UnconsciousUprising","floor":1},{"not_picked":["Good Instincts","Koishi:SubconsciousSweep"],"picked":"Koishi:GhostParty","floor":1},{"not_picked":["Good Instincts","Koishi:StingingMind"],"picked":"Koishi:SubterraneanRose","floor":1},{"not_picked":["Koishi:EmbryosDream","Koishi:DNAsFlaw"],"picked":"Koishi:GhostParty","floor":1},{"not_picked":["Koishi:HeartfeltFancy","Koishi:ApparitionsStalkTheNight"],"picked":"Blind","floor":1},{"not_picked":["Replay:Sssssssssshield","Koishi:RacingHeart"],"picked":"Koishi:Jaunt","floor":1},{"not_picked":["Koishi:DreadfulBlow","Koishi:HeartfeltFancy"],"picked":"Koishi:Whimsy","floor":1},{"not_picked":["Koishi:UnansweredLove","Koishi:CatchAndRose"],"picked":"Koishi:HeartfeltFancy","floor":1},{"not_picked":["Koishi:DanmakuParanoia","Koishi:VengefulSpirit"],"picked":"Koishi:SubterraneanRose","floor":1}],"player_experience":69740,"relics_obtained":[],"event_choices":[],"is_beta":false,"boss_relics":[],"items_purged_floors":[2],"is_endless":true,"potions_floor_spawned":[],"killed_by":"Gremlin Nob","ascension_level":0}}