{"host":"8a3g9edf69u3epoz","time":1608628600,"event":{"mods":["BaseMod","Minty Spire (QoL Compilation)","MostiFishMod","Relic Stats","Remilia（蕾米莉亚）","StSLib","TestMod","UnlockEverythingMod","WarShipGirlsR/战舰少女R mod"],"gold_per_floor":[113,127,50,50,40,72,72,107,107,126,157,172,219,257,257,353,353,363,363,363,363,383,415,432,463,463,489,489,499,499,499,499,599,599,610,328,340,350,350,375,425,480,480,509,509,519,519,519,519,519,519,519,184,217,217],"floor_reached":56,"playtime":7661,"items_purged":["Gluttony_TH","Defend_RM"],"score":2528,"play_id":"f006c6d6-ed79-4e82-95ff-87df44df3c85","local_time":"20201222171640","is_ascension_mode":true,"campfire_choices":[{"data":"BloodyCatastrophe","floor":7.0,"key":"SMITH"},{"data":"DemonKingCradle","floor":15.0,"key":"SMITH"},{"data":"NightLord","floor":30.0,"key":"SMITH"},{"data":"CurseOfVladTepes","floor":32.0,"key":"SMITH"},{"data":"QueenOfMidnight","floor":45,"key":"SMITH"},{"floor":47,"key":"RECALL"},{"data":"ForecastOfChange","floor":49,"key":"SMITH"},{"data":"CeilingFear","floor":52,"key":"SMITH"}],"circlet_count":0,"master_deck":["AscendersBane","Strike_RM","Strike_RM","Strike_RM","Defend_RM+1","Defend_RM+1","Defend_RM+1","RedMoon","ScarletShoot","MastersStateliness","NightDance","BloodyCatastrophe+1","CurseOfVladTepes+1","FavorOfDestiny","DemonKingCradle+1","CeilingFear+1","MillenniumVampire","ScarletCoffin+1","Shame","DiffusionOfMisfortune+1","Wrath_TH","EndlessPower","ScarletCoffin","NightLord+1","Necronomicurse","TransientEternity","QueenOfMidnight+1","DiffusionOfMisfortune+1","BlasphemousPunishment","Madness+1","Madness+1","FitfulNightmare+1","VampirishNight+1","ForecastOfChange+1","testmod-PowerStrike+1"],"relics":["ScarletHat","DaveBox","testmod-TestBox","Membership Card","testmod-ArcanaOfDestiny","NeowsBlessing","Question Card","Nunchaku","Question Card","testmod-IndustrialRevolution","MealTicket","Orichalcum","testmod-LifeArmor","ImportantClient","PatriotShield","testmod-Laevatain","Blue Candle","Bottled Flame","Prayer Wheel","SynthV:C4","Ancient Tea Set","Necronomicon","GreenFoldingFan","FossilizedHelix","Toxic Egg 2","Anchor","testmod-EqualTreatment","Pantograph","Eternal Feather","testmod-Muramasa","ChiLing","Chi","Ling","RedBat"],"acts_visited":["Exordium","TheCity","TheBeyond","TheEnding"],"potions_floor_usage":[42,55],"damage_taken":[{"damage":0.0,"enemies":"2 Louse","floor":1.0,"turns":1.0},{"damage":0.0,"enemies":"Small Slimes","floor":2.0,"turns":1.0},{"damage":0.0,"enemies":"Lagavulin","floor":6.0,"turns":1.0},{"damage":13.0,"enemies":"3 Sentries","floor":8.0,"turns":8.0},{"damage":0.0,"enemies":"Jaw Worm","floor":10.0,"turns":4.0},{"damage":25.0,"enemies":"Gremlin Nob","floor":11.0,"turns":7.0},{"damage":9.0,"enemies":"Exordium Thugs","floor":12.0,"turns":7.0},{"damage":2.0,"enemies":"Lagavulin","floor":13.0,"turns":8.0},{"damage":0.0,"enemies":"Large Slime","floor":14.0,"turns":4.0},{"damage":5.0,"enemies":"Slime Boss","floor":16.0,"turns":8.0},{"damage":0.0,"enemies":"3 Byrds","floor":18.0,"turns":4.0},{"damage":0.0,"enemies":"Chosen","floor":22.0,"turns":1.0},{"damage":7.0,"enemies":"Gremlin Leader","floor":23.0,"turns":12.0},{"damage":3.0,"enemies":"Sentry and Sphere","floor":24.0,"turns":6.0},{"damage":2.0,"enemies":"Book of Stabbing","floor":25.0,"turns":3.0},{"damage":4.0,"enemies":"Gremlin Leader","floor":27.0,"turns":5.0},{"damage":0.0,"enemies":"Snake Plant","floor":29.0,"turns":1.0},{"damage":0.0,"enemies":"Automaton","floor":33.0,"turns":9.0},{"damage":8,"enemies":"3 Darklings","floor":35,"turns":2},{"damage":4,"enemies":"3 Shapes","floor":37,"turns":1},{"damage":12,"enemies":"Writhing Mass","floor":38,"turns":2},{"damage":8,"enemies":"Giant Head","floor":40,"turns":4},{"damage":10,"enemies":"Mind Bloom Boss Battle","floor":41,"turns":5},{"damage":22,"enemies":"Nemesis","floor":42,"turns":5},{"damage":9,"enemies":"Giant Head","floor":44,"turns":3},{"damage":0,"enemies":"Sphere and 2 Shapes","floor":46,"turns":1},{"damage":22,"enemies":"Awakened One","floor":50,"turns":7},{"damage":5,"enemies":"Shield and Spear","floor":54,"turns":1},{"damage":29,"enemies":"The Heart","floor":55,"turns":5}],"seed_played":"2995436761858520087","potions_obtained":[{"floor":2.0,"key":"Swift Potion"},{"floor":10.0,"key":"Fire Potion"},{"floor":13.0,"key":"LiquidMemories"},{"floor":23.0,"key":"testmod-TestPotion"},{"floor":33.0,"key":"testmod-SpacePotion"},{"floor":38,"key":"Regen Potion"},{"floor":40,"key":"Block Potion"},{"floor":42,"key":"LiquidBronze"}],"is_trial":false,"path_per_floor":["M","M","$","?","?","E","R","E","T","M","E","M","E","M","R","B",null,"M","?","?","?","M","E","M","E","T","E","?","M","R","?","R","B",null,"M","$","M","M","?","E","?","E","T","E","R","M","R","?","R","B",null,"R","$","E","B",null],"character_chosen":"REMILIA","items_purchased":["Nunchaku","FossilizedHelix","Toxic Egg 2","testmod-Muramasa","ChiLing","testmod-PowerStrike+1"],"campfire_rested":0,"item_purchase_floors":[3,36,36,53,53,53],"current_hp_per_floor":[68,68,68,53,53,53,53,42,42,42,22,14,17,19,19,23,62,63,63,49,49,49,42,39,43,43,41,25,25,25,25,25,25,66,76,80,80,80,70,80,80,80,80,80,80,80,80,80,80,80,80,80,80,80,80],"gold":217,"neow_bonus":"THREE_ENEMY_KILL","is_daily":false,"chose_seed":false,"campfire_upgraded":7,"win_rate":0.0,"timestamp":1608628600,"path_taken":["M","M","$","?","?","E","R","E","T","M","E","?","E","M","R","BOSS","M","?","?","?","M","E","M","E","T","E","?","M","R","?","R","BOSS","M","$","M","?","?","E","?","E","T","E","R","M","R","?","R","BOSS","R","$","E","BOSS"],"items_purchased_type":["Relic","Relic","Relic","Relic","Relic","Card"],"build_version":"2020-12-13","purchased_purges":2,"victory":true,"max_hp_per_floor":[75,75,75,75,75,75,75,75,75,75,75,75,75,75,75,75,75,75,75,80,80,80,80,80,80,80,80,80,80,80,80,80,80,80,80,80,80,80,80,80,80,80,80,80,80,80,80,80,80,80,80,80,80,80,80],"relic_stats":{"Nunchaku":[21],"counters":[29,126],"Blue Candle":[0],"Pantograph":0,"MealTicket":4,"Prayer Wheel":5,"Eternal Feather":0,"Necronomicon":[15],"Orichalcum":[114],"Question Card":60,"obtain_stats":[{"PatriotShield":17,"DaveBox":0,"Chi":53,"testmod-EqualTreatment":41,"testmod-LifeArmor":13,"Ancient Tea Set":27,"ScarletHat":0,"SynthV:C4":27,"RedBat":54,"GreenFoldingFan":34,"Nunchaku":3,"testmod-Laevatain":18,"Pantograph":42,"MealTicket":9,"Prayer Wheel":25,"Necronomicon":28,"Toxic Egg 2":36,"testmod-ArcanaOfDestiny":0,"ImportantClient":16,"testmod-Muramasa":53,"testmod-TestBox":0,"NeowsBlessing":0,"Blue Candle":21,"Eternal Feather":43,"Orichalcum":11,"Question Card":1,"testmod-IndustrialRevolution":8,"Bottled Flame":23,"Anchor":40,"Ling":53,"Membership Card":0,"FossilizedHelix":36,"ChiLing":53},{"PatriotShield":10,"DaveBox":0,"Chi":27,"testmod-EqualTreatment":23,"testmod-LifeArmor":8,"Ancient Tea Set":16,"ScarletHat":0,"SynthV:C4":16,"RedBat":28,"GreenFoldingFan":18,"Nunchaku":2,"testmod-Laevatain":11,"Pantograph":24,"MealTicket":4,"Prayer Wheel":15,"Necronomicon":16,"Toxic Egg 2":19,"testmod-ArcanaOfDestiny":0,"ImportantClient":10,"testmod-Muramasa":27,"testmod-TestBox":0,"NeowsBlessing":0,"Blue Candle":11,"Eternal Feather":24,"Orichalcum":6,"Question Card":1,"testmod-IndustrialRevolution":4,"Bottled Flame":13,"Anchor":22,"Ling":27,"Membership Card":0,"FossilizedHelix":19,"ChiLing":27},{"PatriotShield":49,"DaveBox":0,"Chi":120,"testmod-EqualTreatment":104,"testmod-LifeArmor":37,"Ancient Tea Set":80,"ScarletHat":0,"SynthV:C4":80,"RedBat":121,"GreenFoldingFan":90,"Nunchaku":2,"testmod-Laevatain":53,"Pantograph":109,"MealTicket":11,"Prayer Wheel":75,"Necronomicon":80,"Toxic Egg 2":92,"testmod-ArcanaOfDestiny":0,"ImportantClient":49,"testmod-Muramasa":120,"testmod-TestBox":0,"NeowsBlessing":0,"Blue Candle":53,"Eternal Feather":109,"Orichalcum":22,"Question Card":1,"testmod-IndustrialRevolution":11,"Bottled Flame":66,"Anchor":99,"Ling":120,"Membership Card":0,"FossilizedHelix":92,"ChiLing":120}]},"card_choices":[{"not_picked":["Stigmanizer","ScarletDevilSign"],"picked":"MastersStateliness","floor":1.0},{"not_picked":["CharismaGuard","BombardNight","ReincarnationDial"],"picked":"NightDance","floor":2.0},{"not_picked":[],"picked":"BloodyCatastrophe","floor":5.0},{"not_picked":["BloodyMagicSquare","UnderTheZenith","Septette","StarOfDavid"],"picked":"SKIP","floor":6.0},{"not_picked":["RedRainbow","ScarletDevil","EndlessAdversity","CharismaGuard"],"picked":"CurseOfVladTepes","floor":8.0},{"not_picked":["VampireKiss","EndlessAdversity","ScarletGensokyo","VampireSweep","BloodyMagicSquare"],"picked":"SKIP","floor":10.0},{"not_picked":["RedRainbow","BloodHunter","BlasphemousPunishment","EndlessAdversity"],"picked":"FavorOfDestiny","floor":11.0},{"not_picked":["EternalNight","VampireSweep","RedRainbow","CharismaGuard"],"picked":"DemonKingCradle","floor":12.0},{"not_picked":["Stigmanizer","ScarletImprint","FitfulNightmare","FavorOfDestiny"],"picked":"CeilingFear","floor":13.0},{"not_picked":["RedRainbow","BombardNight","BlasphemousPunishment","VampireFantasy"],"picked":"MillenniumVampire","floor":14.0},{"not_picked":["HeartBreak","CurseOfVladTepes","BloodRain","HellCatastrophe"],"picked":"ScarletCoffin","floor":16.0},{"not_picked":["TwelveNightmare","EndlessAdversity","BlasphemousPunishment","ScarletDevil"],"picked":"DiffusionOfMisfortune+1","floor":18.0},{"not_picked":["ScarletDream","RedRainbow","BloodyMagicSquare","UnderTheZenith","StarOfDavid"],"picked":"SKIP","floor":22.0},{"not_picked":["RedRainbow","Stigmanizer+1","AfternoonTea","DevilSight","Ultimatum"],"picked":"SKIP","floor":23.0},{"not_picked":["BadLadyScramble","UnstableMagic+1","StarOfDavid","RedRainbow"],"picked":"ScarletCoffin","floor":24.0},{"not_picked":["ScarletImprint","FavorOfDestiny+1","ScarletGensokyo","BlasphemousPunishment","LeisurelyOfLord"],"picked":"SKIP","floor":25.0},{"not_picked":["ChainGang+1","BloodyTrap+1","UnstableMagic+1","ScarletImprint"],"picked":"NightLord","floor":27.0},{"not_picked":["RedRainbow","FavorOfDestiny","BloodHunter","UnstableMagic+1"],"picked":"TransientEternity","floor":29.0},{"not_picked":["BloodHunter","LeisurelyOfLord","ScarletNetherworld","ScarletDevil","RedRainbow"],"picked":"SKIP","floor":29.0},{"not_picked":["ForecastOfChange","BloodyCatastrophe","DemonKingCradle","BloodRain"],"picked":"QueenOfMidnight","floor":33.0},{"not_picked":["VampireSweep+1","EmergencyRegeneration+1","Maim","MillenniumVampire"],"picked":"DiffusionOfMisfortune+1","floor":35},{"not_picked":["StarOfDavid","ScarletDevil","BadLadyScramble","RedRainbow+1"],"picked":"BlasphemousPunishment","floor":35},{"not_picked":["ReincarnationDial+1","EndlessAdversity+1","VampireKiss+1","ScarletDevil+1","ScarletImprint"],"picked":"SKIP","floor":37},{"not_picked":["HunterOfTheNight","NightLord+1","ScarletDream+1","BombardNight+1","TwelveNightmare"],"picked":"SKIP","floor":37},{"not_picked":["BombardNight","UltimateOffering","RedNightlessCastle+1","RedRainbow","ScarletImprint+1"],"picked":"SKIP","floor":38},{"not_picked":["TwelveNightmare","ScarletImprint+1","CharismaGuard+1","MastersStateliness+1","Ultimatum+1"],"picked":"SKIP","floor":38},{"not_picked":["RedNightlessCastle+1","BloodHunter+1","Ultimatum+1","SuperhumanBloodyKnife","BadLadyScramble+1"],"picked":"SKIP","floor":40},{"not_picked":["VampireFantasy+1","MastersStateliness","ForbiddenFruit+1","StarOfDavid"],"picked":"FitfulNightmare+1","floor":41},{"not_picked":["ScarletDevilSign","NightDance+1","CurseOfVladTepes","VampireKiss+1"],"picked":"VampirishNight+1","floor":42},{"not_picked":["Stigmanizer","Septette+1","UltimateOffering+1","Ultimatum"],"picked":"ForecastOfChange","floor":44},{"not_picked":["BloodHunter+1","UnstableMagic+1","VampireClaw","UltimateOffering","NightLord+1"],"picked":"SKIP","floor":46},{"not_picked":["EternalNight+1","ScarletSymphony+1","ScarletDevilSign+1","ForecastOfChange","NightDance+1"],"picked":"SKIP","floor":46},{"not_picked":["CharismaGuard+1","StarOfDavid+1","MillenniumVampire+1","ScarletImprint+1","VampireKiss+1"],"picked":"SKIP","floor":54}],"player_experience":78895,"relics_obtained":[{"floor":1.0,"key":"Question Card"},{"floor":6.0,"key":"Question Card"},{"floor":8.0,"key":"testmod-IndustrialRevolution"},{"floor":9.0,"key":"MealTicket"},{"floor":11.0,"key":"Orichalcum"},{"floor":13.0,"key":"testmod-LifeArmor"},{"floor":16.0,"key":"ImportantClient"},{"floor":18.0,"key":"testmod-Laevatain"},{"floor":23.0,"key":"Bottled Flame"},{"floor":25.0,"key":"Prayer Wheel"},{"floor":27.0,"key":"SynthV:C4"},{"floor":27.0,"key":"Ancient Tea Set"},{"floor":28.0,"key":"Necronomicon"},{"floor":40,"key":"Anchor"},{"floor":41,"key":"testmod-EqualTreatment"},{"floor":42,"key":"Pantograph"},{"floor":43,"key":"Eternal Feather"},{"floor":54,"key":"RedBat"}],"event_choices":[{"damage_healed":0.0,"max_hp_gain":0.0,"max_hp_loss":0.0,"gold_gain":0.0,"event_name":"Shining Light","player_choice":"Entered Light","floor":4.0,"gold_loss":0.0,"damage_taken":15.0,"cards_upgraded":["Strike_RM","Defend_RM"]},{"damage_healed":0.0,"max_hp_gain":5.0,"max_hp_loss":0.0,"gold_gain":0.0,"event_name":"Forgotten Altar","player_choice":"Shed Blood","floor":20.0,"gold_loss":0.0,"damage_taken":19.0},{"damage_healed":0.0,"max_hp_gain":0.0,"max_hp_loss":0.0,"gold_gain":0.0,"event_name":"Cursed Tome","player_choice":"Obtained Book","floor":28.0,"gold_loss":0.0,"damage_taken":16.0},{"cards_removed":["Pain"],"damage_healed":0.0,"max_hp_gain":0.0,"max_hp_loss":0.0,"gold_gain":0.0,"event_name":"Wheel of Change","player_choice":"Card Removal","floor":31.0,"gold_loss":0.0,"damage_taken":0.0},{"damage_healed":0,"gold_gain":0,"player_choice":"Embrace Madness","damage_taken":10,"max_hp_gain":0,"max_hp_loss":0,"event_name":"Winding Halls","floor":39,"gold_loss":0,"cards_obtained":["Madness","Madness"]},{"damage_healed":0,"gold_gain":0,"player_choice":"Fight","damage_taken":0,"max_hp_gain":0,"max_hp_loss":0,"event_name":"MindBloom","floor":41,"gold_loss":0},{"cards_removed":["Strike_RM"],"damage_healed":0,"gold_gain":0,"player_choice":"Purged","damage_taken":0,"max_hp_gain":0,"max_hp_loss":0,"event_name":"Purifier","floor":48,"gold_loss":0}],"is_beta":false,"boss_relics":[{"not_picked":["Calling Bell","Coffee Dripper"],"picked":"PatriotShield"},{"not_picked":["APieceOfRedMist","Fusion Hammer"],"picked":"GreenFoldingFan"}],"items_purged_floors":[36,53],"is_endless":false,"potions_floor_spawned":[2,10,11,13,14,22,25,29,33,38,42,44,46],"ascension_level":11}}