{"host":"1kq2ingo3j45gyyp","time":1608601678,"event":{"mods":["BaseMod","Better Note","Better Third Choice","Minty Spire (QoL Compilation)","StSLib"],"gold_per_floor":[114,114,16,16,31,31,46,76,76,91,106,29,29,44,44,144,144,159,174,189,17,32,62,62,161,211,226,256,256,256,271,271,371,371,386,386,386,386,386],"floor_reached":38,"playtime":1407,"items_purged":[],"score":441,"play_id":"4e77163c-b6e5-40c0-a00b-30808f2294f5","local_time":"20201221204758","daily_mods":["Allstar","Diverse","DeadlyEvents"],"is_ascension_mode":false,"campfire_choices":[{"data":"Uppercut","floor":6,"key":"SMITH"},{"data":"Cloak And Dagger","floor":13,"key":"SMITH"},{"data":"Chrysalis","floor":15,"key":"SMITH"},{"data":"Enlightenment","floor":24,"key":"SMITH"},{"floor":29,"key":"REST"},{"floor":32,"key":"REST"}],"circlet_count":0,"master_deck":["Strike_B","Strike_B","Strike_B","Strike_B","Defend_B","Defend_B","Defend_B","Defend_B","Zap","Dualcast","Chrysalis+1","Enlightenment+1","Good Instincts","The Bomb","Thinking Ahead","BootSequence","Clash","Uppercut+1","Jack Of All Trades","Shrug It Off","Cloak And Dagger+1","Conserve Battery","Metallicize","Echo Form","Leg Sweep","Flame Barrier","Pain","Cold Snap"],"relics":["Cracked Core","Unceasing Top","Letter Opener","Cursed Key","Ginger","Strawberry","Ancient Tea Set","Fusion Hammer"],"acts_visited":["Exordium","TheCity","TheBeyond"],"potions_floor_usage":[19,28,31],"damage_taken":[{"damage":1,"enemies":"Jaw Worm","floor":1,"turns":4},{"damage":0,"enemies":"2 Louse","floor":5,"turns":3},{"damage":0,"enemies":"Cultist","floor":7,"turns":2},{"damage":6,"enemies":"Lagavulin","floor":8,"turns":6},{"damage":0,"enemies":"2 Fungi Beasts","floor":10,"turns":3},{"damage":0,"enemies":"3 Louse","floor":11,"turns":2},{"damage":7,"enemies":"Looter","floor":14,"turns":3},{"damage":25,"enemies":"Slime Boss","floor":16,"turns":6},{"damage":3,"enemies":"2 Thieves","floor":18,"turns":3},{"damage":0,"enemies":"Shell Parasite","floor":19,"turns":4},{"damage":0,"enemies":"Snake Plant","floor":20,"turns":5},{"damage":11,"enemies":"Chosen and Byrds","floor":22,"turns":8},{"damage":0,"enemies":"Book of Stabbing","floor":23,"turns":5},{"damage":5,"enemies":"Centurion and Healer","floor":27,"turns":7},{"damage":48,"enemies":"Slavers","floor":28,"turns":3},{"damage":6,"enemies":"Colosseum Slavers","floor":30,"turns":3},{"damage":3,"enemies":"Snake Plant","floor":31,"turns":5},{"damage":32,"enemies":"Automaton","floor":33,"turns":11},{"damage":13,"enemies":"3 Darklings","floor":35,"turns":5},{"damage":74,"enemies":"Reptomancer","floor":38,"turns":7}],"seed_played":"-7682526130134428503","potions_obtained":[{"floor":5,"key":"SteroidPotion"},{"floor":7,"key":"Block Potion"},{"floor":10,"key":"EssenceOfSteel"},{"floor":22,"key":"SkillPotion"},{"floor":28,"key":"FocusPotion"}],"is_trial":false,"path_per_floor":["M","?","$","?","M","R","M","E","T","M","M","$","R","M","R","B",null,"M","M","M","$","M","E","R","?","T","M","E","R","?","M","R","B",null,"M","?","?","E"],"character_chosen":"DEFECT","items_purchased":["Clash","Uppercut","Metallicize","Magnetism"],"campfire_rested":2,"item_purchase_floors":[3,3,12,21],"current_hp_per_floor":[74,79,79,79,79,79,79,73,73,73,73,73,73,66,66,41,80,77,77,77,77,66,66,66,66,73,68,20,46,40,37,63,31,87,74,74,74,0,0],"gold":386,"neow_bonus":"","is_daily":true,"chose_seed":false,"campfire_upgraded":4,"win_rate":0.0,"timestamp":1608601678,"path_taken":["M","?","$","?","M","R","M","?","T","M","M","$","R","M","R","BOSS","M","M","M","$","M","E","R","?","T","M","E","R","?","M","R","BOSS","M","?","?","?"],"items_purchased_type":["Card","Card","Card","Card"],"build_version":"2020-12-13","purchased_purges":0,"victory":false,"max_hp_per_floor":[75,80,80,80,80,80,80,80,80,80,80,80,80,80,80,80,80,80,80,80,80,80,80,80,80,87,87,87,87,87,87,87,87,87,87,87,87,87,87],"card_choices":[{"not_picked":["Shrug It Off","Skewer"],"picked":"BootSequence","floor":1},{"not_picked":["Double Energy","Sucker Punch"],"picked":"Shrug It Off","floor":5},{"not_picked":["Collect","Consecrate"],"picked":"Cloak And Dagger","floor":7},{"not_picked":["Fiend Fire","EmptyFist"],"picked":"Conserve Battery","floor":8},{"not_picked":["EmptyFist","Adaptation","Acrobatics"],"picked":"SKIP","floor":10},{"not_picked":["Bane","Redo","Creative AI"],"picked":"SKIP","floor":11},{"not_picked":["Lockon","Poisoned Stab","WindmillStrike"],"picked":"SKIP","floor":14},{"not_picked":["Die Die Die","Malaise"],"picked":"Echo Form","floor":16},{"not_picked":["Capacitor","Barrage","Anger+1"],"picked":"SKIP","floor":18},{"not_picked":["Bouncing Flask","Heavy Blade+1"],"picked":"Leg Sweep","floor":19},{"not_picked":["Flying Knee","Gash","Fusion"],"picked":"SKIP","floor":20},{"not_picked":["Ball Lightning+1","Cleave+1"],"picked":"Flame Barrier","floor":22},{"not_picked":["Skewer+1","Dash+1","CrushJoints"],"picked":"SKIP","floor":23},{"not_picked":["Flying Knee","JustLucky","MentalFortress"],"picked":"SKIP","floor":27},{"not_picked":["Bane","FlyingSleeves+1"],"picked":"Cold Snap","floor":28},{"not_picked":["Deadly Poison","BowlingBash","Fasting2"],"picked":"SKIP","floor":31},{"not_picked":["Ball Lightning","Study","PiercingWail+1"],"picked":"SKIP","floor":35}],"player_experience":800594,"relics_obtained":[{"floor":8,"key":"Unceasing Top"},{"floor":9,"key":"Letter Opener"},{"floor":23,"key":"Ginger"},{"floor":26,"key":"Strawberry"},{"floor":28,"key":"Ancient Tea Set"}],"event_choices":[{"damage_healed":0,"gold_gain":0,"player_choice":"Donut","damage_taken":0,"max_hp_gain":5,"max_hp_loss":0,"event_name":"Big Fish","floor":2,"gold_loss":0},{"damage_healed":0,"gold_gain":0,"player_choice":"1 cards matched","damage_taken":0,"max_hp_gain":0,"max_hp_loss":0,"event_name":"Match and Keep!","floor":4,"gold_loss":0,"cards_obtained":["Jack Of All Trades"]},{"damage_healed":0,"gold_gain":99,"player_choice":"Steal","damage_taken":0,"max_hp_gain":0,"max_hp_loss":0,"event_name":"betterThird:BetterNest","floor":25,"gold_loss":0},{"damage_healed":0,"gold_gain":0,"player_choice":"Fight","damage_taken":0,"max_hp_gain":0,"max_hp_loss":0,"event_name":"Colosseum","floor":30,"gold_loss":0},{"damage_healed":0,"gold_gain":0,"player_choice":"Fled From Nobs","damage_taken":0,"max_hp_gain":0,"max_hp_loss":0,"event_name":"Colosseum","floor":30,"gold_loss":0},{"cards_removed":["Magnetism"],"damage_healed":0,"gold_gain":0,"player_choice":"Removed Power","damage_taken":0,"max_hp_gain":0,"max_hp_loss":0,"event_name":"Falling","floor":36,"gold_loss":0},{"damage_healed":0,"gold_gain":0,"player_choice":"Ignored","damage_taken":0,"max_hp_gain":0,"max_hp_loss":0,"event_name":"Tomb of Lord Red Mask","floor":37,"gold_loss":0}],"is_beta":false,"boss_relics":[{"not_picked":["Black Star","Inserter"],"picked":"Cursed Key"},{"not_picked":["Snecko Eye","Empty Cage"],"picked":"Fusion Hammer"}],"items_purged_floors":[],"is_endless":false,"potions_floor_spawned":[5,7,10,14,18,22,23,27,28],"killed_by":"Reptomancer","ascension_level":0}}