{"host":"zdznbz1vk7bo8bwe","time":1608608311,"event":{"mods":["Act Like it!","Aspiration","BaseMod","Better-Laid Plans","Block Reminder","Conspire","Custom Start","Defuse TimeMaze Blight","Ekko","Elementarium","Energized Spire","Gensokyo","Hubris","Infinite Spire","Jedi Mod","Jorbs\u0027s Wanderer Trilogy","Lobotomy","Menagerie","Minty Spire (QoL Compilation)","Rare Cards Sparkle","Replay The Spire","Spicy Shops","StSLib","The Animator","The Bug Knight","The Cursed","The Factory","The Jungle","The Vixen","Transform Curses","vexMod"],"gold_per_floor":[117,42,42,56,68,68,68,68,68,83,118,131,145,145,145,240,240,257,257,269,326,328,328,344,344,344,367,367,367,381,381,381,482,482,501,528,528,528,528,528,549,569,569,569,594,620,620,657,657,657],"floor_reached":51,"playtime":3215,"items_purged":["ekkoTheBoyWhoShatteredTime:Leap","jedi:BattleThirst"],"score":1076,"play_id":"adc1d318-a746-4a98-9ee8-8e08a33aa2d2","local_time":"20201221193831","daily_mods":["Draft","Heirloom"],"is_ascension_mode":true,"campfire_choices":[{"data":"ekkoTheBoyWhoShatteredTime:Dash","floor":6.0,"key":"SMITH"},{"data":"ekkoTheBoyWhoShatteredTime:MicCheck","floor":8.0,"key":"SMITH"},{"data":"ekkoTheBoyWhoShatteredTime:PhaseDive","floor":15.0,"key":"SMITH"},{"data":"ekkoTheBoyWhoShatteredTime:SneakHit","floor":23.0,"key":"SMITH"},{"data":"ekkoTheBoyWhoShatteredTime:NashorsTooth","floor":25.0,"key":"SMITH"},{"floor":29.0,"key":"REST"},{"data":"hubris:Rewind","floor":32.0,"key":"SMITH"},{"data":"ekkoTheBoyWhoShatteredTime:TimeIndustry","floor":40.0,"key":"SMITH"},{"data":"ekkoTheBoyWhoShatteredTime:Disturblast","floor":44.0,"key":"SMITH"},{"data":"ekkoTheBoyWhoShatteredTime:HauntingGuise","floor":49,"key":"SMITH"}],"circlet_count":0,"master_deck":["ekkoTheBoyWhoShatteredTime:Greed","ekkoTheBoyWhoShatteredTime:FeelIt","ekkoTheBoyWhoShatteredTime:NaggingBlow","ekkoTheBoyWhoShatteredTime:TimeRecall","ekkoTheBoyWhoShatteredTime:HauntingGuise+1","ekkoTheBoyWhoShatteredTime:SneakHit+1","ekkoTheBoyWhoShatteredTime:TimeRecall","ekkoTheBoyWhoShatteredTime:Acceleration","ekkoTheBoyWhoShatteredTime:Dash+1","ekkoTheBoyWhoShatteredTime:MicCheck+1","ekkoTheBoyWhoShatteredTime:SneakHit","ekkoTheBoyWhoShatteredTime:TimeRecall","ekkoTheBoyWhoShatteredTime:WideSlice","ekkoTheBoyWhoShatteredTime:HextechProtobelt","ekkoTheBoyWhoShatteredTime:NashorsTooth+1","ekkoTheBoyWhoShatteredTime:HextechProtobelt","ekkoTheBoyWhoShatteredTime:PhaseDive+1","ekkoTheBoyWhoShatteredTime:Disturblast+1","ekkoTheBoyWhoShatteredTime:TimeRecall+1","ekkoTheBoyWhoShatteredTime:MicCheck+1","ekkoTheBoyWhoShatteredTime:Knowledge","hubris:Rewind+1","ekkoTheBoyWhoShatteredTime:TimeIndustry+1","ekkoTheBoyWhoShatteredTime:TimeRecall","ekkoTheBoyWhoShatteredTime:WideSlice","ekkoTheBoyWhoShatteredTime:NeedlesslyLargeRod+1"],"relics":["ekkoTheBoyWhoShatteredTime:zDriveResonance","Ice Cream","Garlic","Frozen Egg 2","vexMod:DeviousBotling","hubris:Icosahedron","infinitespire:Midas Blood","infinitespire:Broken Mirror","Orichalcum","Membership Card","hubris:EvacipatedBox","Strawberry","ekkoTheBoyWhoShatteredTime:zDriveGreediness","conspire:InfiniteJournal","Chameleon Ring","Blue Doll","infinitespire:Bottled Soul","Coffee Dripper","The Courier"],"acts_visited":["Exordium","TheCity","TheBeyond"],"potions_floor_usage":[50],"damage_taken":[{"damage":0.0,"enemies":"Cultist","floor":1.0,"turns":2.0},{"damage":14.0,"enemies":"infinitespire:Voidling","floor":4.0,"turns":2.0},{"damage":0.0,"enemies":"conspire:RoseBush","floor":5.0,"turns":2.0},{"damage":0.0,"enemies":"Gremlin Gang","floor":10.0,"turns":1.0},{"damage":0.0,"enemies":"HollowMod:MossKnight","floor":11.0,"turns":3.0},{"damage":0.0,"enemies":"Blue Slaver","floor":12.0,"turns":1.0},{"damage":3.0,"enemies":"Exordium Thugs","floor":13.0,"turns":2.0},{"damage":3.0,"enemies":"Hexaghost","floor":16.0,"turns":4.0},{"damage":0.0,"enemies":"3 Byrds","floor":18.0,"turns":2.0},{"damage":6.0,"enemies":"Chosen","floor":20.0,"turns":2.0},{"damage":0.0,"enemies":"3 Cultists","floor":24.0,"turns":1.0},{"damage":0.0,"enemies":"Shelled Parasite and Fungi","floor":30.0,"turns":2.0},{"damage":0.0,"enemies":"Collector","floor":33.0,"turns":1.0},{"damage":0.0,"enemies":"Orb Walker","floor":35.0,"turns":1.0},{"damage":23.0,"enemies":"3 Shapes","floor":36.0,"turns":1.0},{"damage":3.0,"enemies":"Writhing Mass","floor":41.0,"turns":1.0},{"damage":16.0,"enemies":"Sphere and 2 Shapes","floor":42.0,"turns":1.0},{"damage":23.0,"enemies":"4 Shapes","floor":45.0,"turns":1.0},{"damage":0.0,"enemies":"HollowMod:StalkingDevout","floor":46.0,"turns":1.0},{"damage":6,"enemies":"R_Hoarder","floor":48,"turns":5},{"damage":0,"enemies":"hubris:GrandSnecko","floor":50,"turns":1}],"seed_played":"-8183074422084505828","potions_obtained":[{"floor":1.0,"key":"FearPotion"},{"floor":7.0,"key":"ekkoTheBoyWhoShatteredTime:EquilibriumPotion"},{"floor":7.0,"key":"Flashbang"},{"floor":10.0,"key":"Elixir"},{"floor":11.0,"key":"SteroidPotion"},{"floor":21.0,"key":"jedi:hoardpotion"}],"is_trial":true,"path_per_floor":["M","$","?","M","M","R","?","R","T","M","E","M","M","?","R","B",null,"M","?","M","?","?","R","M","R","T","T","$","R","M","AVR","R","B",null,"M","M","?","?","?","R","M","M","T","R","M","E","AVR","E","R","B",null],"character_chosen":"EKKO_THE_BOY_WHO_SHATTERED_TIME","items_purchased":["ekkoTheBoyWhoShatteredTime:HextechProtobelt","Membership Card","hubris:EvacipatedBox"],"campfire_rested":1,"item_purchase_floors":[2,28,28],"current_hp_per_floor":[78,78,78,64,64,64,64,64,64,64,64,64,61,42,42,39,78,78,78,72,53,38,38,38,38,38,38,9,33,33,40,40,40,90,90,67,76,76,76,76,73,57,57,57,34,34,34,32,32,32],"gold":657,"neow_bonus":"","is_daily":false,"chose_seed":false,"campfire_upgraded":9,"win_rate":0.0,"timestamp":1608608311,"path_taken":["M","$","?","M","?","R","?","R","T","?","E","M","?","?","R","BOSS","M","?","M","?","?","R","M","R","T","?","?","R","M","AVR","R","BOSS","M","M","?","?","?","R","M","M","T","R","M","E","AVR","E","R","BOSS"],"items_purchased_type":["Card","Relic","Relic"],"build_version":"2020-12-13","purchased_purges":2,"victory":true,"max_hp_per_floor":[78,78,78,78,78,78,78,78,78,78,78,78,78,78,78,78,78,78,78,78,78,83,83,83,83,83,83,83,83,83,90,90,90,90,90,90,90,90,90,90,90,90,90,90,90,90,90,90,90,90],"card_choices":[{"not_picked":["ekkoTheBoyWhoShatteredTime:Process","ekkoTheBoyWhoShatteredTime:QuickBreak"],"picked":"ekkoTheBoyWhoShatteredTime:Greed","floor":0.0},{"not_picked":["ekkoTheBoyWhoShatteredTime:Process","ekkoTheBoyWhoShatteredTime:AfterimageBait"],"picked":"ekkoTheBoyWhoShatteredTime:WideSlice","floor":0.0},{"not_picked":["ekkoTheBoyWhoShatteredTime:AfterimageBait","ekkoTheBoyWhoShatteredTime:CalmingWaves"],"picked":"ekkoTheBoyWhoShatteredTime:FeelIt","floor":0.0},{"not_picked":["ekkoTheBoyWhoShatteredTime:KeepingMomentum","ekkoTheBoyWhoShatteredTime:DefensiveStance"],"picked":"ekkoTheBoyWhoShatteredTime:NaggingBlow","floor":0.0},{"not_picked":["ekkoTheBoyWhoShatteredTime:NeedlesslyLargeRod","ekkoTheBoyWhoShatteredTime:HauntingGuise"],"picked":"ekkoTheBoyWhoShatteredTime:TimeRecall","floor":0.0},{"not_picked":["ekkoTheBoyWhoShatteredTime:WaitForKeyTiming","ekkoTheBoyWhoShatteredTime:LichBane"],"picked":"ekkoTheBoyWhoShatteredTime:HauntingGuise","floor":0.0},{"not_picked":["ekkoTheBoyWhoShatteredTime:KeepingMomentum","ekkoTheBoyWhoShatteredTime:RecallingPunch"],"picked":"ekkoTheBoyWhoShatteredTime:Leap","floor":0.0},{"not_picked":["ekkoTheBoyWhoShatteredTime:HauntingGuise","ekkoTheBoyWhoShatteredTime:SpHit"],"picked":"ekkoTheBoyWhoShatteredTime:Leap","floor":0.0},{"not_picked":["ekkoTheBoyWhoShatteredTime:Timewinder","ekkoTheBoyWhoShatteredTime:NeedlesslyLargeRod"],"picked":"ekkoTheBoyWhoShatteredTime:SneakHit","floor":0.0},{"not_picked":["ekkoTheBoyWhoShatteredTime:SneakHit","ekkoTheBoyWhoShatteredTime:QuickBreak"],"picked":"ekkoTheBoyWhoShatteredTime:TimeRecall","floor":0.0},{"not_picked":["ekkoTheBoyWhoShatteredTime:Confident","ekkoTheBoyWhoShatteredTime:HauntedAfterimage"],"picked":"ekkoTheBoyWhoShatteredTime:Acceleration","floor":0.0},{"not_picked":["ekkoTheBoyWhoShatteredTime:SneakHit","ekkoTheBoyWhoShatteredTime:WideSlice"],"picked":"ekkoTheBoyWhoShatteredTime:Dash","floor":0.0},{"not_picked":["ekkoTheBoyWhoShatteredTime:AfterimageTimeWrap","ekkoTheBoyWhoShatteredTime:CommittedStrike"],"picked":"ekkoTheBoyWhoShatteredTime:MicCheck","floor":0.0},{"not_picked":["ekkoTheBoyWhoShatteredTime:Timewinder","ekkoTheBoyWhoShatteredTime:AfterimageHit"],"picked":"ekkoTheBoyWhoShatteredTime:SneakHit","floor":0.0},{"not_picked":["ekkoTheBoyWhoShatteredTime:Overflow","ekkoTheBoyWhoShatteredTime:IcebornGauntlet"],"picked":"ekkoTheBoyWhoShatteredTime:TimeRecall","floor":0.0},{"not_picked":["ekkoTheBoyWhoShatteredTime:SpHit","ekkoTheBoyWhoShatteredTime:LichBane"],"picked":"ekkoTheBoyWhoShatteredTime:WideSlice","floor":1.0},{"not_picked":["ekkoTheBoyWhoShatteredTime:Backtrack","ekkoTheBoyWhoShatteredTime:ItemsAfterimage","ekkoTheBoyWhoShatteredTime:Leap"],"picked":"SKIP","floor":4.0},{"not_picked":["ekkoTheBoyWhoShatteredTime:Leap","ekkoTheBoyWhoShatteredTime:AfterimageTease"],"picked":"ekkoTheBoyWhoShatteredTime:HextechProtobelt","floor":5.0},{"not_picked":["ekkoTheBoyWhoShatteredTime:QuickBreak","ekkoTheBoyWhoShatteredTime:Acceleration"],"picked":"ekkoTheBoyWhoShatteredTime:PhaseDive","floor":10.0},{"not_picked":["ekkoTheBoyWhoShatteredTime:OverloadingWeapon","ekkoTheBoyWhoShatteredTime:DelayedWork"],"picked":"ekkoTheBoyWhoShatteredTime:Disturblast","floor":11.0},{"not_picked":["ekkoTheBoyWhoShatteredTime:HauntedAfterimage","ekkoTheBoyWhoShatteredTime:QuickBreak","ekkoTheBoyWhoShatteredTime:Leap"],"picked":"SKIP","floor":12.0},{"not_picked":["ekkoTheBoyWhoShatteredTime:HauntedAfterimage","ekkoTheBoyWhoShatteredTime:RecallingPunch","ekkoTheBoyWhoShatteredTime:CommittedStrike"],"picked":"SKIP","floor":13.0},{"not_picked":["ekkoTheBoyWhoShatteredTime:Greed","ekkoTheBoyWhoShatteredTime:NeedlesslyLargeRod+1"],"picked":"ekkoTheBoyWhoShatteredTime:TimeRecall+1","floor":18.0},{"not_picked":["ekkoTheBoyWhoShatteredTime:RecallingPunch","ekkoTheBoyWhoShatteredTime:ComeAtMe"],"picked":"ekkoTheBoyWhoShatteredTime:MicCheck+1","floor":20.0},{"not_picked":["ekkoTheBoyWhoShatteredTime:AfterimageHit","ekkoTheBoyWhoShatteredTime:ParallelConvergence"],"picked":"ekkoTheBoyWhoShatteredTime:Knowledge","floor":24.0},{"not_picked":["ekkoTheBoyWhoShatteredTime:AfterimageSetup","ekkoTheBoyWhoShatteredTime:Backtrack","ekkoTheBoyWhoShatteredTime:Greed"],"picked":"SKIP","floor":30.0},{"not_picked":["ekkoTheBoyWhoShatteredTime:Unleashed","ekkoTheBoyWhoShatteredTime:TrickOrTreatTrend"],"picked":"ekkoTheBoyWhoShatteredTime:TimeIndustry","floor":33.0},{"not_picked":["ekkoTheBoyWhoShatteredTime:QuickBreak+1","ekkoTheBoyWhoShatteredTime:SpHit+1"],"picked":"ekkoTheBoyWhoShatteredTime:TimeRecall","floor":35.0},{"not_picked":["ekkoTheBoyWhoShatteredTime:LevelUp","ekkoTheBoyWhoShatteredTime:CalmingWaves","ekkoTheBoyWhoShatteredTime:AfterimageTease"],"picked":"SKIP","floor":36.0},{"not_picked":["ekkoTheBoyWhoShatteredTime:Acceleration+1","ekkoTheBoyWhoShatteredTime:CommittedStrike+1"],"picked":"ekkoTheBoyWhoShatteredTime:WideSlice","floor":41.0},{"not_picked":["ekkoTheBoyWhoShatteredTime:IcebornGauntlet+1","ekkoTheBoyWhoShatteredTime:Process","ekkoTheBoyWhoShatteredTime:Unleashed"],"picked":"SKIP","floor":42.0},{"not_picked":["ekkoTheBoyWhoShatteredTime:AfterimageDualStroke+1","ekkoTheBoyWhoShatteredTime:VelocityConsuming+1","ekkoTheBoyWhoShatteredTime:Backtrack"],"picked":"SKIP","floor":45.0},{"not_picked":["ekkoTheBoyWhoShatteredTime:AfterimageBait+1","ekkoTheBoyWhoShatteredTime:TrinityForce+1","ekkoTheBoyWhoShatteredTime:CalmingWaves"],"picked":"SKIP","floor":46.0},{"not_picked":["ekkoTheBoyWhoShatteredTime:QuickBreak","ekkoTheBoyWhoShatteredTime:Dash"],"picked":"ekkoTheBoyWhoShatteredTime:NeedlesslyLargeRod+1","floor":48}],"player_experience":44000,"relics_obtained":[{"floor":9.0,"key":"Garlic"},{"floor":11.0,"key":"Frozen Egg 2"},{"floor":21.0,"key":"infinitespire:Midas Blood"},{"floor":26.0,"key":"infinitespire:Broken Mirror"},{"floor":27.0,"key":"Orichalcum"},{"floor":43.0,"key":"Chameleon Ring"},{"floor":46.0,"key":"Blue Doll"},{"floor":48,"key":"The Courier"}],"event_choices":[{"damage_healed":0.0,"max_hp_gain":0.0,"max_hp_loss":0.0,"gold_gain":0.0,"cards_transformed":["ekkoTheBoyWhoShatteredTime:Leap"],"event_name":"Transmorgrifier","player_choice":"Transformed","floor":3.0,"gold_loss":0.0,"damage_taken":0.0,"cards_obtained":["ekkoTheBoyWhoShatteredTime:NashorsTooth"]},{"damage_healed":0.0,"max_hp_gain":0.0,"max_hp_loss":0.0,"gold_gain":0.0,"event_name":"Lab","player_choice":"Got Potions","floor":7.0,"gold_loss":0.0,"damage_taken":0.0},{"damage_healed":0.0,"max_hp_gain":5.0,"max_hp_loss":0.0,"gold_gain":0.0,"event_name":"Forgotten Altar","player_choice":"Shed Blood","floor":22.0,"gold_loss":0.0,"damage_taken":20.0},{"cards_removed":["ekkoTheBoyWhoShatteredTime:WideSlice"],"damage_healed":0.0,"max_hp_gain":0.0,"max_hp_loss":0.0,"gold_gain":0.0,"event_name":"Falling","player_choice":"Removed Attack","floor":38.0,"gold_loss":0.0,"damage_taken":0.0}],"is_beta":false,"boss_relics":[{"not_picked":["aspiration:WatcherSkillbook","energizedSpire:OgreHead"],"picked":"vexMod:DeviousBotling"},{"not_picked":["Cursed Key","Kintsugi","Snecko Heart","Honey Jar"]}],"items_purged_floors":[31,47],"is_endless":false,"potions_floor_spawned":[1,10,11,20,24,36,42,46,48],"ascension_level":4}}