{"host":"e1ezmaebp4k769tb","time":1608626941,"event":{"mods":["2.2 Compatiblity","AchievementEnabler","AlwaysNeverKeys","BaseMod","CapriCore","Card Filter","Colored Powertips","Curses Come First","DeckTracker","Energized Spire","Friendly Minions","Halation","Highlight Path","Keyboard Shortcuts","Lobotomy","Minty Spire (QoL Compilation)","Permanent Neow","Quick Restart","Red Circlet Mod","Relic Filter","Remilia£¨?Ú·×é?£©","Replay The Spire","Shop Mod","StSLib","WarShipGirlsR/??á´Ò³R mod"],"gold_per_floor":[18,38,55,55,73,101,101,120,120,120,136,148,148,160,160,160,160],"floor_reached":16,"playtime":679,"items_purged":[],"score":212,"play_id":"ef99393e-120f-4cb3-957f-61f3a40aa939","local_time":"20201222174901","is_ascension_mode":true,"campfire_choices":[{"floor":7.0,"key":"REST"},{"floor":10.0,"key":"REST"},{"data":"rmod:diamondstrike","floor":13.0,"key":"SMITH"},{"floor":15.0,"key":"REST"}],"circlet_count":0,"master_deck":["AscendersBane","rmod:strick","rmod:strick","rmod:strick","rmod:strick","rmod:defend","rmod:defend","rmod:defend","rmod:defend","rmod:basicallowance","rmod:maingunfire","Sadistic Nature","rmod:diamondstrike+1","rmod:diaomin","rmod:chargemoney","rmod:wife","rmod:steelsupply","rmod:launchingtorpedo","rmod:combined","rmod:firesupport"],"relics":["rmod:firstchargereward","rmod:equipmentrecovery","ReplayTheSpireMod:Ninjato"],"acts_visited":["Exordium"],"potions_floor_usage":[],"damage_taken":[{"damage":6.0,"enemies":"Small Slimes","floor":1.0,"turns":4.0},{"damage":6.0,"enemies":"Jaw Worm","floor":2.0,"turns":4.0},{"damage":6.0,"enemies":"2 Louse","floor":3.0,"turns":3.0},{"damage":20.0,"enemies":"Lots of Slimes","floor":5.0,"turns":5.0},{"damage":21.0,"enemies":"3 Sentries","floor":6.0,"turns":10.0},{"damage":12.0,"enemies":"Exordium Wildlife","floor":8.0,"turns":4.0},{"damage":14.0,"enemies":"Red Slaver","floor":11.0,"turns":3.0},{"damage":10.0,"enemies":"Blue Slaver","floor":12.0,"turns":3.0},{"damage":15.0,"enemies":"Gremlin Gang","floor":14.0,"turns":5.0},{"damage":26,"enemies":"The Guardian","floor":16,"turns":4}],"seed_played":"91367997062065044","potions_obtained":[{"floor":3.0,"key":"EssenceOfSteel"},{"floor":5.0,"key":"Elixir"},{"floor":8.0,"key":"Swift Potion"},{"floor":11.0,"key":"Regen Potion"}],"is_trial":false,"path_per_floor":["M","M","M","$","M","E","R","M","T","R","M","M","R","M","R","B"],"character_chosen":"PRAEFECT","items_purchased":[],"campfire_rested":3,"item_purchase_floors":[],"current_hp_per_floor":[57,51,45,45,25,4,25,13,13,34,20,19,19,4,25,0,0],"gold":160,"neow_bonus":"RANDOM_COLORLESS_2","is_daily":false,"chose_seed":false,"campfire_upgraded":1,"win_rate":0.0,"timestamp":1608626941,"path_taken":["M","M","M","$","M","E","R","M","T","R","M","M","R","M","R","BOSS"],"items_purchased_type":[],"build_version":"2020-12-13","purchased_purges":0,"victory":false,"max_hp_per_floor":[70,70,70,70,70,70,70,70,70,70,70,70,70,70,70,70,70],"card_choices":[{"not_picked":["HandOfGreed","ReplayUltimateDefense"],"picked":"Sadistic Nature","floor":0.0},{"not_picked":["rmod:tearstotiara","rmod:combined"],"picked":"rmod:diamondstrike","floor":1.0},{"not_picked":["rmod:combined","rmod:shuttlebombing","rmod:luckystar"],"picked":"SKIP","floor":2.0},{"not_picked":["rmod:robin","rmod:fuelsupply"],"picked":"rmod:diaomin","floor":3.0},{"not_picked":["rmod:fletcherpendant","rmod:aviationdawn"],"picked":"rmod:chargemoney","floor":5.0},{"not_picked":["rmod:wasp","rmod:highspeedshooting"],"picked":"rmod:wife","floor":6.0},{"not_picked":["rmod:aluminumsupply","rmod:aviationdawn"],"picked":"rmod:steelsupply","floor":8.0},{"not_picked":["rmod:stealaluminum","rmod:intelligenceanalysis"],"picked":"rmod:launchingtorpedo","floor":11.0},{"not_picked":["rmod:highspeedshooting","rmod:aluminumsupply"],"picked":"rmod:combined","floor":12.0},{"not_picked":["rmod:rockthrower","rmod:punchline"],"picked":"rmod:firesupport","floor":14.0}],"player_experience":188843,"relics_obtained":[{"floor":6.0,"key":"rmod:equipmentrecovery"},{"floor":9.0,"key":"ReplayTheSpireMod:Ninjato"}],"event_choices":[],"is_beta":false,"boss_relics":[],"items_purged_floors":[],"is_endless":false,"potions_floor_spawned":[3,5,8,11],"killed_by":"The Guardian","ascension_level":20}}