{"host":"79pwvnyrdes6uj7k","time":1608606242,"event":{"mods":["2.2 Compatiblity","Astrologer","BaseMod","Beaked The Cultist","Colored Powertips","Downfall","Exacting","Friendly Minions","HexUI Lib","Highlight Path","Hubris","Infinite Spire","Mad Scientist","Mimic Mod","Minty Spire (QoL Compilation)","Random Character Button","Replay The Spire","Reworked Bosses","Shop Mod","Somnambulant","StSLib","The Cursed","The Disciple","The Factory","The Judge","The Jungle","The Poker Player","The Runesmith","TheHeartMod"],"gold_per_floor":[114,114,189,201,201,244,257,292,371,371,371,371,371,99,99,223,223,238,254,15,15,15],"floor_reached":21,"playtime":1474,"items_purged":["Injury"],"score":175,"play_id":"de40357d-1532-4424-accf-919932bae512","local_time":"20201221210402","is_ascension_mode":false,"campfire_choices":[{"floor":10,"key":"REST"},{"data":"astrologer:SolarFlare","floor":12,"key":"SMITH"},{"data":"astrologer:StarOfMisfortune","floor":15,"key":"SMITH"}],"circlet_count":0,"master_deck":["astrologer:Strike","astrologer:Strike","astrologer:Strike","astrologer:Strike","astrologer:Defend","astrologer:Defend","astrologer:Defend","astrologer:Defend","astrologer:NorthStar+1","astrologer:TheFool","astrologer:StarOfMisfortune+1","astrologer:Opposition","astrologer:ShootingStar+1","astrologer:SolarFlare+1","ReplayTheSpireMod:Splinters","astrologer:ReadTheStars","astrologer:Stardust","astrologer:Nova","astrologer:TheDevil","astrologer:LonelyStar+1","astrologer:TheStar","astrologer:SpaceDust","astrologer:Prestidigitation","astrologer:Judgement"],"relics":["Philosopher\u0027s Stone","Golden Idol","Iron Hammer","hubris:Icosahedron","Membership Card","MerchantsRug","Vajra","Painkiller Herb","PreservedInsect"],"acts_visited":["Exordium","theJungle:Jungle"],"potions_floor_usage":[6,16,16,21],"damage_taken":[{"damage":0,"enemies":"Jaw Worm","floor":1,"turns":3},{"damage":1,"enemies":"2 Louse","floor":4,"turns":3},{"damage":15,"enemies":"3 Sentries","floor":6,"turns":8},{"damage":0,"enemies":"Small Slimes","floor":7,"turns":3},{"damage":2,"enemies":"Slime Boss","floor":16,"turns":5},{"damage":15,"enemies":"theJungle:5_Spyders","floor":18,"turns":7},{"damage":21,"enemies":"theJungle:GiantWrat","floor":19,"turns":4},{"damage":37,"enemies":"theJungle:Snecko_Cultist_And_Trap","floor":21,"turns":2}],"seed_played":"-2094809297302766322","potions_obtained":[{"floor":1,"key":"Strength Potion"},{"floor":7,"key":"Fire Potion"},{"floor":8,"key":"PowerPotion"},{"floor":8,"key":"infinitespire:BlackPotion"},{"floor":18,"key":"Ancient Potion"},{"floor":19,"key":"SteroidPotion"}],"is_trial":false,"path_per_floor":["M","?","?","M","?","E","M","?","T","R","?","R","?","$","R","B",null,"?","?","T","?"],"character_chosen":"ASTROLOGER","items_purchased":["Membership Card","MerchantsRug","astrologer:Stardust","Vajra","astrologer:TheStar","astrologer:SpaceDust","astrologer:Prestidigitation","astrologer:Judgement","PreservedInsect"],"campfire_rested":1,"item_purchase_floors":[14,14,14,14,20,20,20,20,20],"current_hp_per_floor":[70,70,59,58,58,43,43,43,43,64,64,64,64,64,64,62,70,55,34,34,0,0],"gold":15,"neow_bonus":"BOSS_RELIC","is_daily":false,"chose_seed":false,"campfire_upgraded":2,"win_rate":0.0,"timestamp":1608606242,"path_taken":["M","?","?","M","?","E","?","?","T","R","?","R","?","?","R","BOSS","?","?","T","?"],"items_purchased_type":["Relic","Relic","Card","Relic","Card","Card","Card","Card","Relic"],"build_version":"2020-12-13","purchased_purges":1,"victory":false,"max_hp_per_floor":[70,70,70,70,70,70,70,70,70,70,70,70,70,70,70,70,70,70,70,70,70,70],"card_choices":[{"not_picked":["astrologer:Still","astrologer:Opposition"],"picked":"astrologer:StarOfMisfortune","floor":1},{"not_picked":["astrologer:MeteorShower","astrologer:CometStrike"],"picked":"astrologer:Opposition","floor":4},{"not_picked":["astrologer:Still","astrologer:Moonlight"],"picked":"astrologer:ShootingStar","floor":6},{"not_picked":["astrologer:TheLovers","astrologer:Moonlight"],"picked":"astrologer:SolarFlare","floor":7},{"not_picked":["astrologer:Moonlight","astrologer:SpaceDust"],"picked":"astrologer:ReadTheStars","floor":8},{"not_picked":["astrologer:Fate","astrologer:TheWorld"],"picked":"astrologer:Nova","floor":16},{"not_picked":["astrologer:Conjunction","astrologer:Radiance"],"picked":"astrologer:TheDevil","floor":18},{"not_picked":["astrologer:Retelling","astrologer:Stardust"],"picked":"astrologer:LonelyStar+1","floor":19}],"player_experience":312543,"relics_obtained":[{"floor":6,"key":"Smiling Mask"},{"floor":9,"key":"Iron Hammer"}],"event_choices":[{"damage_healed":0,"gold_gain":75,"player_choice":"Gather Gold","damage_taken":11,"max_hp_gain":0,"max_hp_loss":0,"event_name":"World of Goop","floor":3,"gold_loss":0},{"damage_healed":0,"gold_gain":0,"player_choice":"Take Wound","damage_taken":0,"relics_obtained":["Golden Idol"],"max_hp_gain":0,"max_hp_loss":0,"event_name":"Golden Idol","floor":5,"gold_loss":0,"cards_obtained":["Injury"]}],"is_beta":false,"boss_relics":[{"not_picked":["SlaversCollar","Replay:Ancient Bell"],"picked":"Painkiller Herb"}],"items_purged_floors":[20],"is_endless":false,"potions_floor_spawned":[1,7,18,19],"killed_by":"theJungle:Snecko_Cultist_And_Trap","ascension_level":0}}