{"host":"eeeqmyc7a1933jos","time":1608678805,"event":{"mods":["2.2 Compatiblity","Act Like it!","BaseMod","CapriCore","Colored Powertips","Downfall","Elementarium","Friendly Minions","Gensokyo","GifTheSpireLib","Gremlin Mod","Hallownest","Hermit","Hubris","Infinite Spire","Jorbs\u0027s Wanderer Trilogy","Marisa????????","Mimic Mod","Minty Spire (QoL Compilation)","Pale of the Ancients","Random Character Button","Random Character Mod","Reimu??????","Relic Sorter","Relic Stats","Replay The Spire","SIMod","Shade Mod","StSLib","The Administrix","The Bug Knight","The Hierophant","The Immortal","The Mystic","The Runesmith","The Senshi","The Vixen","TheBandit","TheFirefly","TheVacant","Wandering Minibosses"],"gold_per_floor":[99,118,132,181,191,191,221,245,245,245,265,35,35,37,37,37],"floor_reached":14,"playtime":1058,"items_purged":[],"score":84,"play_id":"534428ad-2d64-4e33-8a77-b55d78594a8b","local_time":"20201223001325","is_ascension_mode":true,"campfire_choices":[{"floor":1,"key":"DIG"},{"data":"hexamod:Float","floor":6,"key":"SMITH"},{"data":"hexamod:HexaLevel","floor":10,"key":"SMITH"},{"data":"hexamod:RetreatToShadows","floor":13,"key":"SMITH"}],"circlet_count":0,"master_deck":["hexamod:Strike","hexamod:Strike","hexamod:Strike","hexamod:Strike","hexamod:Defend","hexamod:Defend","hexamod:Defend","hexamod:Defend","hexamod:Sear","hexamod:Float+1","hexamod:HauntingEcho","hexamod:DynamicBlow","hexamod:RecurringNightmare","hexamod:Hexaguard","hexamod:EtherealExpedition","hexamod:InspiringFlames","hexamod:HexaLevel+1","Pain","hexamod:RetreatToShadows+1","Gensokyo:ExoticEgg","Gensokyo:RustyChest","Gensokyo:LockedMedkit"],"relics":["Runic Pyramid","Quantum Egg","Bag of Preparation","Replay:Bandana","Gensokyo:LunaticRedEyes"],"acts_visited":["Exordium"],"potions_floor_usage":[],"damage_taken":[{"damage":1,"enemies":"Gensokyo:2_Kodama","floor":2,"turns":4},{"damage":0,"enemies":"Gensokyo:3_Fairies","floor":3,"turns":4},{"damage":0,"enemies":"Gensokyo:Python","floor":5,"turns":3},{"damage":0,"enemies":"Gensokyo:Gryphon_and_Rabbit","floor":7,"turns":4},{"damage":2,"enemies":"Gensokyo:Gryphon_and_Rabbit","floor":8,"turns":5},{"damage":13,"enemies":"Gensokyo:Kitsune","floor":11,"turns":3},{"damage":23,"enemies":"Gensokyo:Aya","floor":14,"turns":3}],"seed_played":"6103281545117492786","potions_obtained":[{"floor":4,"key":"sneckomod:MuddlingPotion"},{"floor":5,"key":"Energy Potion"},{"floor":8,"key":"Weak Potion"},{"floor":11,"key":"Swift Potion"}],"is_trial":false,"path_per_floor":["R","M","M","?","M","R","MIM","M","?","R","M","COS","R","E"],"character_chosen":"THE_SPIRIT","items_purchased":[],"campfire_rested":0,"item_purchase_floors":[],"current_hp_per_floor":[70,69,69,52,52,52,52,50,50,50,37,37,37,14,14,14],"gold":37,"neow_bonus":"BOSS_RELIC","is_daily":false,"chose_seed":false,"campfire_upgraded":3,"win_rate":0.0,"timestamp":1608678805,"path_taken":["R","M","M","?","M","R","MIM","M","?","R","M","COS","R","E"],"items_purchased_type":[],"build_version":"2020-12-13","purchased_purges":0,"victory":false,"max_hp_per_floor":[70,70,70,70,70,70,70,70,70,70,70,70,70,70,70,70],"relic_stats":{"counters":[7,26],"Bag of Preparation":[10],"obtain_stats":[{"Replay:Bandana":7,"Quantum Egg":1,"Bag of Preparation":4,"hexamod:SpiritBrand":0,"Gensokyo:LunaticRedEyes":9,"Runic Pyramid":0},{"Replay:Bandana":4,"Quantum Egg":0,"Bag of Preparation":2,"hexamod:SpiritBrand":0,"Gensokyo:LunaticRedEyes":5,"Runic Pyramid":0},{"Replay:Bandana":15,"Quantum Egg":0,"Bag of Preparation":8,"hexamod:SpiritBrand":0,"Gensokyo:LunaticRedEyes":20,"Runic Pyramid":0}]},"card_choices":[{"not_picked":["hexamod:BacktrackSmack","hexamod:SpectralAdrenaline"],"picked":"hexamod:HauntingEcho","floor":2},{"not_picked":["hexamod:GhostOfSpirePresent","hexamod:Firestarter"],"picked":"hexamod:DynamicBlow","floor":3},{"not_picked":["hexamod:SpectersWail","hexamod:SwordOfDarkness"],"picked":"hexamod:RecurringNightmare","floor":4},{"not_picked":["hexamod:HauntingEcho","hexamod:RainOfEmbers"],"picked":"hexamod:Hexaguard","floor":4},{"not_picked":["hexamod:ShieldOfDarkness","hexamod:RainOfEmbers"],"picked":"hexamod:EtherealExpedition","floor":5},{"not_picked":["hexamod:AdvancingGuard","hexamod:BacktrackSmack"],"picked":"hexamod:InspiringFlames","floor":7},{"not_picked":["hexamod:Firestarter","hexamod:RainOfEmbers"],"picked":"hexamod:HexaLevel","floor":8},{"not_picked":["hexamod:SuperheatedStrike","hexamod:GhostflameBarrier"],"picked":"hexamod:RetreatToShadows","floor":11}],"player_experience":1348781,"relics_obtained":[{"floor":1,"key":"Quantum Egg"},{"floor":4,"key":"Bag of Preparation"},{"floor":7,"key":"Replay:Bandana"}],"event_choices":[],"is_beta":false,"boss_relics":[],"items_purged_floors":[],"is_endless":false,"potions_floor_spawned":[5,8,11],"killed_by":"Gensokyo:Aya","ascension_level":1}}