{"host":"kh6fvhxn285ncg0o","time":1608609024,"event":{"mods":["Act Like it!","BaseMod","Colored Map","Friendly Minions","Keyboard Shortcuts","Minty Spire (QoL Compilation)","Quick Restart","Relic Stats","StSLib","SuperFastMode"],"gold_per_floor":[112,129,178,178,203,203,353,368,368,212,231,262,262,305,305,398,398,418,418,72,46,46,46,46,46,46],"floor_reached":25,"playtime":581,"items_purged":["Doubt","Strike_R"],"score":423,"play_id":"82d26673-a1a9-49ca-8983-9e89254c3078","local_time":"20201222125024","is_ascension_mode":true,"campfire_choices":[{"floor":6.0,"key":"DIG"},{"data":"Battle Trance","floor":15.0,"key":"SMITH"},{"data":"Fire Breathing","floor":23.0,"key":"SMITH"}],"circlet_count":0,"master_deck":["AscendersBane","Defend_R","Defend_R","Defend_R","Defend_R","Bash","CurseOfTheBell","Shrug It Off","Body Slam","Inflame","Reaper","Feed+1","Second Wind","Clash+1","Fiend Fire+1","Reckless Charge+1","Battle Trance+1","Barricade","Dropkick+1","Ghostly","Ghostly","Ghostly","Fire Breathing+1","Bite+1","Bite+1","Bite+1","Bite+1","Bite+1","Evolve"],"relics":["Calling Bell","MealTicket","InkBottle","Shovel","Juzu Bracelet","Golden Idol","Gambling Chip","Molten Egg 2","Odd Mushroom","Ancient Tea Set","Mark of Pain","Art of War"],"acts_visited":["Exordium","TheCity"],"potions_floor_usage":[],"damage_taken":[{"damage":6.0,"enemies":"Cultist","floor":1.0,"turns":3.0},{"damage":4.0,"enemies":"Jaw Worm","floor":2.0,"turns":3.0},{"damage":1.0,"enemies":"2 Louse","floor":5.0,"turns":5.0},{"damage":21.0,"enemies":"2 Fungi Beasts","floor":8.0,"turns":6.0},{"damage":11.0,"enemies":"Looter","floor":11.0,"turns":3.0},{"damage":27.0,"enemies":"The Mushroom Lair","floor":12.0,"turns":6.0},{"damage":8.0,"enemies":"Gremlin Nob","floor":14.0,"turns":3.0},{"damage":33.0,"enemies":"The Guardian","floor":16.0,"turns":10.0},{"damage":52.0,"enemies":"Spheric Guardian","floor":18.0,"turns":6.0},{"damage":20.0,"enemies":"2 Thieves","floor":21.0,"turns":4.0},{"damage":21,"enemies":"Book of Stabbing","floor":25,"turns":4}],"seed_played":"-6185224482861321899","potions_obtained":[{"floor":1.0,"key":"Ancient Potion"},{"floor":2.0,"key":"DuplicationPotion"},{"floor":14.0,"key":"Explosive Potion"},{"floor":21.0,"key":"HeartOfIron"}],"is_trial":false,"path_per_floor":["M","M","T","?","M","R","?","M","T","$","M","?","?","E","R","B",null,"M","?","$","M","?","R","?","E"],"character_chosen":"IRONCLAD","items_purchased":["Feed+1","Fire Breathing","Art of War"],"campfire_rested":0,"item_purchase_floors":[10,20,20],"current_hp_per_floor":[62,58,58,58,57,57,57,36,36,51,50,39,39,35,35,11,63,15,15,30,10,10,10,10,0,0],"gold":46,"neow_bonus":"BOSS_RELIC","is_daily":false,"chose_seed":false,"campfire_upgraded":2,"win_rate":0.0,"timestamp":1608609024,"path_taken":["M","M","?","?","M","R","?","M","T","$","M","?","?","E","R","BOSS","M","?","$","M","?","R","?","E"],"items_purchased_type":["Card","Card","Relic"],"build_version":"2020-12-13","purchased_purges":2,"victory":false,"max_hp_per_floor":[75,75,75,68,68,68,68,68,68,68,72,76,76,80,80,80,80,84,42,42,42,29,29,29,29,29],"relic_stats":{"Shovel":1,"counters":[11,53],"Golden Idol":53,"Gambling Chip":[35],"MealTicket":30,"Juzu Bracelet":1,"Art of War":[0],"obtain_stats":[{"Golden Idol":4,"Juzu Bracelet":3,"Odd Mushroom":12,"Ancient Tea Set":14,"Burning Blood":0,"Calling Bell":0,"Shovel":0,"Gambling Chip":6,"MealTicket":0,"Molten Egg 2":9,"Mark of Pain":17,"Art of War":20,"InkBottle":0},{"Golden Idol":2,"Juzu Bracelet":2,"Odd Mushroom":6,"Ancient Tea Set":7,"Burning Blood":0,"Calling Bell":0,"Shovel":0,"Gambling Chip":3,"MealTicket":0,"Molten Egg 2":4,"Mark of Pain":8,"Art of War":9,"InkBottle":0},{"Golden Idol":6,"Juzu Bracelet":6,"Odd Mushroom":26,"Ancient Tea Set":29,"Burning Blood":0,"Calling Bell":0,"Shovel":0,"Gambling Chip":11,"MealTicket":0,"Molten Egg 2":17,"Mark of Pain":39,"Art of War":45,"InkBottle":0}],"InkBottle":[12]},"card_choices":[{"not_picked":["Perfected Strike","Pummel"],"picked":"Shrug It Off","floor":1.0},{"not_picked":["Bloodletting","Thunderclap"],"picked":"Body Slam","floor":2.0},{"not_picked":["Perfected Strike","Burning Pact"],"picked":"Inflame","floor":5.0},{"not_picked":["Cleave","Iron Wave"],"picked":"Reaper","floor":8.0},{"not_picked":["Rampage+1","Twin Strike+1"],"picked":"Second Wind","floor":11.0},{"not_picked":["Cleave+1","Armaments"],"picked":"Clash+1","floor":12.0},{"not_picked":["Anger+1","Searing Blow+1"],"picked":"Battle Trance","floor":14.0},{"not_picked":["Bludgeon+1","Fiend Fire+1"],"picked":"Barricade","floor":16.0},{"not_picked":["Metallicize","Sword Boomerang+1"],"picked":"Dropkick+1","floor":18.0},{"not_picked":["Wild Strike+1","Clothesline+1","Cleave+1"],"picked":"SKIP","floor":21.0}],"player_experience":3207781,"relics_obtained":[{"floor":0.0,"key":"MealTicket"},{"floor":0.0,"key":"InkBottle"},{"floor":0.0,"key":"Shovel"},{"floor":3.0,"key":"Juzu Bracelet"},{"floor":6.0,"key":"Gambling Chip"},{"floor":9.0,"key":"Molten Egg 2"},{"floor":12.0,"key":"Odd Mushroom"},{"floor":14.0,"key":"Ancient Tea Set"}],"event_choices":[{"damage_healed":0.0,"max_hp_gain":0.0,"max_hp_loss":7.0,"gold_gain":0.0,"event_name":"Golden Idol","player_choice":"Lose Max HP","floor":4.0,"gold_loss":0.0,"damage_taken":0.0,"relics_obtained":["Golden Idol"]},{"damage_healed":0.0,"max_hp_gain":0.0,"max_hp_loss":0.0,"gold_gain":150.0,"event_name":"Liars Game","player_choice":"AGREE","floor":7.0,"gold_loss":0.0,"damage_taken":0.0,"cards_obtained":["Doubt"]},{"damage_healed":0.0,"max_hp_gain":0.0,"max_hp_loss":0.0,"gold_gain":0.0,"event_name":"Mushrooms","player_choice":"Fought Mushrooms","floor":12.0,"gold_loss":0.0,"damage_taken":0.0},{"damage_healed":0.0,"max_hp_gain":0.0,"max_hp_loss":0.0,"gold_gain":0.0,"event_name":"Match and Keep!","player_choice":"2 cards matched","floor":13.0,"gold_loss":0.0,"damage_taken":0.0,"cards_obtained":["Fiend Fire","Reckless Charge"]},{"damage_healed":0.0,"max_hp_gain":0.0,"max_hp_loss":42.0,"gold_gain":0.0,"event_name":"Ghosts","player_choice":"Became a Ghost","floor":19.0,"gold_loss":0.0,"damage_taken":0.0,"cards_obtained":["Ghostly","Ghostly","Ghostly"]},{"damage_healed":0.0,"max_hp_gain":0.0,"max_hp_loss":13.0,"gold_gain":0.0,"event_name":"Vampires","player_choice":"Became a vampire","floor":22.0,"gold_loss":0.0,"damage_taken":0.0,"cards_obtained":["Bite","Bite","Bite","Bite","Bite"]},{"damage_healed":0.0,"max_hp_gain":0.0,"max_hp_loss":0.0,"gold_gain":0.0,"event_name":"The Library","player_choice":"Read","floor":24.0,"gold_loss":0.0,"damage_taken":0.0,"cards_obtained":["Evolve"]}],"is_beta":false,"boss_relics":[{"not_picked":["SlaversCollar","Pandora\u0027s Box"],"picked":"Mark of Pain"}],"items_purged_floors":[10,20],"is_endless":false,"potions_floor_spawned":[1,2,14,21],"killed_by":"Book of Stabbing","ascension_level":20}}