{"host":"0fm1w3v00gid44jl","time":1608676494,"event":{"mods":["AchievementEnabler","BaseMod","Colored Map","Colored Powertips","Displayed Cursed Tome","Downfall","Googly Eyes","Highlight Path","Minty Spire (QoL Compilation)","Permanent Neow","Relic Stats","StSLib","SuperFastMode","slay the spire mod where everything is the same but ironclad has a cowboy hat"],"gold_per_floor":[0,10,10,10,23,123,123,123,154,154,169,179,11,28,41,136,136,136,236,246,266,45,45,45,73,73,106,55,69,86,104,121,121,121,121],"floor_reached":33,"playtime":48976,"items_purged":[],"score":303,"play_id":"6d25b393-9ff5-48f6-bfce-f2863bf1ac07","local_time":"20201222163454","is_ascension_mode":true,"campfire_choices":[{"data":"champ:Improvising","floor":1,"key":"SMITH"},{"data":"champ:Taunt","floor":3,"key":"SMITH"},{"data":"champ:BladeFlurry","floor":10,"key":"SMITH"},{"data":"champ:SteelEdge","floor":18,"key":"SMITH"},{"data":"champ:CalledShot","floor":26,"key":"SMITH"}],"circlet_count":0,"master_deck":["champ:Strike","champ:Strike","champ:Strike","champ:Strike","champ:Defend+1","champ:Defend","champ:Defend","champ:Defend","champ:Execute","champ:Taunt+1","champ:Improvising+1","champ:Haymaker","champ:TornadoPunch+1","champ:BladeFlurry+1","champ:GladiatorsShout","champ:DefensiveShout+1","champ:SwordSigil","champ:ArenaPreparation","champ:CalledShot+1","champ:Riposte","champ:StanceDance","champ:SteelEdge+1","champ:BladeFlurry","champ:Duel+1","champ:BladeFlurry","champ:Improvising","champ:ArenaPreparation","champ:ShieldSigil","champ:VampiricStrike"],"relics":["champ:ChampionCrown","TungstenRod","Eternal Feather","Gremlin Horn","Snecko Eye","War Paint","Ancient Tea Set","Thread and Needle","Tiny Chest"],"acts_visited":["Exordium","TheCity"],"potions_floor_usage":[16,25],"damage_taken":[{"damage":10,"enemies":"Small Slimes","floor":2,"turns":3},{"damage":4,"enemies":"2 Louse","floor":5,"turns":3},{"damage":20,"enemies":"3 Sentries","floor":9,"turns":4},{"damage":2,"enemies":"Jaw Worm","floor":11,"turns":2},{"damage":0,"enemies":"Gremlin Gang","floor":12,"turns":1},{"damage":0,"enemies":"downfall:FleeingMerchant","floor":13,"turns":4},{"damage":15,"enemies":"Large Slime","floor":14,"turns":4},{"damage":13,"enemies":"3 Louse","floor":15,"turns":3},{"damage":26,"enemies":"downfall:Silent","floor":16,"turns":6},{"damage":5,"enemies":"3 Byrds","floor":20,"turns":4},{"damage":13,"enemies":"Spheric Guardian","floor":21,"turns":3},{"damage":9,"enemies":"downfall:FleeingMerchant","floor":22,"turns":4},{"damage":43,"enemies":"Slavers","floor":25,"turns":6},{"damage":9,"enemies":"Book of Stabbing","floor":27,"turns":4},{"damage":0,"enemies":"downfall:FleeingMerchant","floor":28,"turns":4},{"damage":20,"enemies":"Centurion and Healer","floor":29,"turns":5},{"damage":9,"enemies":"Cultist and Chosen","floor":30,"turns":4},{"damage":37,"enemies":"Shelled Parasite and Fungi","floor":31,"turns":3},{"damage":6,"enemies":"Centurion and Healer","floor":32,"turns":3},{"damage":32,"enemies":"downfall:Ironclad","floor":33,"turns":5}],"seed_played":"560096082654577159","potions_obtained":[{"floor":11,"key":"CultistPotion"},{"floor":12,"key":"Guardian:BlockOnCardUsePotion"},{"floor":15,"key":"Block Potion"},{"floor":16,"key":"FearPotion"},{"floor":25,"key":"Ancient Potion"},{"floor":30,"key":"EntropicBrew"}],"is_trial":false,"path_per_floor":["R","M","R","?","M","?","T","?","E","R","M","M","$","M","M","B",null,"R","?","M","M","$","?","T","E","R","E","$","M","M","M","M","B"],"character_chosen":"THE_CHAMP","items_purchased":["champ:ArenaPreparation","champ:CalledShot","War Paint","champ:BladeFlurry","champ:ArenaPreparation"],"campfire_rested":0,"item_purchase_floors":[13,13,22,22,28],"current_hp_per_floor":[90,85,85,78,79,79,79,79,64,70,68,68,68,58,50,34,90,90,90,90,82,78,78,78,46,61,52,52,42,43,28,27,0,0,0],"gold":121,"neow_bonus":"THREE_RARE_CARDS","is_daily":false,"chose_seed":false,"campfire_upgraded":5,"win_rate":0.0,"timestamp":1608676494,"path_taken":["R","M","R","?","M","?","T","?","E","R","M","M","$","M","M","BOSS","R","?","M","M","$","?","T","E","R","E","$","M","M","M","M","BOSS"],"items_purchased_type":["Card","Card","Relic","Card","Card"],"build_version":"2020-12-13","purchased_purges":0,"victory":false,"max_hp_per_floor":[90,90,90,90,90,90,90,90,90,90,90,90,90,90,90,90,90,90,90,90,90,90,90,90,90,90,90,90,90,90,90,90,90,90,90],"relic_stats":{"Gremlin Horn":[13,13],"counters":[20,75],"Snecko Eye":[83,93,90,92],"Eternal Feather":21,"Tiny Chest":0,"War Paint":["champ:Defend","champ:DefensiveShout"],"obtain_stats":[{"Gremlin Horn":9,"Snecko Eye":17,"champ:ChampionCrown":0,"Eternal Feather":7,"Thread and Needle":25,"Tiny Chest":27,"War Paint":22,"Ancient Tea Set":24,"TungstenRod":4},{"Gremlin Horn":3,"Snecko Eye":9,"champ:ChampionCrown":0,"Eternal Feather":2,"Thread and Needle":13,"Tiny Chest":14,"War Paint":12,"Ancient Tea Set":12,"TungstenRod":1},{"Gremlin Horn":10,"Snecko Eye":30,"champ:ChampionCrown":0,"Eternal Feather":6,"Thread and Needle":47,"Tiny Chest":51,"War Paint":41,"Ancient Tea Set":41,"TungstenRod":3}],"TungstenRod":67},"card_choices":[{"not_picked":["champ:PerfectForm","champ:HoldFirm"],"picked":"champ:Improvising","floor":0},{"not_picked":["champ:BerserkersShout","champ:Backstep"],"picked":"champ:Haymaker","floor":2},{"not_picked":["champ:SwordSigil","champ:Encircle"],"picked":"champ:TornadoPunch","floor":5},{"not_picked":["champ:FocusedGladiator","champ:SwordSigil"],"picked":"champ:BladeFlurry","floor":9},{"not_picked":["champ:RapidStrikes","champ:FaceSlap"],"picked":"champ:GladiatorsShout","floor":11},{"not_picked":["champ:Encircle","champ:GutPunch"],"picked":"champ:DefensiveShout","floor":12},{"not_picked":["champ:DefensiveShout","champ:Circumvent"],"picked":"champ:SwordSigil","floor":13},{"not_picked":["champ:IronFortress","champ:RapidStrikes"],"picked":"champ:Riposte","floor":14},{"not_picked":["champ:EnchantSword","champ:GladiatorsShout"],"picked":"champ:StanceDance","floor":15},{"not_picked":["champ:ShieldThrow","champ:IgnorePain"],"picked":"champ:SteelEdge","floor":16},{"not_picked":["champ:RisingSlash","champ:AdrenalArmor","champ:Control"],"picked":"SKIP","floor":20},{"not_picked":["champ:FalseCounter","champ:StanceDance+1"],"picked":"champ:BladeFlurry","floor":21},{"not_picked":["champ:FocusedBerserking","champ:StanceDance"],"picked":"champ:Duel","floor":22},{"not_picked":["champ:BladeFlurry","champ:BerserkersShout"],"picked":"champ:Improvising","floor":25},{"not_picked":["champ:FocusedGladiator","champ:RecklessLeap+1","champ:ShieldWall"],"picked":"SKIP","floor":27},{"not_picked":["champ:RapidStrikes","champ:RageSigil+1","champ:CrookedStrike"],"picked":"SKIP","floor":28},{"not_picked":["champ:EnGarde","champ:TornadoPunch"],"picked":"champ:ShieldSigil","floor":29},{"not_picked":["champ:BerserkersShout","champ:Aggression+1","champ:Control"],"picked":"SKIP","floor":30},{"not_picked":["champ:ViciousMockery","champ:Backstep","champ:Encircle"],"picked":"SKIP","floor":31},{"not_picked":["champ:RageSigil","champ:PerfectedStrike"],"picked":"champ:VampiricStrike","floor":32}],"player_experience":1393265,"relics_obtained":[{"floor":7,"key":"Eternal Feather"},{"floor":9,"key":"Gremlin Horn"},{"floor":24,"key":"Ancient Tea Set"},{"floor":25,"key":"Thread and Needle"},{"floor":27,"key":"Tiny Chest"}],"event_choices":[{"damage_healed":0,"gold_gain":0,"player_choice":"Success","damage_taken":7,"relics_obtained":["TungstenRod"],"max_hp_gain":0,"max_hp_loss":0,"event_name":"Scrap Ooze","floor":4,"gold_loss":0},{"damage_healed":0,"gold_gain":0,"player_choice":"Grow","damage_taken":0,"max_hp_gain":0,"max_hp_loss":0,"event_name":"Living Wall","floor":8,"gold_loss":0,"cards_upgraded":["champ:TornadoPunch"]},{"damage_healed":0,"gold_gain":0,"player_choice":"Forge","damage_taken":0,"max_hp_gain":0,"max_hp_loss":0,"event_name":"Accursed Blacksmith","floor":23,"gold_loss":0,"cards_upgraded":["champ:Duel"]}],"is_beta":false,"boss_relics":[{"not_picked":["Philosopher\u0027s Stone","SacredBark"],"picked":"Snecko Eye"}],"items_purged_floors":[],"is_endless":false,"potions_floor_spawned":[11,12,15,16,25,27,29,30],"killed_by":"downfall:Ironclad","ascension_level":1}}