{"host":"qwv9nni2x0umspiu","time":1608608311,"event":{"mods":["BaseMod","Downfall","Minty Spire (QoL Compilation)","Replay The Spire","StSLib","The Hierophant","Wandering Minibosses"],"gold_per_floor":[111,111,181,181,197,197,236,236,260,283,300,324,399,53,53,11,11],"floor_reached":16,"playtime":414,"items_purged":[],"score":250,"play_id":"4f219cc1-9c7d-4823-b62e-60132a3af19e","local_time":"20201221193831","is_ascension_mode":true,"campfire_choices":[{"data":"hierophant:ChurchCoffers","floor":6,"key":"SMITH"},{"data":"hierophant:Punish","floor":8,"key":"SMITH"},{"floor":15,"key":"REST"}],"circlet_count":0,"master_deck":["AscendersBane","hierophant:Strike_Hierophant","hierophant:Strike_Hierophant","hierophant:Strike_Hierophant","hierophant:Strike_Hierophant","hierophant:Punish+1","hierophant:Defend_Hierophant","hierophant:Defend_Hierophant","hierophant:Defend_Hierophant","hierophant:Defend_Hierophant","hierophant:ChurchCoffers+1","hierophant:MirrorShield","hierophant:Shelter","hierophant:Alms","hierophant:Smite","hierophant:SealAway","hierophant:Community"],"relics":["hierophant:PropheticMaskRelic","NeowsBlessing","Replay:Bandana","Omamori","Tiny Chest","Toxic Egg 2"],"acts_visited":["Exordium"],"potions_floor_usage":[11,11,16],"damage_taken":[{"damage":0,"enemies":"Cultist","floor":1,"turns":1},{"damage":0,"enemies":"2 Louse","floor":5,"turns":1},{"damage":0,"enemies":"3 Sentries","floor":7,"turns":2},{"damage":5,"enemies":"Small Slimes","floor":10,"turns":2},{"damage":0,"enemies":"Exordium Wildlife","floor":11,"turns":3},{"damage":0,"enemies":"Lots of Slimes","floor":12,"turns":1},{"damage":52,"enemies":"Hexaghost","floor":16,"turns":10}],"seed_played":"-2444742985898006179","potions_obtained":[{"floor":1,"key":"Reflective Coating"},{"floor":3,"key":"SpeedPotion"},{"floor":3,"key":"Block Potion"},{"floor":12,"key":"Fire Potion"}],"is_trial":false,"path_per_floor":["M","$","?","?","M","R","E","R","T","M","M","M","?","$","R","B"],"character_chosen":"HIEROPHANT","items_purchased":["hierophant:Community","Toxic Egg 2"],"campfire_rested":1,"item_purchase_floors":[14,14],"current_hp_per_floor":[68,68,44,44,44,44,44,44,44,39,39,39,28,28,50,0,0],"gold":11,"neow_bonus":"THREE_ENEMY_KILL","is_daily":false,"chose_seed":false,"campfire_upgraded":2,"win_rate":0.0,"timestamp":1608608311,"path_taken":["M","$","?","?","M","R","E","R","T","M","M","M","?","$","R","BOSS"],"items_purchased_type":["Card","Relic"],"build_version":"2020-12-13","purchased_purges":0,"victory":false,"max_hp_per_floor":[75,75,75,75,75,75,75,75,75,75,75,75,75,75,75,75,75],"card_choices":[{"not_picked":["hierophant:SolarFlare","hierophant:Doomsaying"],"picked":"hierophant:MirrorShield","floor":1},{"not_picked":["hierophant:FieryStrike","hierophant:FlamingChariot"],"picked":"hierophant:Shelter","floor":3},{"not_picked":["hierophant:DisplayOfPower","hierophant:PassingBell"],"picked":"hierophant:Alms","floor":5},{"not_picked":["hierophant:OrnateBuckler","hierophant:ConvertCurrency","hierophant:FlamingChariot"],"picked":"SKIP","floor":7},{"not_picked":["hierophant:Remorse","hierophant:Encroach","hierophant:RustyCrate"],"picked":"SKIP","floor":10},{"not_picked":["hierophant:Alms","hierophant:Doomsaying"],"picked":"hierophant:Smite","floor":11},{"not_picked":["hierophant:MorningPrayer","hierophant:RustyCrate"],"picked":"hierophant:SealAway","floor":12}],"player_experience":1294386,"relics_obtained":[{"floor":3,"key":"Replay:Bandana"},{"floor":7,"key":"Omamori"},{"floor":9,"key":"Tiny Chest"}],"event_choices":[{"damage_healed":0,"gold_gain":0,"player_choice":"Ignored","damage_taken":0,"max_hp_gain":0,"max_hp_loss":0,"event_name":"Liars Game","floor":4,"gold_loss":0},{"damage_healed":0,"gold_gain":75,"player_choice":"Gather Gold","damage_taken":11,"max_hp_gain":0,"max_hp_loss":0,"event_name":"World of Goop","floor":13,"gold_loss":0}],"is_beta":false,"boss_relics":[],"items_purged_floors":[],"is_endless":false,"potions_floor_spawned":[1,5,12],"killed_by":"Hexaghost","ascension_level":20}}