{"host":"5j53u3d72gsce0fe","time":1608618805,"event":{"mods":["2.2 Compatiblity","AchievementEnabler","Aspiration","BaseMod","Beaked The Cultist","Better Altar","Better Match","Better Note","Better Sensory Stone","Better Skull","Better Third Choice","Better Vampires","Block Reminder","CCEM","Card Forge","Colored Map","Colored Powertips","Colorless Booster Pack","Conspire","Defuse TimeMaze Blight","Dio Mod","Dota2Spire","Downfall-Rebalance","Emptier Cage","Energized Spire","Friendly Minions","GifTheSpireLib","Hermit","HexUI Lib","Hubris","Humility","Infinite Spire","Marked Mod","Mimic Mod","Minty Spire (QoL Compilation)","Relic Filter","Replay The Spire","Retaliation","Shade Mod","Small Relic Pack","StSLib","Stuff the Spire","The Animator","The Bug Knight","Transform Curses","Unceasing Turn Reminder","???Mod??????Boss"],"gold_per_floor":[270,49,49,82,124,124,124,169,192,213,213,243,228,228],"floor_reached":13,"playtime":937,"items_purged":[],"score":89,"play_id":"f1864e2b-229a-49a9-b8a4-6f327728419c","local_time":"20201221223325","is_ascension_mode":true,"campfire_choices":[{"floor":6,"key":"RECALL"}],"circlet_count":0,"master_deck":["animator:Strike_Kancolle+1","animator:Defend_Kancolle+1","animator:Defend","animator:Defend","animator:Defend","animator:Shimakaze+1","animator:Souei+1","animator:TanyaDegurechaff+1","animator:Hibiki+1","animator:Kagari+1","animator:Sonic+1","animator:Sonic+1","animator:Lancer+1","animator:MetalKnight+1"],"relics":["animator:LivingPicture","animator:TheMissingPiece","Hammer of Thor","Seething Fire","Anvil of the Gods","animator:PurgingStone","NeowsBlessing","ReplayTheSpireMod:ShopPack","CCEMRelics:DissonantTune","Dota2Spire:OrchidMalevolence","conspire:BottledYoYo","CCEMRelics:Pendulum"],"acts_visited":["Exordium"],"potions_floor_usage":[4,13,13,13],"damage_taken":[{"damage":0,"enemies":"Small Slimes","floor":1,"turns":2},{"damage":0,"enemies":"Cultist","floor":4,"turns":1},{"damage":0,"enemies":"2 Louse","floor":5,"turns":2},{"damage":25,"enemies":"Lagavulin","floor":8,"turns":7},{"damage":18,"enemies":"Gremlin Gang","floor":10,"turns":6},{"damage":0,"enemies":"2 Fungi Beasts","floor":12,"turns":4},{"damage":29,"enemies":"Gremlin Nob","floor":13,"turns":3}],"seed_played":"-7894031387564483011","potions_obtained":[{"floor":1,"key":"Adrenaline Potion"},{"floor":4,"key":"PowerPotion"},{"floor":8,"key":"SkillPotion"},{"floor":11,"key":"Cursed Concoction"},{"floor":11,"key":"LiquidMemories"}],"is_trial":false,"path_per_floor":["M","$","?","M","M","R","T","E","T","M","?","M","E"],"character_chosen":"THE_ANIMATOR","items_purchased":["Fruit Juice","ReplayTheSpireMod:ShopPack"],"campfire_rested":0,"item_purchase_floors":[2,2],"current_hp_per_floor":[66,66,66,71,71,71,71,46,46,28,28,29,0,0],"gold":228,"neow_bonus":"THREE_ENEMY_KILL","is_daily":false,"chose_seed":false,"campfire_upgraded":0,"win_rate":0.0,"timestamp":1608618805,"path_taken":["M","$","?","M","?","R","?","E","T","?","?","M","E"],"items_purchased_type":["Potion","Relic"],"build_version":"2020-12-13","purchased_purges":0,"victory":false,"max_hp_per_floor":[66,66,66,71,71,71,71,71,71,71,71,72,72,72],"card_choices":[{"not_picked":["animator:TsurugaMeisai","animator:NarberalGamma"],"picked":"animator:Souei","floor":1},{"not_picked":["animator:HarukoHaruhara","animator:TakanashiRikka"],"picked":"animator:TanyaDegurechaff","floor":2},{"not_picked":["animator:Emilia","animator:MisakiNakahara"],"picked":"animator:Hibiki","floor":2},{"not_picked":["animator:Canti","animator:TakanashiRikka"],"picked":"animator:Kagari","floor":2},{"not_picked":["animator:Kuribayashi","animator:Shalltear"],"picked":"animator:Konayuki","floor":4},{"not_picked":["animator:Kaijin","animator:Verdia"],"picked":"animator:Sonic","floor":5},{"not_picked":["animator:Tatsumaki","animator:Geryuganshoop"],"picked":"animator:Sonic","floor":8},{"not_picked":["animator:Tatsumaki","animator:Viivi"],"picked":"animator:Lancer","floor":10},{"not_picked":["animator:RoyMustang","animator:DwarfShaman"],"picked":"animator:MetalKnight","floor":12}],"player_experience":1199331,"relics_obtained":[{"floor":7,"key":"Dota2Spire:OrchidMalevolence"},{"floor":8,"key":"conspire:BottledYoYo"},{"floor":9,"key":"CCEMRelics:Pendulum"}],"event_choices":[{"damage_healed":0,"gold_gain":0,"player_choice":"Gave Potion","damage_taken":0,"relics_obtained":["CCEMRelics:DissonantTune"],"max_hp_gain":0,"max_hp_loss":0,"event_name":"WeMeetAgain","floor":3,"gold_loss":0},{"damage_healed":0,"gold_gain":0,"player_choice":"Got Potions","damage_taken":0,"max_hp_gain":0,"max_hp_loss":0,"event_name":"Lab","floor":11,"gold_loss":0}],"is_beta":false,"boss_relics":[],"items_purged_floors":[],"is_endless":false,"potions_floor_spawned":[1,4,8],"killed_by":"Gremlin Nob","ascension_level":1}}