{"host":"mjmsgaxkb56jw5c5","time":1608660930,"event":{"mods":["Aspiration","BaseMod","Colored Powertips","Conspire","Downfall","Hubris","Minty Spire (QoL Compilation)","Replay The Spire","StSLib","The Jungle"],"gold_per_floor":[117,42,42,117,24,24,49,49,49,84,84,110,110,129,129,225,225,237,237,237,237,90,125,141,151,202,7,7,27,27,27,27,124,124,143,65,65,77,97,132,132,144,144,144,144,176,176,189,189,189],"floor_reached":51,"playtime":2340,"items_purged":["Strike_G","Decay"],"score":861,"play_id":"3d52976d-12f8-44a8-ad1e-fecac82ef121","local_time":"20201222191530","is_ascension_mode":true,"campfire_choices":[{"data":"Accuracy","floor":6,"key":"SMITH"},{"data":"Prepared","floor":8,"key":"SMITH"},{"data":"Neutralize","floor":11,"key":"SMITH"},{"data":"Hidden Blade","floor":13,"key":"SMITH"},{"data":"Underhanded Strike","floor":15,"key":"SMITH"},{"data":"Cloak And Dagger","floor":28,"key":"SMITH"},{"data":"Riddle With Holes","floor":32,"key":"SMITH"},{"floor":45,"key":"REST"},{"floor":47,"key":"REST"},{"floor":49,"key":"REST"}],"circlet_count":0,"master_deck":["Strike_G","Strike_G+1","Defend_G+1","Defend_G","Defend_G+1","Defend_G","Survivor","Neutralize+1","Accuracy+1","All Out Attack+1","Prepared+1","hubris:SlightOfHand+1","Underhanded Strike+1","Hidden Blade+1","Poisoned Stab+1","Wraith Form v2+1","Prepared+1","Cloak And Dagger+1","Tools of the Trade+1","Hidden Blade+1","Outmaneuver+1","J.A.X.","Riddle With Holes+1","Phantasmal Killer+1","Accuracy+1","Cloak And Dagger+1","Storm of Steel+1","conspire:DoublingDagger","conspire:DoublingDagger+1"],"relics":["Ring of the Snake","NeowsBlessing","aspiration:ChemicalBlood","aspiration:HummingbirdHeart","Golden Egg","War Paint","conspire:SpecialSausage","Bronze Scales","hubris:TenFootPole","hubris:ScarierMask","Whetstone","Replay:Bottled Snecko","Replay:Baseball","Ancient Tea Set"],"acts_visited":["Exordium","TheCity","TheBeyond"],"potions_floor_usage":[16,23,33,33,33,46,50,50,50,50,50],"damage_taken":[{"damage":0,"enemies":"2 Louse","floor":1,"turns":1},{"damage":0,"enemies":"3 Sentries","floor":7,"turns":1},{"damage":0,"enemies":"Lagavulin","floor":10,"turns":1},{"damage":19,"enemies":"Gremlin Nob","floor":12,"turns":5},{"damage":0,"enemies":"Jaw Worm","floor":14,"turns":3},{"damage":4,"enemies":"Hexaghost","floor":16,"turns":6},{"damage":6,"enemies":"3 Byrds","floor":18,"turns":5},{"damage":6,"enemies":"conspire:SneckoGhost","floor":23,"turns":9},{"damage":0,"enemies":"Chosen","floor":24,"turns":3},{"damage":0,"enemies":"Sentry and Sphere","floor":25,"turns":3},{"damage":4,"enemies":"Chosen and Byrds","floor":29,"turns":4},{"damage":51,"enemies":"Collector","floor":33,"turns":7},{"damage":3,"enemies":"3 Darklings","floor":35,"turns":3},{"damage":3,"enemies":"Orb Walker","floor":38,"turns":3},{"damage":29,"enemies":"Transient","floor":39,"turns":5},{"damage":5,"enemies":"Giant Head","floor":40,"turns":5},{"damage":36,"enemies":"Spire Growth","floor":42,"turns":4},{"damage":19,"enemies":"Reptomancer","floor":46,"turns":5},{"damage":3,"enemies":"Writhing Mass","floor":48,"turns":4},{"damage":35,"enemies":"Time Eater","floor":50,"turns":5}],"seed_played":"4712938201522736863","potions_obtained":[{"floor":1,"key":"conspire:TimeTravelPotion"},{"floor":14,"key":"Swift Potion"},{"floor":16,"key":"SteroidPotion"},{"floor":23,"key":"Strength Potion"},{"floor":33,"key":"FairyPotion"},{"floor":38,"key":"Strength Potion"}],"is_trial":false,"path_per_floor":["M","$","?","?","$","R","E","R","T","E","R","E","R","M","R","B",null,"M","?","?","?","$","E","M","M","T","$","R","M","?","?","R","B",null,"M","$","T","M","M","E","?","M","T","?","R","E","R","M","R","B",null],"character_chosen":"THE_SILENT","items_purchased":["Prepared","hubris:SlightOfHand+1","Prepared","Tools of the Trade","Hidden Blade","Accuracy"],"campfire_rested":3,"item_purchase_floors":[5,5,22,27,27,36],"current_hp_per_floor":[70,70,70,59,59,59,59,59,59,59,59,40,40,40,40,36,70,64,64,64,64,64,58,58,58,58,58,58,54,54,54,54,24,70,67,67,67,64,35,30,30,21,21,21,42,23,44,41,62,27],"gold":189,"neow_bonus":"THREE_ENEMY_KILL","is_daily":false,"chose_seed":false,"campfire_upgraded":7,"win_rate":0.0,"timestamp":1608660930,"path_taken":["M","$","?","?","?","R","E","R","T","E","R","E","R","M","R","BOSS","M","?","?","?","$","E","M","?","T","$","R","?","?","?","R","BOSS","M","$","?","M","M","E","?","M","T","?","R","E","R","M","R","BOSS"],"items_purchased_type":["Card","Card","Card","Card","Card","Card"],"build_version":"2020-12-13","purchased_purges":2,"victory":true,"max_hp_per_floor":[70,70,70,70,70,70,70,70,70,70,70,70,70,70,70,70,70,70,70,70,70,70,70,70,70,70,70,70,70,70,70,70,70,70,70,70,70,70,70,70,70,70,70,70,70,70,70,70,70,70],"card_choices":[{"not_picked":["Deadly Poison","Hidden Blade"],"picked":"Accuracy","floor":1},{"not_picked":["hubris:Counter","Prepared"],"picked":"Underhanded Strike","floor":7},{"not_picked":["Dagger Spray","hubris:SlightOfHand","Footwork"],"picked":"SKIP","floor":10},{"not_picked":["Dagger Spray","hubris:SlightOfHand","Footwork"],"picked":"SKIP","floor":10},{"not_picked":["hubris:SlightOfHand","Dodge and Roll"],"picked":"Hidden Blade","floor":12},{"not_picked":["Toxin Wave","Draining Mist"],"picked":"Poisoned Stab","floor":14},{"not_picked":["Unload","Bullet Time"],"picked":"Wraith Form v2","floor":16},{"not_picked":["Deadly Poison","Slice","Backflip"],"picked":"SKIP","floor":18},{"not_picked":["Dagger Spray","Flying Knee"],"picked":"Cloak And Dagger","floor":23},{"not_picked":["ReplayTheSpireMod:From All Sides","Fluid Movement","Dagger Spray"],"picked":"SKIP","floor":24},{"not_picked":["PiercingWail","ReplayTheSpireMod:Exploit Weakness","Dash"],"picked":"SKIP","floor":25},{"not_picked":["Quick Slash+1","Acrobatics"],"picked":"Outmaneuver+1","floor":29},{"not_picked":["Envenom","Wraith Form v2"],"picked":"Phantasmal Killer","floor":33},{"not_picked":["Replay:Poison Smokescreen+1","Draining Mist","Endless Agony+1"],"picked":"SKIP","floor":35},{"not_picked":["Underhanded Strike+1","Outmaneuver","Prepared"],"picked":"SKIP","floor":38},{"not_picked":["Bane+1","Flying Knee+1"],"picked":"Cloak And Dagger+1","floor":39},{"not_picked":["Riddle With Holes+1","Endless Agony"],"picked":"Storm of Steel","floor":40},{"not_picked":["Underhanded Strike+1","Tactician+1"],"picked":"conspire:DoublingDagger","floor":42},{"not_picked":["Underhanded Strike","Poison Darts","Deadly Poison+1"],"picked":"SKIP","floor":46},{"not_picked":["Quick Slash+1","Sneak Up"],"picked":"conspire:DoublingDagger+1","floor":48}],"player_experience":208593,"relics_obtained":[{"floor":7,"key":"aspiration:ChemicalBlood"},{"floor":9,"key":"aspiration:HummingbirdHeart"},{"floor":10,"key":"Golden Egg"},{"floor":12,"key":"War Paint"},{"floor":23,"key":"Bronze Scales"},{"floor":26,"key":"hubris:TenFootPole"},{"floor":37,"key":"Whetstone"},{"floor":40,"key":"Replay:Bottled Snecko"},{"floor":43,"key":"Replay:Baseball"},{"floor":46,"key":"Ancient Tea Set"}],"event_choices":[{"damage_healed":0,"gold_gain":75,"player_choice":"Gather Gold","damage_taken":11,"max_hp_gain":0,"max_hp_loss":0,"event_name":"World of Goop","floor":4,"gold_loss":0},{"damage_healed":0,"gold_gain":0,"player_choice":"Ignored","damage_taken":0,"max_hp_gain":0,"max_hp_loss":0,"event_name":"Vampires","floor":19,"gold_loss":0},{"damage_healed":0,"gold_gain":0,"player_choice":"Cursed","damage_taken":0,"max_hp_gain":0,"max_hp_loss":0,"event_name":"Wheel of Change","floor":21,"gold_loss":0,"cards_obtained":["Decay"]},{"damage_healed":0,"gold_gain":0,"player_choice":"Obtain J.A.X.","damage_taken":0,"max_hp_gain":0,"max_hp_loss":0,"event_name":"Drug Dealer","floor":30,"gold_loss":0,"cards_obtained":["J.A.X."]},{"damage_healed":0,"gold_gain":0,"player_choice":"1 cards matched","damage_taken":0,"max_hp_gain":0,"max_hp_loss":0,"event_name":"Match and Keep!","floor":31,"gold_loss":0,"cards_obtained":["Riddle With Holes"]},{"cards_removed":["Defend_G"],"damage_healed":0,"gold_gain":0,"player_choice":"Removed Skill","damage_taken":0,"max_hp_gain":0,"max_hp_loss":0,"event_name":"Falling","floor":41,"gold_loss":0},{"cards_removed":["Strike_G"],"damage_healed":0,"gold_gain":0,"player_choice":"Purged","damage_taken":0,"max_hp_gain":0,"max_hp_loss":0,"event_name":"Purifier","floor":44,"gold_loss":0}],"is_beta":false,"boss_relics":[{"not_picked":["aspiration:WatcherSkillbook","Ring of the Serpent"],"picked":"conspire:SpecialSausage"},{"not_picked":["aspiration:IroncladSkillbook","ChewingGum"],"picked":"hubris:ScarierMask"}],"items_purged_floors":[2,22],"is_endless":false,"potions_floor_spawned":[1,14,16,23,38,42,46],"ascension_level":2}}