{"host":"ix2a18c4ohfsrslv","time":1608661702,"event":{"mods":["BaseMod","Better Third Choice","Downfall","Minty Spire (QoL Compilation)","Replay The Spire","StSLib"],"gold_per_floor":[99,99,99,99,99,132,132,132,132,185,195,20,20,31,43,142,142,142,156,19,19,19,52,52,63,96,96,107,120,120,120,140,235,235,160,173,184,234,245,170,221,235,261,2,2,94,19,38,58,58,58,90,18,18,18,18,18],"floor_reached":55,"playtime":6690,"items_purged":["hexamod:Strike","hexamod:Sear"],"score":711,"play_id":"6f7c966e-ba23-47d1-9f65-ee08f1bfa0fa","local_time":"20201222102822","is_ascension_mode":true,"campfire_choices":[{"data":"hexamod:Float","floor":1,"key":"SMITH"},{"data":"hexamod:EmpoweringStance","floor":9,"key":"SMITH"},{"floor":13,"key":"REST"},{"data":"hexamod:HexaLevel","floor":18,"key":"SMITH"},{"floor":35,"key":"RECALL"},{"floor":40,"key":"REST"},{"data":"hexamod:ApocalypticArmor","floor":45,"key":"SMITH"},{"data":"hexamod:GhostflameInferno","floor":47,"key":"SMITH"},{"floor":54,"key":"REST"}],"circlet_count":0,"master_deck":["hexamod:Strike","hexamod:Strike","hexamod:Defend","hexamod:Defend","hexamod:Defend","hexamod:Float+1","hexamod:NightmareGuise","hexamod:HauntingEcho","hexamod:SpectersWail","hexamod:EmpoweringStance+1","hexamod:FastForward","hexamod:NightmareStrike","hexamod:GhostShield","hexamod:FastForward","hexamod:PhantomCloak","hexamod:GhostShield","hexamod:Rewind","hexamod:HexaLevel+1","hexamod:GhostLash","hexamod:PhantomCloak","hexamod:EmpoweredFlame","hexamod:PowerFromBeyond","hexamod:CatchUp","hexamod:GhostLash+1","hexamod:GhostflameInferno+1","Sickly","hexamod:ApocalypticArmor+1","AbeCurse","hexamod:GhostShield","expansioncontent:Collect","hexamod:PhantomCloak"],"relics":["hexamod:SpiritBrand","downfall:HeartsMalice","Replay:Wax Seal","Ornamental Fan","Gremlin Horn","Onion Ring","hexamod:IceCube","ReplayTheSpireMod:Lightbulb","Replay:Bottled Flurry","Lizard Tail","Potion Belt","Ring of Fury","Abe\u0027s Treasure","downfall:HeartBlessingGreen","Bird Faced Urn","downfall:HeartBlessingRed","Bag of Marbles","Simple Rune","Replay:Mystery Machine","downfall:HeartBlessingBlue","Mirror"],"acts_visited":["Exordium","TheCity","TheBeyond","TheEnding"],"potions_floor_usage":[16,26,29,29,33,38,44,50,52,55],"damage_taken":[{"damage":0,"enemies":"Jaw Worm","floor":2,"turns":1},{"damage":0,"enemies":"Cultist","floor":3,"turns":1},{"damage":0,"enemies":"2 Louse","floor":5,"turns":1},{"damage":35,"enemies":"Lagavulin","floor":6,"turns":7},{"damage":0,"enemies":"Large Slime","floor":11,"turns":6},{"damage":0,"enemies":"downfall:FleeingMerchant","floor":12,"turns":4},{"damage":1,"enemies":"Exordium Thugs","floor":14,"turns":5},{"damage":0,"enemies":"Blue Slaver","floor":15,"turns":3},{"damage":16,"enemies":"downfall:Ironclad","floor":16,"turns":9},{"damage":0,"enemies":"3 Byrds","floor":19,"turns":4},{"damage":0,"enemies":"downfall:FleeingMerchant","floor":20,"turns":4},{"damage":7,"enemies":"Book of Stabbing","floor":23,"turns":7},{"damage":0,"enemies":"Shell Parasite","floor":25,"turns":5},{"damage":6,"enemies":"Gremlin Leader","floor":26,"turns":5},{"damage":6,"enemies":"Snake Plant","floor":28,"turns":4},{"damage":26,"enemies":"Chosen and Byrds","floor":29,"turns":8},{"damage":1,"enemies":"Sentry and Sphere","floor":32,"turns":5},{"damage":5,"enemies":"downfall:Watcher","floor":33,"turns":8},{"damage":11,"enemies":"3 Darklings","floor":36,"turns":5},{"damage":4,"enemies":"Orb Walker","floor":37,"turns":3},{"damage":0,"enemies":"Mind Bloom Boss Battle","floor":38,"turns":6},{"damage":20,"enemies":"Spire Growth","floor":39,"turns":5},{"damage":0,"enemies":"4 Shapes","floor":42,"turns":4},{"damage":0,"enemies":"downfall:FleeingMerchant","floor":44,"turns":4},{"damage":0,"enemies":"downfall:FleeingMerchant","floor":46,"turns":3},{"damage":10,"enemies":"Maw","floor":48,"turns":7},{"damage":26,"enemies":"3 Darklings","floor":49,"turns":5},{"damage":41,"enemies":"downfall:Silent","floor":50,"turns":9},{"damage":85,"enemies":"downfall:CharBossMerchant","floor":52,"turns":10},{"damage":99,"enemies":"downfall:NeowBoss","floor":55,"turns":30}],"seed_played":"8005014770268969479","potions_obtained":[{"floor":6,"key":"FearPotion"},{"floor":11,"key":"ColorlessPotion"},{"floor":16,"key":"champ:CounterPotion"},{"floor":23,"key":"Fire Potion"},{"floor":29,"key":"Doom Potion"},{"floor":33,"key":"Weak Potion"},{"floor":36,"key":"Fire Potion"},{"floor":48,"key":"FearPotion"},{"floor":49,"key":"Block Potion"}],"is_trial":false,"path_per_floor":["R","M","M","?","M","E","T","T","R","?","M","$","R","M","M","B",null,"R","M","$","?","?","E","T","M","E","?","M","M","?","?","M","B",null,"R","M","M","?","M","R","T","M","T","$","R","$","R","M","M","B",null,"E","$","R","B"],"character_chosen":"THE_SPIRIT","items_purchased":["hexamod:PhantomCloak","hexamod:GhostShield","hexamod:PhantomCloak","Weak Potion","Simple Rune","Replay:Mystery Machine","expansioncontent:Collect","Toxic Potion"],"campfire_rested":3,"item_purchase_floors":[12,12,20,20,44,46,46,53],"current_hp_per_floor":[70,70,70,70,70,35,35,35,35,7,7,7,28,27,27,11,70,70,70,70,70,70,63,63,63,57,57,51,25,25,25,24,19,70,70,59,55,55,47,68,68,70,70,70,70,70,80,80,62,35,80,1,1,25,0,0,0],"gold":18,"neow_bonus":"THREE_ENEMY_KILL","is_daily":false,"chose_seed":false,"campfire_upgraded":5,"win_rate":0.0,"timestamp":1608661702,"path_taken":["R","M","M","?","?","E","T","?","R","?","M","$","R","M","M","BOSS","R","M","$","?","?","E","T","M","E","?","M","?","?","?","M","BOSS","R","M","M","?","M","R","T","M","?","$","R","$","R","?","M","BOSS","E","$","R","BOSS"],"items_purchased_type":["Card","Card","Card","Potion","Relic","Relic","Card","Potion"],"build_version":"2020-12-13","purchased_purges":2,"victory":false,"max_hp_per_floor":[70,70,70,70,70,70,70,70,70,70,70,70,70,70,70,70,70,70,70,70,70,70,70,70,70,70,70,70,70,70,70,70,70,70,70,70,70,70,70,70,70,70,70,70,70,70,80,80,80,80,80,80,80,80,80,80,80],"card_choices":[{"not_picked":["hexamod:SwordOfDarkness","hexamod:SpectersWail"],"picked":"hexamod:NightmareGuise","floor":2},{"not_picked":["hexamod:BurningTouch","hexamod:ShieldOfDarkness"],"picked":"hexamod:HauntingEcho","floor":3},{"not_picked":["hexamod:RetreatToShadows","hexamod:Hexaguard"],"picked":"hexamod:SpectersWail","floor":5},{"not_picked":["hexamod:NightmareGuise","hexamod:GhostOfSpirePresent"],"picked":"hexamod:EmpoweringStance","floor":6},{"not_picked":["hexamod:Firestarter","hexamod:HauntingEcho"],"picked":"hexamod:FastForward","floor":10},{"not_picked":["hexamod:GhostOfSpirePresent","hexamod:SwordOfDarkness"],"picked":"hexamod:NightmareStrike","floor":10},{"not_picked":["hexamod:HeatCrush","hexamod:NightmareGuise"],"picked":"hexamod:GhostShield","floor":11},{"not_picked":["hexamod:GhostflameBarrier","hexamod:SkipABeat"],"picked":"hexamod:FastForward","floor":12},{"not_picked":["hexamod:InspiringFlames","hexamod:HeatMetal","hexamod:AdvancingGuard"],"picked":"SKIP","floor":14},{"not_picked":["hexamod:SpectersWail","hexamod:GhostShield"],"picked":"hexamod:Rewind","floor":15},{"not_picked":["hexamod:SearingWound","hexamod:ApocalypticArmor"],"picked":"hexamod:HexaLevel","floor":16},{"not_picked":["hexamod:ExtraCrispy","hexamod:SuperheatedStrike"],"picked":"hexamod:GhostLash","floor":19},{"not_picked":["hexamod:Again","hexamod:BurningTouch","hexamod:SuperheatedStrike"],"picked":"SKIP","floor":20},{"not_picked":["hexamod:GhostShield","hexamod:RadiantFlame+1"],"picked":"hexamod:EmpoweredFlame","floor":23},{"not_picked":["hexamod:SpectralSpark","hexamod:SecondSeal"],"picked":"hexamod:PowerFromBeyond","floor":25},{"not_picked":["hexamod:StepThrough","hexamod:ExtraCrispy","hexamod:NightmareGuise"],"picked":"SKIP","floor":26},{"not_picked":["hexamod:PowerFromBeyond","hexamod:BacktrackSmack"],"picked":"hexamod:GhostLash+1","floor":28},{"not_picked":["hexamod:ShieldOfDarkness","hexamod:NightmareStrike+1"],"picked":"hexamod:GhostflameInferno","floor":29},{"not_picked":["hexamod:ThirdSeal","hexamod:Firestarter+1","hexamod:ShieldOfDarkness+1"],"picked":"SKIP","floor":32},{"not_picked":["hexamod:GhostflameInferno","hexamod:HexaLevel"],"picked":"hexamod:ApocalypticArmor","floor":33},{"not_picked":["hexamod:RainOfEmbers+1","hexamod:InspiringFlames","hexamod:ChargedBarrage+1"],"picked":"SKIP","floor":36},{"not_picked":["hexamod:SpectersWail+1","hexamod:GhostLash+1"],"picked":"hexamod:GhostShield","floor":37},{"not_picked":["hexamod:FastForward","hexamod:HauntingEcho+1","hexamod:RainOfEmbers"],"picked":"SKIP","floor":39},{"not_picked":["hexamod:SpectersWail","hexamod:GhostShield","hexamod:SearingWound"],"picked":"SKIP","floor":42},{"not_picked":["hexamod:AdvancingGuard+1","hexamod:NightmareGuise","hexamod:RainOfEmbers"],"picked":"SKIP","floor":44},{"not_picked":["hexamod:SearingWound","hexamod:NightmareStrike+1","hexamod:FirstSeal"],"picked":"SKIP","floor":46},{"not_picked":["hexamod:CatchUp+1","hexamod:NecessarySacrifice","hexamod:HauntingEcho"],"picked":"SKIP","floor":48},{"not_picked":["hexamod:BacktrackSmack+1","hexamod:SpectralAdrenaline","hexamod:RadiantFlame"],"picked":"SKIP","floor":49},{"not_picked":["hexamod:ApocalypseNow","hexamod:FlamesFromBeyond"],"picked":"hexamod:PhantomCloak","floor":52}],"player_experience":96479,"relics_obtained":[{"floor":6,"key":"Replay:Wax Seal"},{"floor":7,"key":"Ornamental Fan"},{"floor":8,"key":"Gremlin Horn"},{"floor":10,"key":"Onion Ring"},{"floor":23,"key":"Replay:Bottled Flurry"},{"floor":24,"key":"Lizard Tail"},{"floor":26,"key":"Potion Belt"},{"floor":30,"key":"Ring of Fury"},{"floor":38,"key":"Bird Faced Urn"},{"floor":43,"key":"Bag of Marbles"},{"floor":52,"key":"Mirror"}],"event_choices":[{"cards_removed":["hexamod:Defend"],"damage_healed":0,"gold_gain":0,"player_choice":"Offered Basic","damage_taken":0,"max_hp_gain":0,"max_hp_loss":0,"event_name":"Bonfire Elementals","floor":4,"gold_loss":0},{"damage_healed":0,"gold_gain":0,"player_choice":"Ignored","damage_taken":0,"max_hp_gain":0,"max_hp_loss":0,"event_name":"Vampires","floor":21,"gold_loss":0},{"damage_healed":0,"gold_gain":0,"cards_transformed":["hexamod:Strike"],"player_choice":"Transformed","damage_taken":0,"max_hp_gain":0,"max_hp_loss":0,"event_name":"Transmorgrifier","floor":27,"gold_loss":0,"cards_obtained":["hexamod:CatchUp"]},{"damage_healed":0,"gold_gain":0,"player_choice":"Simplicity","damage_taken":0,"max_hp_gain":0,"max_hp_loss":5,"event_name":"betterThird:BetterWriting","floor":31,"gold_loss":0}],"is_beta":false,"boss_relics":[{"not_picked":["Empty Cage","Philosopher\u0027s Stone"],"picked":"hexamod:IceCube"},{"not_picked":["Astrolabe","SacredBark"],"picked":"Abe\u0027s Treasure"}],"items_purged_floors":[12,44],"is_endless":false,"potions_floor_spawned":[6,11,16,23,25,29,33,36,48,49],"killed_by":"downfall:NeowBoss","ascension_level":1}}