{"host":"4b06nrmhsmzqjm1r","time":1608657929,"event":{"mods":["2.2 Compatiblity","AchievementEnabler","BaseMod","BetterRewards","Colored Map","Colored Powertips","Downfall","Hermit","Highlight Path","Marisa????????","Minty Spire (QoL Compilation)","StSLib","The Animator","The Cursed","The Hierophant","The Servant 0.9.4"],"gold_per_floor":[109,109,55,69,69,69,96,96,96,127,141,141,170,187,187,285,285,312,237,152,152,164,164,164,175,175,210,56,56,89,105,105,283,333,352,363,381,394,394,394,394,394,421,438,508,508,508,508],"floor_reached":47,"playtime":5907,"items_purged":["hermit:Defend_Hermit","hermit:Strike_Hermit"],"score":470,"play_id":"08cc9ef9-dea2-4426-a58c-199a4d7c6924","local_time":"20201222182529","is_ascension_mode":false,"campfire_choices":[{"floor":6,"key":"REST"},{"data":"hermit:CalledShot","floor":8,"key":"SMITH"},{"floor":12,"key":"RECALL"},{"floor":15,"key":"REST"},{"data":"hermit:BodyArmor","floor":23,"key":"SMITH"},{"data":"hermit:DeadOrAlive","floor":29,"key":"SMITH"},{"floor":32,"key":"REST"},{"data":"hermit:BigShot","floor":40,"key":"SMITH"},{"data":"hermit:Gestalt","floor":46,"key":"SMITH"}],"circlet_count":0,"master_deck":["hermit:Strike_Hermit","hermit:Defend_Hermit","hermit:Defend_Hermit","hermit:Snapshot","hermit:Covet","hermit:TakeAim+1","hermit:BodyArmor","hermit:Headshot","hermit:ItchyTrigger","hermit:Grudge","hermit:LuckOfTheDraw+1","hermit:CalledShot+1","hermit:BigShot+1","hermit:TrackingShot","hermit:Vantage","hermit:BodyArmor+1","hermit:DeadOrAlive+1","hermit:RoundhouseKick","hermit:Vantage","hermit:Glare","hermit:Gestalt+1","hermit:PistolWhip+1","hermit:CursedWeapon","hermit:DeadOrAlive","hermit:Ricochet","hermit:Snipe+1","hermit:Snipe","hermit:Grudge","expansioncontent:DashGenerateEvil","Pain"],"relics":["hermit:Momento","Vajra","Pantograph","Orichalcum","Lizard Tail","Mercury Hourglass","PreservedInsect","Busted Crown","Ornamental Fan","Kunai","Orrery","Tiny House","WarpedTongs","FossilizedHelix"],"acts_visited":["Exordium","TheCity","TheBeyond"],"potions_floor_usage":[10,13,18,22,25,33,33,35,36,37,47],"damage_taken":[{"damage":0,"enemies":"Small Slimes","floor":1,"turns":3},{"damage":0,"enemies":"Cultist","floor":4,"turns":2},{"damage":15,"enemies":"Lagavulin","floor":7,"turns":6},{"damage":5,"enemies":"Gremlin Nob","floor":10,"turns":5},{"damage":1,"enemies":"2 Louse","floor":11,"turns":2},{"damage":7,"enemies":"3 Sentries","floor":13,"turns":5},{"damage":6,"enemies":"2 Fungi Beasts","floor":14,"turns":3},{"damage":47,"enemies":"The Guardian","floor":16,"turns":10},{"damage":9,"enemies":"Shell Parasite","floor":18,"turns":4},{"damage":0,"enemies":"2 Thieves","floor":22,"turns":3},{"damage":5,"enemies":"Sentry and Sphere","floor":25,"turns":3},{"damage":3,"enemies":"Snake Plant","floor":27,"turns":4},{"damage":0,"enemies":"Centurion and Healer","floor":30,"turns":5},{"damage":12,"enemies":"Shelled Parasite and Fungi","floor":31,"turns":3},{"damage":67,"enemies":"Champ","floor":33,"turns":12},{"damage":51,"enemies":"3 Darklings","floor":35,"turns":4},{"damage":9,"enemies":"3 Shapes","floor":36,"turns":4},{"damage":28,"enemies":"Jaw Worm Horde","floor":37,"turns":4},{"damage":25,"enemies":"Sphere and 2 Shapes","floor":38,"turns":4},{"damage":2,"enemies":"Maw","floor":44,"turns":7},{"damage":15,"enemies":"2 Orb Walkers","floor":45,"turns":4},{"damage":55,"enemies":"Orin","floor":47,"turns":8}],"seed_played":"-3115125703002861851","potions_obtained":[{"floor":4,"key":"EssenceOfSteel"},{"floor":10,"key":"SpeedPotion"},{"floor":11,"key":"AttackPotion"},{"floor":16,"key":"Explosive Potion"},{"floor":22,"key":"DuplicationPotion"},{"floor":25,"key":"FairyPotion"},{"floor":27,"key":"Weak Potion"},{"floor":31,"key":"Ancient Potion"},{"floor":33,"key":"SneckoOil"},{"floor":34,"key":"Weak Potion"},{"floor":35,"key":"champ:CounterPotion"},{"floor":36,"key":"BlessingOfTheForge"}],"is_trial":false,"path_per_floor":["M","?","$","M","?","R","E","R","T","E","M","R","E","M","R","B",null,"M","?","?","?","M","R","?","M","T","M","$","R","M","M","R","B",null,"M","M","M","M","?","R","?","?","T","M","?","R","?"],"character_chosen":"HERMIT","items_purchased":["Vajra","hermit:TakeAim","hermit:BodyArmor","hermit:Headshot","Pantograph","hermit:ItchyTrigger","Orrery"],"campfire_rested":3,"item_purchase_floors":[0,0,0,0,0,3,28],"current_hp_per_floor":[40,40,40,40,40,62,47,47,47,42,41,41,34,28,50,28,75,66,66,66,66,66,66,66,61,61,58,58,58,58,46,68,8,80,29,20,24,40,70,70,70,70,70,68,53,53,0,0],"gold":508,"neow_bonus":"","is_daily":false,"chose_seed":false,"campfire_upgraded":5,"win_rate":0.0,"timestamp":1608657929,"path_taken":["M","?","$","?","?","R","E","R","T","E","M","R","E","M","R","BOSS","M","?","?","?","?","R","?","M","T","?","?","R","M","M","R","BOSS","M","M","?","?","?","R","?","?","T","?","?","R","?"],"items_purchased_type":["Relic","Card","Card","Card","Relic","Card","Relic"],"build_version":"2020-12-13","purchased_purges":2,"victory":false,"max_hp_per_floor":[75,75,75,75,75,75,75,75,75,75,75,75,75,75,75,75,75,75,75,75,75,75,75,75,75,75,75,75,75,75,75,75,75,80,80,80,80,80,70,70,70,70,70,70,70,70,70,70],"card_choices":[{"not_picked":["hermit:ShadowCloak","hermit:Glare","hermit:WideOpen"],"picked":"SKIP","floor":1},{"not_picked":["hermit:HoleUp","hermit:Brawl"],"picked":"hermit:Grudge","floor":4},{"not_picked":["hermit:PistolWhip","hermit:Brawl"],"picked":"hermit:CalledShot","floor":7},{"not_picked":["hermit:Adapt","hermit:Manifest"],"picked":"hermit:BigShot","floor":10},{"not_picked":["hermit:Headshot","hermit:Shortfuse"],"picked":"hermit:TrackingShot","floor":11},{"not_picked":["hermit:BigShot","hermit:Scavenge"],"picked":"hermit:Vantage","floor":13},{"not_picked":["hermit:HoleUp","hermit:Misfire"],"picked":"hermit:BodyArmor","floor":14},{"not_picked":["hermit:Dissolve","hermit:Adapt"],"picked":"hermit:DeadOrAlive","floor":16},{"not_picked":["hermit:Manifest"],"picked":"SKIP","floor":18},{"not_picked":["hermit:WideOpen"],"picked":"SKIP","floor":22},{"not_picked":["hermit:Brawl+1"],"picked":"SKIP","floor":25},{"not_picked":["hermit:Brawl+1"],"picked":"SKIP","floor":27},{"not_picked":[],"picked":"hermit:RoundhouseKick","floor":28},{"not_picked":[],"picked":"hermit:Vantage","floor":28},{"not_picked":[],"picked":"hermit:Glare","floor":28},{"not_picked":[],"picked":"hermit:Gestalt","floor":28},{"not_picked":[],"picked":"hermit:PistolWhip+1","floor":28},{"not_picked":[],"picked":"hermit:CursedWeapon","floor":30},{"not_picked":["hermit:DeadMansHand"],"picked":"SKIP","floor":31},{"not_picked":[],"picked":"hermit:DeadOrAlive","floor":33},{"not_picked":[],"picked":"hermit:Ricochet","floor":34},{"not_picked":[],"picked":"hermit:Snipe+1","floor":35},{"not_picked":[],"picked":"hermit:Snipe","floor":36},{"not_picked":["hermit:Spite"],"picked":"SKIP","floor":37},{"not_picked":[],"picked":"hermit:Grudge","floor":38},{"not_picked":[],"picked":"expansioncontent:DashGenerateEvil","floor":41},{"not_picked":["hermit:WideOpen+1"],"picked":"SKIP","floor":44}],"player_experience":213461,"relics_obtained":[{"floor":7,"key":"Lizard Tail"},{"floor":10,"key":"Mercury Hourglass"},{"floor":13,"key":"PreservedInsect"},{"floor":26,"key":"Kunai"},{"floor":45,"key":"FossilizedHelix"}],"event_choices":[{"cards_removed":["expansioncontent:Corrupt"],"damage_healed":0,"gold_gain":0,"player_choice":"Gave Card","damage_taken":0,"relics_obtained":["Orichalcum"],"max_hp_gain":0,"max_hp_loss":0,"event_name":"WeMeetAgain","floor":2,"gold_loss":0},{"damage_healed":0,"gold_gain":0,"cards_transformed":["hermit:Strike_Hermit"],"player_choice":"Change","damage_taken":0,"max_hp_gain":0,"max_hp_loss":0,"event_name":"Living Wall","floor":5,"gold_loss":0,"cards_obtained":["hermit:LuckOfTheDraw"]},{"cards_removed":["hermit:Defend_Hermit"],"damage_healed":0,"gold_gain":0,"player_choice":"Gave Gold","damage_taken":0,"max_hp_gain":0,"max_hp_loss":0,"event_name":"Beggar","floor":19,"gold_loss":75},{"damage_healed":0,"gold_gain":0,"player_choice":"Obtained Relic","damage_taken":0,"relics_obtained":["Ornamental Fan"],"max_hp_gain":0,"max_hp_loss":0,"event_name":"Addict","floor":20,"gold_loss":85},{"damage_healed":0,"gold_gain":0,"player_choice":"Upgraded","damage_taken":0,"max_hp_gain":0,"max_hp_loss":0,"event_name":"Upgrade Shrine","floor":21,"gold_loss":0,"cards_upgraded":["hermit:TakeAim"]},{"cards_removed":["hermit:Strike_Hermit"],"damage_healed":0,"gold_gain":0,"player_choice":"Offered Basic","damage_taken":0,"max_hp_gain":0,"max_hp_loss":0,"event_name":"Bonfire Elementals","floor":24,"gold_loss":0},{"damage_healed":70,"gold_gain":0,"player_choice":"Heal","damage_taken":0,"max_hp_gain":0,"max_hp_loss":10,"event_name":"The Moai Head","floor":39,"gold_loss":0},{"damage_healed":0,"gold_gain":0,"player_choice":"Memory 1","damage_taken":0,"max_hp_gain":0,"max_hp_loss":0,"event_name":"SensoryStone","floor":41,"gold_loss":0},{"damage_healed":0,"gold_gain":0,"player_choice":"Rummage","damage_taken":0,"relics_obtained":["WarpedTongs"],"max_hp_gain":0,"max_hp_loss":0,"event_name":"Accursed Blacksmith","floor":42,"gold_loss":0,"cards_obtained":["Pain"]},{"damage_healed":0,"gold_gain":0,"player_choice":"Fight","damage_taken":0,"max_hp_gain":0,"max_hp_loss":0,"event_name":"Mysterious Sphere","floor":45,"gold_loss":0},{"damage_healed":0,"gold_gain":0,"player_choice":"Fight","damage_taken":0,"max_hp_gain":0,"max_hp_loss":0,"event_name":"OrinTheCat","floor":47,"gold_loss":0}],"is_beta":false,"boss_relics":[{"not_picked":["Sozu","Ectoplasm"],"picked":"Busted Crown"},{"not_picked":["Snecko Eye","Velvet Choker"],"picked":"Tiny House"}],"items_purged_floors":[0,0],"is_endless":false,"potions_floor_spawned":[4,10,11,16,22,25,27,31,33,35,36],"killed_by":"Orin","ascension_level":0}}