{"host":"5fasz840ryq7obdf","time":1608681302,"event":{"mods":["AchievementEnabler","BaseMod","Bestiary","Better Altar","Better Skull","Better Third Choice","BetterRewards","Block Reminder","Colored Powertips","Curses Come First","Minty Spire (QoL Compilation)","Quick Restart","Relic Stats","Shop Mod","Spicy Shops","StSLib"],"gold_per_floor":[129,404,12,45,97,97,122,154,154,179,243,297,297,328,340,449,461,542,554,596,523,535,574,586,643,710,722,745,785,797,809,821,937,949,1026,1038,1094,1119,1180,1192,1244,1256,1268,1395,144,144,144,173,173,173],"floor_reached":51,"playtime":6733,"items_purged":["Injury","Regret","Strike_P"],"score":2140,"play_id":"0dc6989d-995a-4b40-8e1a-d42b82f538f4","local_time":"20201222235501","is_ascension_mode":true,"campfire_choices":[{"floor":6.0,"key":"REST"},{"data":"WaveOfTheHand","floor":15.0,"key":"SMITH"},{"data":"Eruption","floor":24.0,"key":"SMITH"},{"data":"CrushJoints","floor":32.0,"key":"SMITH"},{"data":"Adaptation","floor":40,"key":"SMITH"},{"floor":42,"key":"REST"},{"floor":49,"key":"REST"}],"circlet_count":0,"master_deck":["AscendersBane","Strike_P","Strike_P","Eruption+1","Vigilance+1","HandOfGreed","EmptyFist","CrushJoints+1","LikeWater","Consecrate","Consecrate","Crescendo","Collect","FlurryOfBlows","LikeWater","MentalFortress","Protect+1","Wallop","WaveOfTheHand+1","Scrawl","CrushJoints","Tantrum","Halt+1","DeusExMachina+1","SandsOfTime","Wish+1","TalkToTheHand","MasterReality","Meditate+1","FlyingSleeves","WheelKick+1","ClearTheMind+1","SandsOfTime+1","CrushJoints+1","Devotion","FlurryOfBlows+1","ConjureBlade+1","Evaluate+1","ReachHeaven+1","Study+1","ClearTheMind+1","CarveReality+1","Adaptation+1","Fasting2+1","TalkToTheHand+1","WaveOfTheHand+1","Omniscience+1","ClearTheMind+1","BattleHymn","DeceiveReality+1","Secret Technique+1","Good Instincts+1","WheelKick+1","Consecrate+1","Crescendo+1","Bandage Up+1","Apotheosis+1","Trip+1","Weave+1"],"relics":["PureWater","Membership Card","Frozen Eye","Happy Flower","Incense Burner","Vajra","Sling","Kunai","Orrery","Ornamental Fan","Matryoshka","Damaru","Mercury Hourglass","Meat on the Bone","Toxic Egg 2","War Paint","MawBank","Black Star","Prayer Wheel","Molten Egg 2","Art of War","Singing Bowl","Bronze Scales","Darkstone Periapt","Omamori","Lantern","Bag of Marbles","Astrolabe","TeardropLocket","Juzu Bracelet","InkBottle","Bottled Tornado","Toolbox","MealTicket","Blood Vial","Melange","Toy Ornithopter","FossilizedHelix","Anchor"],"acts_visited":["Exordium","TheCity","TheBeyond"],"potions_floor_usage":[39,41,44,50],"damage_taken":[{"damage":14.0,"enemies":"Jaw Worm","floor":1.0,"turns":6.0},{"damage":5.0,"enemies":"Cultist","floor":4.0,"turns":4.0},{"damage":5.0,"enemies":"2 Louse","floor":5.0,"turns":8.0},{"damage":4.0,"enemies":"Gremlin Nob","floor":7.0,"turns":3.0},{"damage":3.0,"enemies":"Looter","floor":8.0,"turns":2.0},{"damage":3.0,"enemies":"Lagavulin","floor":10.0,"turns":7.0},{"damage":0.0,"enemies":"Lagavulin Event","floor":11.0,"turns":2.0},{"damage":24.0,"enemies":"Gremlin Nob","floor":12.0,"turns":4.0},{"damage":14.0,"enemies":"3 Sentries","floor":14.0,"turns":6.0},{"damage":1.0,"enemies":"Hexaghost","floor":16.0,"turns":7.0},{"damage":18.0,"enemies":"Shell Parasite","floor":18.0,"turns":6.0},{"damage":18.0,"enemies":"2 Thieves","floor":20.0,"turns":4.0},{"damage":4.0,"enemies":"Book of Stabbing","floor":23.0,"turns":5.0},{"damage":29.0,"enemies":"Slavers","floor":25.0,"turns":5.0},{"damage":20.0,"enemies":"3 Cultists","floor":28.0,"turns":4.0},{"damage":5.0,"enemies":"Book of Stabbing","floor":29.0,"turns":5.0},{"damage":8.0,"enemies":"Automaton","floor":33.0,"turns":8.0},{"damage":7.0,"enemies":"3 Shapes","floor":35.0,"turns":4.0},{"damage":16.0,"enemies":"Orb Walker","floor":37.0,"turns":4.0},{"damage":2.0,"enemies":"Spire Growth","floor":38.0,"turns":3.0},{"damage":30,"enemies":"4 Shapes","floor":39,"turns":8},{"damage":17,"enemies":"Maw","floor":41,"turns":5},{"damage":23,"enemies":"Reptomancer","floor":44,"turns":6},{"damage":0,"enemies":"Giant Head","floor":48,"turns":6},{"damage":0,"enemies":"Donu and Deca","floor":50,"turns":6}],"seed_played":"5208077958308296156","potions_obtained":[{"floor":4.0,"key":"ColorlessPotion"},{"floor":5.0,"key":"Energy Potion"},{"floor":8.0,"key":"FearPotion"},{"floor":11.0,"key":"Fire Potion"},{"floor":25.0,"key":"FearPotion"},{"floor":29.0,"key":"AttackPotion"},{"floor":37.0,"key":"Fire Potion"},{"floor":39,"key":"SkillPotion"},{"floor":44,"key":"DuplicationPotion"}],"is_trial":false,"path_per_floor":["M","?","$","M","M","R","E","M","T","E","?","E","?","E","R","B",null,"M","?","M","?","?","E","R","E","T","?","M","E","?","$","R","B",null,"M","?","M","M","M","R","M","R","T","E","$","?","?","E","R","B",null],"character_chosen":"WATCHER","items_purchased":["Membership Card","Frozen Eye","Happy Flower","HandOfGreed","Incense Burner","EmptyFist","CrushJoints","Vajra","Sling","LikeWater","Kunai","Orrery","Ornamental Fan","MentalFortress","Protect","Bottled Tornado","BattleHymn","DeceiveReality+1","Secret Technique+1","Good Instincts+1","WheelKick+1","Toolbox","MealTicket","Blood Vial","Block Potion","Melange","Dexterity Potion","Consecrate+1","Toy Ornithopter","Crescendo+1"],"campfire_rested":3,"item_purchase_floors":[0,0,0,0,0,0,0,0,0,0,3,3,3,3,3,45,45,45,45,45,45,45,45,45,45,45,45,45,45,45],"current_hp_per_floor":[13,13,13,8,3,23,19,16,16,13,25,13,35,33,33,44,62,44,44,38,38,38,46,46,29,29,29,21,28,28,28,28,32,59,52,52,38,36,20,20,17,39,39,28,28,28,18,32,54,67],"gold":173,"neow_bonus":"","is_daily":false,"chose_seed":false,"campfire_upgraded":4,"win_rate":0.0,"timestamp":1608681301,"path_taken":["M","?","$","?","M","R","E","M","T","E","?","E","?","E","R","BOSS","M","?","M","?","?","E","R","E","T","?","?","E","?","$","R","BOSS","M","?","M","M","M","R","M","R","T","E","$","?","?","E","R","BOSS"],"items_purchased_type":["Relic","Relic","Relic","Card","Relic","Card","Card","Relic","Relic","Card","Relic","Relic","Relic","Card","Card","Relic","Card","Card","Card","Card","Card","Relic","Relic","Relic","Potion","Relic","Potion","Card","Relic","Card"],"build_version":"2020-12-13","purchased_purges":3,"victory":true,"max_hp_per_floor":[68,68,68,68,68,68,68,68,68,68,68,68,68,68,68,68,68,68,68,68,68,68,68,68,68,68,68,68,68,68,68,68,68,68,68,68,70,70,72,72,74,74,74,74,74,74,74,74,74,74],"relic_stats":{"Darkstone Periapt":0,"Happy Flower":[42],"Singing Bowl":6,"counters":[284,1217],"Astrolabe":["Evaluate","ReachHeaven","Study"],"Melange":[0],"Juzu Bracelet":1,"War Paint":["Vigilance","Protect"],"MawBank":372,"Mercury Hourglass":[414],"Blood Vial":4,"Ornamental Fan":[220],"Bronze Scales":[152],"Prayer Wheel":6,"MealTicket":0,"Black Star":5,"Art of War":[11],"Kunai":[42],"obtain_stats":[{"Whetstone":31,"Ginger":23,"Bottled Tornado":47,"Boot":47,"Sling":5,"Old Coin":5,"Blood Vial":24,"Sundial":42,"MealTicket":11,"HandDrill":0,"Kunai":0,"Pear":54,"Blue Candle":31,"Velvet Choker":17,"Eternal Feather":8,"Pen Nib":6,"Akabeko":9,"SlaversCollar":17,"Bird Faced Urn":0,"Unceasing Top":23,"Regal Pillow":25,"Lantern":9,"Singing Bowl":23,"Torii":12,"StoneCalendar":0,"Bag of Preparation":47,"Ancient Tea Set":20,"Smiling Mask":40,"Shovel":17,"Matryoshka":0,"Toolbox":0,"WingedGreaves":36,"InkBottle":31,"Potion Belt":0,"Lee\u0027s Waffle":0,"NeowsBlessing":0,"Golden Idol":10,"Damaru":22,"Thread and Needle":6,"PreservedInsect":47,"betterThird:NestCultRelic":19,"The Courier":41,"Omamori":40,"Frozen Egg 2":48,"MawBank":28,"Ornamental Fan":28,"Bloody Idol":21,"Orrery":0,"Turnip":40,"Art of War":26,"Bottled Lightning":43,"Toy Ornithopter":11,"Ice Cream":47,"Calipers":0,"Gremlin Horn":0,"CeramicFish":34,"Vajra":43,"Sozu":34,"Centennial Puzzle":39,"Lizard Tail":36,"HornCleat":43,"DollysMirror":36,"Strawberry":24,"Philosopher\u0027s Stone":34,"Prayer Wheel":31,"Toxic Egg 2":8,"Girya":47,"Happy Flower":38,"Astrolabe":17,"Dead Branch":14,"Oddly Smooth Stone":6,"Letter Opener":6,"War Paint":44,"Question Card":17,"Du-Vu Doll":27,"OrangePellets":0,"Bottled Flame":47,"Shuriken":0,"Bronze Scales":37,"Molten Egg 2":14,"Black Star":17,"Meat on the Bone":0,"Pocketwatch":17,"Darkstone Periapt":25,"Melange":45,"Mango":43,"Yang":0,"Incense Burner":17,"Juzu Bracelet":23,"TeardropLocket":42,"Empty Cage":17,"Frozen Eye":0,"Nunchaku":4,"Dream Catcher":29,"TheAbacus":20,"Mummified Hand":26,"Gambling Chip":8,"Pantograph":34,"Tiny Chest":8,"Red Mask":44,"Runic Pyramid":17,"Orichalcum":9,"White Beast Statue":9,"Mercury Hourglass":28,"Calling Bell":34,"Peace Pipe":21,"Cauldron":2,"Strange Spoon":5,"Anchor":22,"CaptainsWheel":48,"HolyWater":34,"Bag of Marbles":46,"Membership Card":0,"PureWater":0,"TungstenRod":0,"FossilizedHelix":48},{"Whetstone":62,"Ginger":253,"Bottled Tornado":186,"Boot":71,"Sling":76,"Old Coin":105,"Blood Vial":35,"Sundial":70,"MealTicket":30,"HandDrill":23,"Kunai":47,"Pear":189,"Blue Candle":15,"Velvet Choker":250,"Eternal Feather":52,"Pen Nib":27,"Akabeko":4,"SlaversCollar":171,"Bird Faced Urn":23,"Unceasing Top":85,"Regal Pillow":36,"Lantern":52,"Singing Bowl":35,"Torii":249,"StoneCalendar":130,"Bag of Preparation":71,"Ancient Tea Set":112,"Smiling Mask":182,"Shovel":223,"Matryoshka":241,"Toolbox":73,"WingedGreaves":153,"InkBottle":231,"Potion Belt":23,"Lee\u0027s Waffle":102,"NeowsBlessing":0,"Golden Idol":167,"Damaru":34,"Thread and Needle":136,"PreservedInsect":21,"betterThird:NestCultRelic":112,"The Courier":122,"Omamori":20,"Frozen Egg 2":158,"MawBank":60,"Ornamental Fan":87,"Bloody Idol":57,"Orrery":130,"Turnip":43,"Art of War":36,"Bottled Lightning":237,"Toy Ornithopter":53,"Ice Cream":71,"Calipers":130,"Gremlin Horn":102,"CeramicFish":40,"Vajra":70,"Sozu":151,"Centennial Puzzle":42,"Lizard Tail":120,"HornCleat":44,"DollysMirror":41,"Strawberry":12,"Philosopher\u0027s Stone":16,"Prayer Wheel":89,"Toxic Egg 2":29,"Girya":127,"Happy Flower":18,"Astrolabe":32,"Dead Branch":198,"Oddly Smooth Stone":77,"Letter Opener":3,"War Paint":45,"Question Card":55,"Du-Vu Doll":147,"OrangePellets":130,"Bottled Flame":186,"Shuriken":130,"Bronze Scales":92,"Molten Egg 2":6,"Black Star":82,"Meat on the Bone":23,"Pocketwatch":142,"Darkstone Periapt":59,"Melange":282,"Mango":20,"Yang":73,"Incense Burner":55,"Juzu Bracelet":202,"TeardropLocket":156,"Empty Cage":7,"Frozen Eye":259,"Nunchaku":1,"Dream Catcher":38,"TheAbacus":57,"Mummified Hand":12,"Gambling Chip":4,"Pantograph":40,"Tiny Chest":107,"Red Mask":20,"Runic Pyramid":111,"Orichalcum":29,"White Beast Statue":167,"Mercury Hourglass":14,"Calling Bell":40,"Peace Pipe":225,"Cauldron":133,"Strange Spoon":165,"Anchor":57,"CaptainsWheel":214,"HolyWater":63,"Bag of Marbles":71,"Membership Card":23,"PureWater":0,"TungstenRod":47,"FossilizedHelix":283},{"Whetstone":265,"Ginger":1069,"Bottled Tornado":809,"Boot":312,"Sling":329,"Old Coin":452,"Blood Vial":136,"Sundial":307,"MealTicket":111,"HandDrill":89,"Kunai":199,"Pear":824,"Blue Candle":52,"Velvet Choker":1056,"Eternal Feather":215,"Pen Nib":100,"Akabeko":12,"SlaversCollar":748,"Bird Faced Urn":89,"Unceasing Top":360,"Regal Pillow":142,"Lantern":215,"Singing Bowl":136,"Torii":1051,"StoneCalendar":563,"Bag of Preparation":312,"Ancient Tea Set":476,"Smiling Mask":791,"Shovel":945,"Matryoshka":1028,"Toolbox":320,"WingedGreaves":664,"InkBottle":977,"Potion Belt":89,"Lee\u0027s Waffle":444,"NeowsBlessing":0,"Golden Idol":731,"Damaru":133,"Thread and Needle":577,"PreservedInsect":82,"betterThird:NestCultRelic":476,"The Courier":517,"Omamori":77,"Frozen Egg 2":694,"MawBank":250,"Ornamental Fan":368,"Bloody Idol":235,"Orrery":563,"Turnip":176,"Art of War":142,"Bottled Lightning":1007,"Toy Ornithopter":219,"Ice Cream":312,"Calipers":563,"Gremlin Horn":444,"CeramicFish":163,"Vajra":307,"Sozu":655,"Centennial Puzzle":171,"Lizard Tail":507,"HornCleat":183,"DollysMirror":168,"Strawberry":43,"Philosopher\u0027s Stone":59,"Prayer Wheel":377,"Toxic Egg 2":107,"Girya":541,"Happy Flower":65,"Astrolabe":123,"Dead Branch":868,"Oddly Smooth Stone":333,"Letter Opener":3,"War Paint":188,"Question Card":227,"Du-Vu Doll":628,"OrangePellets":563,"Bottled Flame":809,"Shuriken":563,"Bronze Scales":392,"Molten Egg 2":20,"Black Star":347,"Meat on the Bone":89,"Pocketwatch":600,"Darkstone Periapt":245,"Melange":1205,"Mango":77,"Yang":320,"Incense Burner":227,"Juzu Bracelet":890,"TeardropLocket":683,"Empty Cage":27,"Frozen Eye":1093,"Nunchaku":1,"Dream Catcher":152,"TheAbacus":235,"Mummified Hand":43,"Gambling Chip":12,"Pantograph":163,"Tiny Chest":459,"Red Mask":77,"Runic Pyramid":473,"Orichalcum":107,"White Beast Statue":731,"Mercury Hourglass":50,"Calling Bell":163,"Peace Pipe":951,"Cauldron":569,"Strange Spoon":725,"Anchor":235,"CaptainsWheel":911,"HolyWater":272,"Bag of Marbles":312,"Membership Card":89,"PureWater":0,"TungstenRod":199,"FossilizedHelix":1211}],"InkBottle":[7],"Toy Ornithopter":5,"Meat on the Bone":168},"card_choices":[{"not_picked":["EmptyFist","Evaluate"],"picked":"Consecrate","floor":1.0},{"not_picked":["ForeignInfluence","EmptyFist"],"picked":"Consecrate","floor":3.0},{"not_picked":["EmptyFist","ClearTheMind"],"picked":"Crescendo","floor":3.0},{"not_picked":["Crescendo","Wireheading"],"picked":"Collect","floor":3.0},{"not_picked":["CutThroughFate","ClearTheMind"],"picked":"FlurryOfBlows","floor":3.0},{"not_picked":["Consecrate","Vengeance"],"picked":"LikeWater","floor":3.0},{"not_picked":["ClearTheMind","WindmillStrike"],"picked":"Wallop","floor":4.0},{"not_picked":["EmptyFist","EmptyBody"],"picked":"WaveOfTheHand","floor":5.0},{"not_picked":["ThirdEye","Evaluate"],"picked":"Scrawl","floor":7.0},{"not_picked":["FlyingSleeves","Protect"],"picked":"CrushJoints","floor":8.0},{"not_picked":["ThirdEye","Halt"],"picked":"Tantrum","floor":10.0},{"not_picked":["Nirvana","SashWhip"],"picked":"Halt+1","floor":11.0},{"not_picked":["Evaluate+1","Perseverance+1"],"picked":"DeusExMachina+1","floor":12.0},{"not_picked":["Evaluate+1","PathToVictory+1"],"picked":"SandsOfTime","floor":14.0},{"not_picked":["Devotion","Vault+1"],"picked":"Wish+1","floor":16.0},{"not_picked":["SandsOfTime","BowlingBash"],"picked":"TalkToTheHand","floor":18.0},{"not_picked":["SashWhip","Consecrate"],"picked":"FlyingSleeves","floor":20.0},{"not_picked":["FollowUp+1","PathToVictory+1"],"picked":"WheelKick+1","floor":23.0},{"not_picked":["PathToVictory+1","FlyingSleeves+1"],"picked":"ClearTheMind+1","floor":25.0},{"not_picked":["FlyingSleeves+1","CutThroughFate+1"],"picked":"SandsOfTime+1","floor":28.0},{"not_picked":["Meditate+1","WreathOfFlame+1"],"picked":"CrushJoints+1","floor":28.0},{"not_picked":["TalkToTheHand+1","Halt+1"],"picked":"Devotion","floor":29.0},{"not_picked":["Blasphemy+1","SpiritShield+1"],"picked":"ConjureBlade+1","floor":33.0},{"not_picked":["FollowUp+1","FlyingSleeves+1"],"picked":"ClearTheMind+1","floor":35.0},{"not_picked":["Consecrate+1","WheelKick+1"],"picked":"CarveReality+1","floor":35.0},{"not_picked":["WheelKick+1","Halt+1","FollowUp+1"],"picked":"Singing Bowl","floor":37.0},{"not_picked":["BowlingBash+1","WaveOfTheHand+1"],"picked":"Adaptation","floor":37.0},{"not_picked":["Swivel+1","DeusExMachina+1"],"picked":"Fasting2+1","floor":38.0},{"not_picked":["Wallop+1","EmptyFist+1"],"picked":"TalkToTheHand+1","floor":38.0},{"not_picked":["PathToVictory+1","Consecrate+1"],"picked":"WaveOfTheHand+1","floor":39},{"not_picked":["SandsOfTime+1","EmptyFist+1","FollowUp+1"],"picked":"Singing Bowl","floor":39},{"not_picked":["PathToVictory+1","CrushJoints+1","Crescendo+1"],"picked":"Singing Bowl","floor":41},{"not_picked":["EmptyFist+1","FlyingSleeves+1"],"picked":"Omniscience+1","floor":41},{"not_picked":["BowlingBash+1","SandsOfTime+1"],"picked":"ClearTheMind+1","floor":44},{"not_picked":["Dramatic Entrance+1","Swift Strike+1"],"picked":"Bandage Up+1","floor":47},{"not_picked":["Metamorphosis+1","Bandage Up+1"],"picked":"Apotheosis+1","floor":47},{"not_picked":["Transmutation+1","Forethought+1"],"picked":"Trip+1","floor":47},{"not_picked":["SandsOfTime+1","Study"],"picked":"Weave+1","floor":48}],"player_experience":952656,"relics_obtained":[{"floor":7.0,"key":"Matryoshka"},{"floor":9.0,"key":"Damaru"},{"floor":9.0,"key":"Mercury Hourglass"},{"floor":10.0,"key":"Meat on the Bone"},{"floor":11.0,"key":"Toxic Egg 2"},{"floor":12.0,"key":"War Paint"},{"floor":14.0,"key":"MawBank"},{"floor":23.0,"key":"Molten Egg 2"},{"floor":23.0,"key":"Art of War"},{"floor":25.0,"key":"Singing Bowl"},{"floor":25.0,"key":"Bronze Scales"},{"floor":26.0,"key":"Darkstone Periapt"},{"floor":26.0,"key":"Omamori"},{"floor":29.0,"key":"Lantern"},{"floor":29.0,"key":"Bag of Marbles"},{"floor":43,"key":"TeardropLocket"},{"floor":44,"key":"Juzu Bracelet"},{"floor":44,"key":"InkBottle"},{"floor":48,"key":"FossilizedHelix"},{"floor":48,"key":"Anchor"}],"event_choices":[{"damage_healed":0.0,"max_hp_gain":0.0,"max_hp_loss":0.0,"gold_gain":275.0,"event_name":"Golden Shrine","player_choice":"Desecrate","floor":2.0,"gold_loss":0.0,"damage_taken":0.0,"cards_obtained":["Regret"]},{"damage_healed":0.0,"max_hp_gain":0.0,"max_hp_loss":0.0,"gold_gain":30.0,"event_name":"Dead Adventurer","player_choice":"Searched \u00272\u0027 times","floor":11.0,"gold_loss":0.0,"damage_taken":0.0},{"damage_healed":22.0,"max_hp_gain":0.0,"max_hp_loss":0.0,"gold_gain":0.0,"event_name":"Big Fish","player_choice":"Banana","floor":13.0,"gold_loss":0.0,"damage_taken":0.0},{"damage_healed":0.0,"max_hp_gain":0.0,"max_hp_loss":0.0,"gold_gain":0.0,"cards_transformed":["Defend_P","Defend_P"],"event_name":"Drug Dealer","player_choice":"Became Test Subject","floor":19.0,"gold_loss":0.0,"damage_taken":0.0,"cards_obtained":["MasterReality","Meditate"]},{"damage_healed":0.0,"max_hp_gain":0.0,"max_hp_loss":0.0,"gold_gain":0.0,"event_name":"Addict","player_choice":"Obtained Relic","floor":21.0,"gold_loss":85.0,"damage_taken":0.0,"relics_obtained":["Prayer Wheel"]},{"damage_healed":0.0,"max_hp_gain":0.0,"max_hp_loss":0.0,"gold_gain":0.0,"event_name":"Cursed Tome","player_choice":"Ignored","floor":22.0,"gold_loss":0.0,"damage_taken":0.0},{"damage_healed":0.0,"max_hp_gain":0.0,"max_hp_loss":0.0,"gold_gain":0.0,"event_name":"Ghosts","player_choice":"Ignored","floor":27.0,"gold_loss":0.0,"damage_taken":0.0},{"damage_healed":0.0,"max_hp_gain":0.0,"max_hp_loss":0.0,"gold_gain":0.0,"event_name":"The Library","player_choice":"Read","floor":30.0,"gold_loss":0.0,"damage_taken":0.0,"cards_obtained":["FlurryOfBlows"]},{"damage_healed":0.0,"max_hp_gain":0.0,"max_hp_loss":0.0,"gold_gain":0.0,"event_name":"Tomb of Lord Red Mask","player_choice":"Ignored","floor":36.0,"gold_loss":0.0,"damage_taken":0.0},{"damage_healed":0,"gold_gain":0,"player_choice":"Got Potions","damage_taken":0,"max_hp_gain":0,"max_hp_loss":0,"event_name":"Lab","floor":46,"gold_loss":0},{"damage_healed":0,"gold_gain":0,"player_choice":"Memory 3","damage_taken":10,"max_hp_gain":0,"max_hp_loss":0,"event_name":"SensoryStone","floor":47,"gold_loss":0}],"is_beta":false,"boss_relics":[{"not_picked":["Busted Crown","VioletLotus"],"picked":"Black Star"},{"not_picked":["Tiny House","HolyWater"],"picked":"Astrolabe"}],"items_purged_floors":[0,45,45],"is_endless":false,"potions_floor_spawned":[4,5,8,11,25,29,33,37,39,44],"ascension_level":17}}