{"host":"ywif2ugnepgiw45s","time":1608600214,"event":{"mods":["Act Like it!","BaseMod","Better Skull","Downfall","Elementarium","GifTheSpireLib","Hermit","Lobotomy","Marisa????????","Minty Spire (QoL Compilation)","READ ME - Guardian Mod","Shade Mod","Shop Mod","StSLib","The Cursed","The Jungle","The Runesmith"],"gold_per_floor":[115,127,146,146,221,221,246,246,293,324,324,367,367,391,391,391,391],"floor_reached":16,"playtime":389,"items_purged":[],"score":124,"play_id":"1cb76e93-578a-4f9c-913a-b81349377d0e","local_time":"20201221202334","is_ascension_mode":true,"campfire_choices":[{"data":"hermit:Covet","floor":6,"key":"SMITH"},{"data":"hermit:Misfire","floor":8,"key":"SMITH"},{"floor":13,"key":"REST"},{"data":"hermit:Determination","floor":15,"key":"SMITH"}],"circlet_count":0,"master_deck":["hermit:Strike_Hermit","hermit:Strike_Hermit","hermit:Strike_Hermit","hermit:Strike_Hermit","hermit:Defend_Hermit","hermit:Defend_Hermit","hermit:Defend_Hermit","hermit:Defend_Hermit","hermit:Snapshot","hermit:Covet+1","hermit:Misfire+1","hermit:ShadowCloak","Injury","hermit:Brawl","hermit:Determination+1"],"relics":["hermit:Momento","Boot","Nunchaku","Ancient Tea Set","Bag of Marbles","Golden Idol","MealTicket"],"acts_visited":["Exordium"],"potions_floor_usage":[7,16],"damage_taken":[{"damage":1,"enemies":"Cultist","floor":1,"turns":4},{"damage":2,"enemies":"Small Slimes","floor":2,"turns":3},{"damage":0,"enemies":"2 Louse","floor":3,"turns":2},{"damage":20,"enemies":"Gremlin Nob","floor":7,"turns":4},{"damage":24,"enemies":"3 Sentries","floor":10,"turns":8},{"damage":14,"enemies":"Gremlin Nob","floor":12,"turns":4},{"damage":1,"enemies":"2 Fungi Beasts","floor":14,"turns":3},{"damage":33,"enemies":"Hexaghost","floor":16,"turns":9}],"seed_played":"7380941243177599784","potions_obtained":[{"floor":2,"key":"Weak Potion"},{"floor":10,"key":"SkillPotion"}],"is_trial":false,"path_per_floor":["M","M","M","?","?","R","E","R","T","E","?","E","R","M","R","B"],"character_chosen":"HERMIT","items_purchased":[],"campfire_rested":1,"item_purchase_floors":[],"current_hp_per_floor":[74,72,72,77,66,66,46,46,46,22,22,8,32,31,31,0,0],"gold":391,"neow_bonus":"RANDOM_COMMON_RELIC","is_daily":false,"chose_seed":false,"campfire_upgraded":3,"win_rate":0.0,"timestamp":1608600214,"path_taken":["M","M","?","?","?","R","E","R","T","E","?","E","R","M","R","BOSS"],"items_purchased_type":[],"build_version":"2020-12-13","purchased_purges":0,"victory":false,"max_hp_per_floor":[75,75,75,80,80,80,80,80,80,80,80,80,80,80,80,80,80],"card_choices":[{"not_picked":["hermit:BodyArmor","hermit:CalledShot","hermit:Vantage"],"picked":"SKIP","floor":1},{"not_picked":["hermit:CalledShot","hermit:Vantage","hermit:Feint"],"picked":"SKIP","floor":2},{"not_picked":["hermit:Desperado","hermit:Vantage","hermit:BodyArmor"],"picked":"SKIP","floor":3},{"not_picked":["hermit:Glare","hermit:Spite"],"picked":"hermit:Misfire","floor":7},{"not_picked":["hermit:Magnum","hermit:Ricochet"],"picked":"hermit:ShadowCloak","floor":10},{"not_picked":["hermit:Magnum","hermit:LowProfile"],"picked":"hermit:Brawl","floor":12},{"not_picked":["hermit:Headshot","hermit:SprayPray"],"picked":"hermit:Determination","floor":14}],"player_experience":1612591,"relics_obtained":[{"floor":7,"key":"Nunchaku"},{"floor":9,"key":"Ancient Tea Set"},{"floor":10,"key":"Bag of Marbles"},{"floor":12,"key":"MealTicket"}],"event_choices":[{"damage_healed":0,"gold_gain":0,"player_choice":"Donut","damage_taken":0,"max_hp_gain":5,"max_hp_loss":0,"event_name":"Big Fish","floor":4,"gold_loss":0},{"damage_healed":0,"gold_gain":75,"player_choice":"Gather Gold","damage_taken":11,"max_hp_gain":0,"max_hp_loss":0,"event_name":"World of Goop","floor":5,"gold_loss":0},{"damage_healed":0,"gold_gain":0,"player_choice":"Take Wound","damage_taken":0,"relics_obtained":["Golden Idol"],"max_hp_gain":0,"max_hp_loss":0,"event_name":"Golden Idol","floor":11,"gold_loss":0,"cards_obtained":["Injury"]}],"is_beta":false,"boss_relics":[],"items_purged_floors":[],"is_endless":false,"potions_floor_spawned":[2,10],"killed_by":"Hexaghost","ascension_level":1}}