{"host":"j1eo1fqrqta44853","time":1608667056,"event":{"mods":["Act Like it!","BaseMod","CatGirl Mod","Custom Start","Downfall","Elementarium","Gensokyo","GungeonMod","HololiveMod","Hubris","Infinite Spire","Lobotomy","LobotomyExtend","Marisa????????","Minty Spire (QoL Compilation)","Pale of the Ancients","Rare Cards Sparkle","Replay The Spire","SIMod","Shedinja","StSLib","The Jungle","The Mystic","The Runesmith","The Vixen","TheBandit","Waifu the Spire"],"gold_per_floor":[99,99,99,22,34,46,46,46,46,46,31,31,45,62,72,168,168,168,182,197,197,2,22,47,57,68,68,99,184,184,1,17,119,119,119,130,140,160,175,175,175,15,33,33,33,64,64,16,34,34],"floor_reached":51,"playtime":9560,"items_purged":["Regret","Delirium"],"score":689,"play_id":"afb9bff5-939a-43de-875f-d5bd1fea4d70","local_time":"20201222135736","is_ascension_mode":false,"campfire_choices":[{"data":"Guardian:TwinSlam","floor":1.0,"key":"SMITH"},{"data":"Guardian:PiercingHide","floor":10.0,"key":"SMITH"},{"data":"Guardian:CurlUp","floor":12.0,"key":"SMITH"},{"data":"Guardian:DonusPower","floor":18.0,"key":"SMITH"},{"data":"Guardian:BronzeArmor","floor":27,"key":"SMITH"},{"data":"Guardian:DecasProtection","floor":30,"key":"SMITH"},{"data":"Guardian:SpikerProtocol","floor":35,"key":"SMITH"},{"data":"Guardian:TimeBomb","floor":40,"key":"SMITH"},{"data":"Guardian:BronzeOrb","floor":44,"key":"SMITH"},{"data":"Guardian:SpikerProtocol","floor":47,"key":"SMITH"}],"circlet_count":0,"master_deck":["Guardian:Strike_Guardian","Guardian:Strike_Guardian","Guardian:Strike_Guardian","Guardian:Strike_Guardian+1","Guardian:Defend_Guardian","Guardian:Defend_Guardian+1","Guardian:Defend_Guardian","Guardian:Defend_Guardian","Guardian:CurlUp+1","Guardian:TwinSlam+1","Guardian:PiercingHide+1","Guardian:TemporalShield+1","Guardian:ChargeCore","Guardian:Recover","Guardian:DonusPower+1","Guardian:SphericShield","Guardian:BronzeOrb+1","Guardian:ExploitGems","CurseOfTheBell","Guardian:SpikerProtocol+1","Guardian:Harden+1","Guardian:TemporalStrike","Guardian:BronzeArmor+1","Guardian:Harden+1","Guardian:DecasProtection+1","Guardian:WalkerClaw","Guardian:ArmoredProtocol+1","Guardian:StasisField","Guardian:PrismaticBarrier+1","Guardian:TimeBomb+1","Guardian:Repulse+1","Guardian:BronzeOrb+1","Guardian:SpikerProtocol+1","Guardian:Gem_Fragmented","Guardian:PiercingHide+1","Guardian:EvasiveProtocol"],"relics":["Guardian:ModeShifter","downfall:HeartsMalice","hubris:DeckOfHolding","Calling Bell","hubris:TenFootPole","Thread and Needle","Eternal Feather","Regal Pillow","hubris:MysteriousPyramids","Cursed Key","HornCleat","ReplayTheSpireMod:Lightbulb"],"acts_visited":["Exordium","TheCity","TheBeyond"],"potions_floor_usage":[28,33,37,50],"damage_taken":[{"damage":0.0,"enemies":"Small Slimes","floor":2.0,"turns":1.0},{"damage":0.0,"enemies":"2 Louse","floor":3.0,"turns":1.0},{"damage":0.0,"enemies":"downfall:FleeingMerchant","floor":4.0,"turns":1.0},{"damage":0.0,"enemies":"Jaw Worm","floor":5.0,"turns":5.0},{"damage":6.0,"enemies":"Exordium Wildlife","floor":6.0,"turns":5.0},{"damage":0.0,"enemies":"downfall:FleeingMerchant","floor":11.0,"turns":4.0},{"damage":8.0,"enemies":"Gremlin Gang","floor":13.0,"turns":5.0},{"damage":0.0,"enemies":"2 Fungi Beasts","floor":14.0,"turns":4.0},{"damage":6.0,"enemies":"Exordium Thugs","floor":15.0,"turns":7.0},{"damage":29.0,"enemies":"downfall:Watcher","floor":16.0,"turns":18.0},{"damage":3.0,"enemies":"Chosen","floor":19.0,"turns":7.0},{"damage":0.0,"enemies":"Spheric Guardian","floor":20.0,"turns":4.0},{"damage":0.0,"enemies":"downfall:FleeingMerchant","floor":22.0,"turns":4.0},{"damage":0.0,"enemies":"Chosen and Byrds","floor":23.0,"turns":7.0},{"damage":0.0,"enemies":"Cultist and Chosen","floor":25.0,"turns":9.0},{"damage":2.0,"enemies":"Sentry and Sphere","floor":26.0,"turns":9.0},{"damage":11,"enemies":"Slavers","floor":28,"turns":5},{"damage":0,"enemies":"downfall:FleeingMerchant","floor":31,"turns":4},{"damage":0,"enemies":"Snecko","floor":32,"turns":7},{"damage":10,"enemies":"downfall:Defect","floor":33,"turns":10},{"damage":0,"enemies":"Orb Walker","floor":36,"turns":5},{"damage":0,"enemies":"3 Shapes","floor":37,"turns":12},{"damage":27,"enemies":"Transient","floor":38,"turns":5},{"damage":0,"enemies":"Sphere and 2 Shapes","floor":39,"turns":6},{"damage":0,"enemies":"downfall:FleeingMerchant","floor":42,"turns":4},{"damage":14,"enemies":"Jaw Worm Horde","floor":43,"turns":8},{"damage":0,"enemies":"Nemesis","floor":46,"turns":11},{"damage":0,"enemies":"downfall:FleeingMerchant","floor":48,"turns":4},{"damage":11,"enemies":"Transient","floor":49,"turns":5},{"damage":55,"enemies":"downfall:Ironclad","floor":50,"turns":30}],"seed_played":"1328997630245588253","potions_obtained":[{"floor":5.0,"key":"EssenceOfSteel"},{"floor":6.0,"key":"Weak Potion"},{"floor":15.0,"key":"EssenceOfSteel"},{"floor":16.0,"key":"SpeedPotion"},{"floor":23.0,"key":"SteroidPotion"},{"floor":25.0,"key":"Guardian:AcceleratePotion"},{"floor":32,"key":"Reflective Coating"},{"floor":33,"key":"EssenceOfSteel"},{"floor":36,"key":"Guardian:BlockOnCardUsePotion"},{"floor":37,"key":"Dexterity Potion"}],"is_trial":false,"path_per_floor":["R","M","M","$","M","M","T","?","?","R","$","R","M","M","M","B",null,"R","M","M","?","$","M","T","M","M","R","E","?","R","$","M","B",null,"R","M","M","M","M","R","T","$","M","R","?","E","R","$","M","B",null],"character_chosen":"GUARDIAN","items_purchased":["Guardian:Gem_Crimson","Guardian:Gem_Fragmented","Guardian:Gem_Red","Guardian:WalkerClaw","Guardian:Gem_Purple","Guardian:ArmoredProtocol+1","Guardian:Gem_Lightblue","Guardian:PiercingHide+1"],"campfire_rested":0,"item_purchase_floors":[4,22,22,31,31,31,42,48],"current_hp_per_floor":[80,80,80,80,80,74,74,74,74,74,74,74,66,66,60,31,80,80,77,77,77,77,77,77,77,75,80,69,61,76,76,76,66,80,80,80,80,53,53,71,71,71,57,75,71,71,80,80,69,14],"gold":34,"neow_bonus":"THREE_ENEMY_KILL","is_daily":false,"chose_seed":false,"campfire_upgraded":10,"win_rate":0.0,"timestamp":1608667056,"path_taken":["R","M","M","$","M","M","T","?","?","R","$","R","M","M","M","BOSS","R","M","M","?","$","M","T","M","M","R","E","?","R","?","M","BOSS","R","M","M","M","?","R","T","$","M","R","?","E","R","?","M","BOSS"],"items_purchased_type":["Card","Card","Card","Card","Card","Card","Card","Card"],"build_version":"2020-12-13","purchased_purges":2,"victory":true,"max_hp_per_floor":[80,80,80,80,80,80,80,80,80,80,80,80,80,80,80,80,80,80,80,80,80,80,80,80,80,80,80,80,80,80,80,80,80,80,80,80,80,80,80,80,80,80,80,80,80,80,80,80,80,80],"card_choices":[{"not_picked":["Guardian:Planning","Guardian:Emergency"],"picked":"Guardian:Gem_Green","floor":2.0},{"not_picked":["Guardian:Gem_Green","Guardian:Harden"],"picked":"Guardian:PiercingHide","floor":3.0},{"not_picked":["Guardian:HyperBeam_Guardian","Guardian:Emergency"],"picked":"Guardian:TemporalShield","floor":4.0},{"not_picked":["Guardian:ShieldSpikes","Guardian:Gem_Green"],"picked":"Guardian:ChargeCore","floor":5.0},{"not_picked":["Guardian:TimeCapacitor","Guardian:Planning"],"picked":"Guardian:Recover","floor":6.0},{"not_picked":["Guardian:VentSteam","Guardian:GuardianWhirl"],"picked":"Guardian:Gem_White","floor":11.0},{"not_picked":["Guardian:PiercingHide","Guardian:Gem_Red"],"picked":"Guardian:DonusPower","floor":13.0},{"not_picked":["Guardian:Gem_Blue","Guardian:PrimingBeam"],"picked":"Guardian:SphericShield","floor":14.0},{"not_picked":["Guardian:WalkerClaw","Guardian:PiercingHide"],"picked":"Guardian:BronzeOrb","floor":15.0},{"not_picked":["Guardian:ConstructionForm","Guardian:FastForward"],"picked":"Guardian:ExploitGems","floor":16.0},{"not_picked":["Guardian:TimeCapacitor+1","Guardian:Gem_Cyan"],"picked":"Guardian:SpikerProtocol","floor":19.0},{"not_picked":["Guardian:PrismaticBarrier","Guardian:SpikerProtocol"],"picked":"Guardian:Harden+1","floor":20.0},{"not_picked":["Guardian:Incinerate+1","Guardian:Suspension+1"],"picked":"Guardian:TemporalStrike","floor":22.0},{"not_picked":["Guardian:Reroute","Guardian:PolyBeam"],"picked":"Guardian:BronzeArmor","floor":23.0},{"not_picked":["Guardian:EvasiveProtocol","Guardian:Planning+1"],"picked":"Guardian:Gem_Cyan","floor":25.0},{"not_picked":["Guardian:RefractedBeam","Guardian:PiercingHide"],"picked":"Guardian:Harden+1","floor":26.0},{"not_picked":["Guardian:ShieldCharger+1","Guardian:BronzeArmor"],"picked":"Guardian:DecasProtection","floor":28},{"not_picked":["Guardian:PrimingBeam+1","Guardian:RollAttack"],"picked":"Guardian:Gem_White","floor":31},{"not_picked":["Guardian:Planning","Guardian:VentSteam"],"picked":"Guardian:StasisField","floor":32},{"not_picked":["Guardian:StasisField","Guardian:Gem_Synthetic"],"picked":"Guardian:Gem_Orange","floor":33},{"not_picked":["Guardian:Planning+1","Guardian:Gem_Red"],"picked":"Guardian:PrismaticBarrier+1","floor":36},{"not_picked":["Guardian:WalkerClaw+1","Guardian:TimeCapacitor"],"picked":"Guardian:Gem_Cyan","floor":37},{"not_picked":["Guardian:RollAttack","Guardian:ShieldSpikes+1"],"picked":"Guardian:TimeBomb","floor":38},{"not_picked":["Guardian:Gem_Cyan","Guardian:ShieldSpikes+1"],"picked":"Guardian:Repulse+1","floor":39},{"not_picked":["Guardian:ShieldCharger","Guardian:TimeCapacitor+1"],"picked":"Guardian:Gem_Purple","floor":42},{"not_picked":["Guardian:WalkerClaw+1","Guardian:PrimingBeam+1"],"picked":"Guardian:BronzeOrb","floor":43},{"not_picked":["Guardian:Gem_Blue","Guardian:BaubleBeam"],"picked":"Guardian:SpikerProtocol","floor":46},{"not_picked":["Guardian:Clone","Guardian:ShieldCharger"],"picked":"Guardian:Gem_Fragmented","floor":48},{"not_picked":["Guardian:WalkerClaw+1","Guardian:MultiBeam"],"picked":"Guardian:EvasiveProtocol","floor":49}],"player_experience":949954,"relics_obtained":[{"floor":7.0,"key":"hubris:DeckOfHolding"},{"floor":17.0,"key":"hubris:TenFootPole"},{"floor":17.0,"key":"Thread and Needle"},{"floor":17.0,"key":"Eternal Feather"},{"floor":24.0,"key":"Regal Pillow"},{"floor":28,"key":"hubris:MysteriousPyramids"},{"floor":41,"key":"HornCleat"},{"floor":46,"key":"ReplayTheSpireMod:Lightbulb"}],"event_choices":[],"is_beta":false,"boss_relics":[{"not_picked":["Hololive_TopUpMoneyS","hubris:Stopwatch"],"picked":"Calling Bell"},{"not_picked":["Philosopher\u0027s Stone","hubris:VirtuousBlindfold"],"picked":"Cursed Key"}],"items_purged_floors":[22,42],"is_endless":false,"potions_floor_spawned":[5,6,15,16,23,25,32,33,36,37,46],"ascension_level":0}}