{"host":"usewcu4ohw2wtmxk","time":1608643923,"event":{"mods":["BaseMod","Minty Spire (QoL Compilation)","Permanent Neow","Quick Restart","Relic Stats","UnlockEverythingMod"],"gold_per_floor":[115,40,40,40,56,88,88,116,116,116,165,180,200,220,220,295,295,306,325,325,215,228,228,246,246,246,89,101,117,145,159,159,231,231,247,263,163,173,173,173],"floor_reached":39,"playtime":1019,"items_purged":["Strike_B","Strike_B"],"score":880,"play_id":"1596864f-2bff-4a7c-94dd-c3637a3eb706","local_time":"20201222213203","is_ascension_mode":true,"campfire_choices":[{"data":"Dualcast","floor":7.0,"key":"SMITH"},{"data":"Tempest","floor":10.0,"key":"SMITH"},{"data":"Loop","floor":15.0,"key":"SMITH"},{"data":"Coolheaded","floor":23.0,"key":"SMITH"},{"data":"Buffer","floor":25.0,"key":"SMITH"},{"floor":32.0,"key":"REST"}],"circlet_count":0,"master_deck":["AscendersBane","Strike_B","Defend_B","Defend_B","Defend_B","Zap","Dualcast+1","Hello World","Tempest+1","Undo+1","Loop+1","Buffer+1","Hologram","Coolheaded+1","Chill+1","Buffer"],"relics":["Cracked Core","NeowsBlessing","DataDisk","Pear","Eternal Feather","Sozu","Enchiridion","Lizard Tail","ClockworkSouvenir","Blood Vial","Inserter"],"acts_visited":["Exordium","TheCity","TheBeyond"],"potions_floor_usage":[],"damage_taken":[{"damage":0.0,"enemies":"Cultist","floor":1.0,"turns":1.0},{"damage":0.0,"enemies":"Small Slimes","floor":5.0,"turns":1.0},{"damage":0.0,"enemies":"Lagavulin","floor":6.0,"turns":1.0},{"damage":2.0,"enemies":"Gremlin Nob","floor":8.0,"turns":3.0},{"damage":0.0,"enemies":"Jaw Worm","floor":12.0,"turns":1.0},{"damage":12.0,"enemies":"Lots of Slimes","floor":13.0,"turns":3.0},{"damage":7.0,"enemies":"2 Fungi Beasts","floor":14.0,"turns":2.0},{"damage":13.0,"enemies":"Slime Boss","floor":16.0,"turns":9.0},{"damage":19.0,"enemies":"2 Thieves","floor":18.0,"turns":4.0},{"damage":0.0,"enemies":"Spheric Guardian","floor":19.0,"turns":3.0},{"damage":3.0,"enemies":"Centurion and Healer","floor":22.0,"turns":7.0},{"damage":33.0,"enemies":"3 Cultists","floor":24.0,"turns":4.0},{"damage":0.0,"enemies":"Cultist and Chosen","floor":28.0,"turns":4.0},{"damage":1.0,"enemies":"Shelled Parasite and Fungi","floor":29.0,"turns":6.0},{"damage":46.0,"enemies":"Book of Stabbing","floor":30.0,"turns":8.0},{"damage":8.0,"enemies":"Snake Plant","floor":31.0,"turns":4.0},{"damage":25,"enemies":"Collector","floor":33,"turns":12},{"damage":25,"enemies":"3 Darklings","floor":35,"turns":5},{"damage":0,"enemies":"3 Shapes","floor":36,"turns":4},{"damage":28,"enemies":"Transient","floor":38,"turns":6},{"damage":0,"enemies":"3 Darklings","floor":39,"turns":1}],"seed_played":"8862678134663196095","potions_obtained":[{"floor":1.0,"key":"Block Potion"},{"floor":6.0,"key":"DistilledChaos"},{"floor":8.0,"key":"Ancient Potion"},{"floor":12.0,"key":"Weak Potion"}],"is_trial":false,"path_per_floor":["M","$","?","?","M","E","R","E","T","R","T","M","M","M","R","B",null,"M","M","?","?","M","R","M","R","T","$","M","M","E","M","R","B",null,"M","M","$","M","M"],"character_chosen":"DEFECT","items_purchased":["ClockworkSouvenir"],"campfire_rested":1,"item_purchase_floors":[27],"current_hp_per_floor":[64,64,64,57,57,57,57,65,65,71,71,71,59,52,58,45,72,53,53,32,32,29,38,5,14,14,14,14,13,10,4,37,14,64,41,43,43,17,17,17],"gold":173,"neow_bonus":"THREE_ENEMY_KILL","is_daily":false,"chose_seed":false,"campfire_upgraded":5,"win_rate":0.0,"timestamp":1608643923,"path_taken":["M","$","?","?","M","E","R","E","T","R","?","M","M","M","R","BOSS","M","?","?","?","M","R","M","R","T","$","M","M","E","M","R","BOSS","M","?","$","M","M"],"items_purchased_type":["Relic"],"build_version":"2020-12-13","purchased_purges":2,"victory":false,"max_hp_per_floor":[71,71,71,71,71,71,71,81,81,81,81,81,81,81,81,81,81,81,81,81,81,81,81,81,81,81,81,81,81,81,81,81,81,81,81,81,81,81,81,81],"relic_stats":{"Sozu":5,"Blood Vial":10,"Lizard Tail":40,"Inserter":[7],"counters":[20,88],"Eternal Feather":39,"obtain_stats":[{"Sozu":17,"Blood Vial":30,"DataDisk":6,"Lizard Tail":26,"Pear":8,"Inserter":34,"NeowsBlessing":0,"Enchiridion":20,"Eternal Feather":9,"Cracked Core":0,"ClockworkSouvenir":27},{"Sozu":8,"Blood Vial":15,"DataDisk":3,"Lizard Tail":12,"Pear":4,"Inserter":17,"NeowsBlessing":0,"Enchiridion":10,"Eternal Feather":4,"Cracked Core":0,"ClockworkSouvenir":12},{"Sozu":21,"Blood Vial":57,"DataDisk":3,"Lizard Tail":39,"Pear":6,"Inserter":73,"NeowsBlessing":0,"Enchiridion":28,"Eternal Feather":6,"Cracked Core":0,"ClockworkSouvenir":39}]},"card_choices":[{"not_picked":["Reprogram","Turbo"],"picked":"Hello World","floor":1.0},{"not_picked":["Conserve Battery","Sweeping Beam","Static Discharge"],"picked":"SKIP","floor":5.0},{"not_picked":["Redo","Doom and Gloom","BootSequence"],"picked":"SKIP","floor":6.0},{"not_picked":["Machine Learning","Static Discharge"],"picked":"Tempest","floor":8.0},{"not_picked":["Conserve Battery","Doom and Gloom","Darkness"],"picked":"SKIP","floor":12.0},{"not_picked":["Sweeping Beam","Undo","Doom and Gloom"],"picked":"SKIP","floor":13.0},{"not_picked":["Sweeping Beam","Doom and Gloom"],"picked":"Undo","floor":13.0},{"not_picked":["Loop","Rebound","Reinforced Body"],"picked":"SKIP","floor":14.0},{"not_picked":["Rebound","Reinforced Body"],"picked":"Loop","floor":14.0},{"not_picked":["Rainbow","Multi-Cast"],"picked":"Buffer","floor":16.0},{"not_picked":["Sweeping Beam","Beam Cell","Conserve Battery"],"picked":"SKIP","floor":18.0},{"not_picked":["Streamline","Force Field"],"picked":"Hologram","floor":19.0},{"not_picked":["Auto Shields","Go for the Eyes"],"picked":"Coolheaded","floor":22.0},{"not_picked":["Hologram","Steam+1","Darkness"],"picked":"SKIP","floor":24.0},{"not_picked":["Coolheaded","Hologram","Tempest"],"picked":"SKIP","floor":28.0},{"not_picked":["Double Energy","Redo","Melter"],"picked":"SKIP","floor":29.0},{"not_picked":["Loop","Lockon","Capacitor"],"picked":"SKIP","floor":30.0},{"not_picked":["Compile Driver","Redo"],"picked":"Chill+1","floor":31.0},{"not_picked":["Reboot","Meteor Strike"],"picked":"Buffer","floor":33},{"not_picked":["Ball Lightning","Streamline","Stack"],"picked":"SKIP","floor":35},{"not_picked":["Cold Snap","Rip and Tear","Steam"],"picked":"SKIP","floor":36},{"not_picked":["Ball Lightning+1","Rebound","Beam Cell+1"],"picked":"SKIP","floor":38}],"player_experience":227737,"relics_obtained":[{"floor":6.0,"key":"DataDisk"},{"floor":8.0,"key":"Pear"},{"floor":9.0,"key":"Eternal Feather"},{"floor":20.0,"key":"Enchiridion"},{"floor":26.0,"key":"Lizard Tail"},{"floor":30.0,"key":"Blood Vial"}],"event_choices":[{"damage_healed":0.0,"max_hp_gain":0.0,"max_hp_loss":0.0,"gold_gain":0.0,"event_name":"Shining Light","player_choice":"Ignored","floor":3.0,"gold_loss":0.0,"damage_taken":0.0},{"cards_removed":["Defend_B"],"damage_healed":0.0,"max_hp_gain":0.0,"max_hp_loss":0.0,"gold_gain":0.0,"event_name":"Golden Wing","player_choice":"Card Removal","floor":4.0,"gold_loss":0.0,"damage_taken":7.0},{"damage_healed":0.0,"max_hp_gain":0.0,"max_hp_loss":0.0,"gold_gain":0.0,"event_name":"Cursed Tome","player_choice":"Obtained Book","floor":20.0,"gold_loss":0.0,"damage_taken":21.0},{"cards_removed":["Strike_B"],"damage_healed":0.0,"max_hp_gain":0.0,"max_hp_loss":0.0,"gold_gain":0.0,"event_name":"Designer","player_choice":"Upgrade and Remove","floor":21.0,"gold_loss":110.0,"damage_taken":0.0,"cards_upgraded":["Undo"]}],"is_beta":false,"boss_relics":[{"not_picked":["Busted Crown","Snecko Eye"],"picked":"Sozu"},{"not_picked":["Runic Pyramid","SlaversCollar"],"picked":"Inserter"}],"items_purged_floors":[2,37],"is_endless":false,"potions_floor_spawned":[1,6,8,12,13,19,22,29,31,35],"killed_by":"3 Darklings","ascension_level":20}}