{"host":"3jjxuhjpio8e4zkv","time":1608598910,"event":{"mods":["BaseMod","Colored Map","Minty Spire (QoL Compilation)","Permanent Neow","Relic Stats","StSLib"],"gold_per_floor":[216,236,256,221,241,266,280,25,104,104,104,134,134,184,184,184,184],"floor_reached":16,"playtime":366,"items_purged":[],"score":245,"play_id":"420ceb54-aa45-479c-a751-e9dd92ebd4fc","local_time":"20201221200150","is_ascension_mode":true,"campfire_choices":[{"data":"Fission","floor":10,"key":"SMITH"},{"data":"Storm","floor":15,"key":"SMITH"}],"circlet_count":0,"master_deck":["AscendersBane","Strike_B","Strike_B","Strike_B","Strike_B","Defend_B","Defend_B","Defend_B","Defend_B","Zap","Dualcast","Gash","Static Discharge","Hologram","Sunder+1","Gash","Turbo","Fission+1","Self Repair","Storm+1"],"relics":["Cracked Core","Oddly Smooth Stone","Mercury Hourglass","Mango"],"acts_visited":["Exordium"],"potions_floor_usage":[6,12,16],"damage_taken":[{"damage":7,"enemies":"Jaw Worm","floor":1,"turns":2},{"damage":2,"enemies":"2 Louse","floor":2,"turns":3},{"damage":8,"enemies":"Small Slimes","floor":3,"turns":3},{"damage":13,"enemies":"Red Slaver","floor":5,"turns":4},{"damage":12,"enemies":"3 Sentries","floor":6,"turns":5},{"damage":10,"enemies":"2 Fungi Beasts","floor":7,"turns":3},{"damage":24,"enemies":"Lagavulin","floor":12,"turns":6},{"damage":46,"enemies":"The Guardian","floor":16,"turns":5}],"seed_played":"5663624029456764349","potions_obtained":[{"floor":2,"key":"LiquidMemories"},{"floor":3,"key":"Energy Potion"},{"floor":6,"key":"Regen Potion"},{"floor":7,"key":"FocusPotion"}],"is_trial":false,"path_per_floor":["M","M","M","?","M","E","M","$","T","R","?","E","?","?","R","B"],"character_chosen":"DEFECT","items_purchased":["Fission","Self Repair"],"campfire_rested":0,"item_purchase_floors":[8,8],"current_hp_per_floor":[57,55,47,64,51,39,29,29,29,29,29,40,45,45,45,0,0],"gold":184,"neow_bonus":"HUNDRED_GOLD","is_daily":false,"chose_seed":false,"campfire_upgraded":2,"win_rate":0.0,"timestamp":1608598910,"path_taken":["M","M","M","?","M","E","M","$","T","R","?","E","?","?","R","BOSS"],"items_purchased_type":["Card","Card"],"build_version":"2020-12-13","purchased_purges":0,"victory":false,"max_hp_per_floor":[71,71,71,71,71,71,71,71,71,71,71,85,90,90,90,90,90],"relic_stats":{"counters":[8,31],"obtain_stats":[{"Oddly Smooth Stone":6,"Mango":12,"Cracked Core":0,"Mercury Hourglass":9},{"Oddly Smooth Stone":5,"Mango":7,"Cracked Core":0,"Mercury Hourglass":6},{"Oddly Smooth Stone":17,"Mango":26,"Cracked Core":0,"Mercury Hourglass":20}],"Mercury Hourglass":[24]},"card_choices":[{"not_picked":["Barrage","Genetic Algorithm"],"picked":"Gash","floor":1},{"not_picked":["Fusion","Skim"],"picked":"Static Discharge","floor":2},{"not_picked":["Auto Shields","Barrage"],"picked":"Hologram","floor":3},{"not_picked":["Darkness","Reprogram"],"picked":"Sunder","floor":5},{"not_picked":["Storm","Steam"],"picked":"Gash","floor":6},{"not_picked":["Blizzard","Compile Driver"],"picked":"Turbo","floor":7},{"not_picked":["Redo","Rebound"],"picked":"Storm","floor":12}],"player_experience":1088322,"relics_obtained":[{"floor":6,"key":"Oddly Smooth Stone"},{"floor":9,"key":"Mercury Hourglass"},{"floor":12,"key":"Mango"}],"event_choices":[{"damage_healed":17,"gold_gain":0,"player_choice":"Healed","damage_taken":0,"max_hp_gain":0,"max_hp_loss":0,"event_name":"The Cleric","floor":4,"gold_loss":35},{"damage_healed":0,"gold_gain":0,"player_choice":"Grow","damage_taken":0,"max_hp_gain":0,"max_hp_loss":0,"event_name":"Living Wall","floor":11,"gold_loss":0,"cards_upgraded":["Sunder"]},{"damage_healed":0,"gold_gain":0,"player_choice":"Donut","damage_taken":0,"max_hp_gain":5,"max_hp_loss":0,"event_name":"Big Fish","floor":13,"gold_loss":0},{"damage_healed":0,"gold_gain":50,"player_choice":"Pray","damage_taken":0,"max_hp_gain":0,"max_hp_loss":0,"event_name":"Golden Shrine","floor":14,"gold_loss":0}],"is_beta":false,"boss_relics":[],"items_purged_floors":[],"is_endless":false,"potions_floor_spawned":[2,3,6,7],"killed_by":"The Guardian","ascension_level":20}}