{"host":"jm9833yuloeli2yd","time":1608680633,"event":{"mods":["AchievementEnabler","BaseMod","Better Altar","Better Match","Better Note","Better Sensory Stone","Better Skull","Better Vampires","Colored Map","Colored Powertips","DeckTracker","Minty Spire (QoL Compilation)","Permanent Neow","Quick Restart","Replay The Spire","StSLib","SuperFastMode"],"gold_per_floor":[114,114,39,58,58,96,115,134,134,153,172,247,247,266,266,391,391,410,429,448,48,67,105,105,30,80,99,137,137,77,96,96,96,96],"floor_reached":33,"playtime":1062,"items_purged":["Amnesia","Strike_B"],"score":291,"play_id":"4dc4fd6a-bcc0-459f-8e5e-93a592df7baa","local_time":"20201222184353","daily_mods":["Allstar","Diverse","DeadlyEvents"],"is_ascension_mode":false,"campfire_choices":[{"floor":13,"key":"REST"},{"data":"ReplayGash","floor":15,"key":"SMITH"},{"data":"Fasting2","floor":24,"key":"SMITH"},{"data":"ReplayTheSpireMod:Calculation Training","floor":29,"key":"SMITH"}],"circlet_count":0,"master_deck":["Strike_B","Strike_B","Defend_B","Defend_B","Defend_B","Defend_B","Zap","Dualcast+1","Secret Weapon+1","Enlightenment","Replay:Parry","ReplayTheSpireMod:Brewmster","Thinking Ahead","ReplayGash+1","Fasting2+1","ReplayTheSpireMod:Omega Cannon","Hologram","Mirror Shield","Run Through","Dagger Throw+1","Bludgeon","Twin Strike+1","Well Laid Plans","PiercingWail","ReplayTheSpireMod:Calculation Training+1","Gash","Biased Cognition","Dagger Spray"],"relics":["Cracked Core","Golden Idol","Turnip","Mercury Hourglass","ReplayTheSpireMod:CursedCoin","Coffee Dripper","Counterbalance","Nunchaku","Blue Doll","DataDisk"],"acts_visited":["Exordium","TheCity"],"potions_floor_usage":[6,22,27,28,33,33,33,33,33,33,33],"damage_taken":[{"damage":6,"enemies":"Jaw Worm","floor":1,"turns":5},{"damage":0,"enemies":"2 Louse","floor":4,"turns":2},{"damage":28,"enemies":"Gremlin Nob","floor":6,"turns":4},{"damage":4,"enemies":"Cultist","floor":7,"turns":4},{"damage":0,"enemies":"2 Fungi Beasts","floor":8,"turns":1},{"damage":0,"enemies":"3 Louse","floor":10,"turns":2},{"damage":10,"enemies":"Looter","floor":11,"turns":2},{"damage":0,"enemies":"2 Fungi Beasts","floor":14,"turns":1},{"damage":19,"enemies":"The Guardian","floor":16,"turns":13},{"damage":0,"enemies":"Spheric Guardian","floor":18,"turns":3},{"damage":5,"enemies":"Chosen","floor":19,"turns":3},{"damage":16,"enemies":"Sentry and Sphere","floor":20,"turns":4},{"damage":2,"enemies":"Shelled Parasite and Fungi","floor":22,"turns":4},{"damage":6,"enemies":"Replay:Snechameleon","floor":23,"turns":5},{"damage":4,"enemies":"Centurion and Healer","floor":27,"turns":7},{"damage":24,"enemies":"Slavers","floor":28,"turns":3},{"damage":0,"enemies":"Snecko","floor":31,"turns":3},{"damage":41,"enemies":"Automaton","floor":33,"turns":6}],"seed_played":"-7682526130134428503","potions_obtained":[{"floor":14,"key":"Flashbang"},{"floor":28,"key":"DuplicationPotion"}],"is_trial":false,"path_per_floor":["M","?","?","M","?","E","M","M","T","M","M","$","R","M","R","B",null,"M","M","M","$","M","E","R","?","T","M","E","R","?","M","R_BF","B"],"character_chosen":"DEFECT","items_purchased":["ReplayTheSpireMod:CursedCoin","Counterbalance"],"campfire_rested":1,"item_purchase_floors":[12,21],"current_hp_per_floor":[69,69,69,69,55,27,23,23,23,23,13,13,33,33,33,14,69,69,64,48,48,46,40,40,40,40,36,12,12,12,12,32,0,0],"gold":96,"neow_bonus":"","is_daily":true,"chose_seed":false,"campfire_upgraded":3,"win_rate":0.0,"timestamp":1608680633,"path_taken":["M","?","?","M","?","E","M","?","T","M","M","$","R","M","R","BOSS","M","M","M","$","M","E","R","?","T","M","E","R","?","M","R_BF","BOSS"],"items_purchased_type":["Relic","Relic"],"build_version":"2020-12-13","purchased_purges":2,"victory":false,"max_hp_per_floor":[75,69,69,69,69,69,69,69,69,69,69,69,69,69,69,69,69,69,69,69,69,69,69,69,69,69,69,69,69,69,69,69,69,69],"card_choices":[{"not_picked":["Flying Knee","Massacre"],"picked":"ReplayGash","floor":1},{"not_picked":["Quick Slash","ThirdEye"],"picked":"Fasting2","floor":4},{"not_picked":["Sever Soul","Blizzard","Replay:Hum"],"picked":"SKIP","floor":6},{"not_picked":["PiercingWail","Pommel Strike"],"picked":"ReplayTheSpireMod:Omega Cannon","floor":7},{"not_picked":["Poisoned Stab","Prostrate"],"picked":"Hologram","floor":8},{"not_picked":["ReplayTheSpireMod:Strike From Hell","Poisoned Stab"],"picked":"Mirror Shield","floor":10},{"not_picked":["Hidden Blade","Evaluate"],"picked":"Run Through","floor":11},{"not_picked":["Blood for Blood","Infernal Blade"],"picked":"Dagger Throw","floor":14},{"not_picked":["ReplayTheSpireMod:Omega Cannon","Establishment"],"picked":"Bludgeon","floor":16},{"not_picked":["Eviscerate","CrushJoints"],"picked":"Twin Strike+1","floor":18},{"not_picked":["LikeWater","Havoc+1"],"picked":"Well Laid Plans","floor":19},{"not_picked":["Replay:BluntJabs","Blizzard"],"picked":"PiercingWail","floor":20},{"not_picked":["Body Slam+1","PathToVictory+1"],"picked":"ReplayTheSpireMod:Calculation Training","floor":22},{"not_picked":["Whirlwind+1","Steam Power+1","BasicCrystalCard"],"picked":"SKIP","floor":23},{"not_picked":["Perfected Strike","Prepared"],"picked":"Gash","floor":27},{"not_picked":["Choke","FollowUp"],"picked":"Biased Cognition","floor":28},{"not_picked":["Seeing Red","Outmaneuver"],"picked":"Dagger Spray","floor":31}],"player_experience":1152823,"relics_obtained":[{"floor":6,"key":"Turnip"},{"floor":9,"key":"Mercury Hourglass"},{"floor":23,"key":"Nunchaku"},{"floor":26,"key":"Blue Doll"},{"floor":28,"key":"DataDisk"}],"event_choices":[{"damage_healed":0,"gold_gain":0,"player_choice":"Lose Max HP","damage_taken":0,"relics_obtained":["Golden Idol"],"max_hp_gain":0,"max_hp_loss":6,"event_name":"Golden Idol","floor":2,"gold_loss":0},{"damage_healed":0,"gold_gain":0,"player_choice":"2","damage_taken":0,"max_hp_gain":0,"max_hp_loss":0,"event_name":"betterMatch:BetterMatch","floor":3,"gold_loss":0,"cards_obtained":["betterMatch:UncommonCard"]},{"damage_healed":0,"gold_gain":0,"player_choice":"Entered Light","damage_taken":14,"max_hp_gain":0,"max_hp_loss":0,"event_name":"Shining Light","floor":5,"gold_loss":0,"cards_upgraded":["Secret Weapon","Dualcast"]},{"cards_removed":["Strike_B"],"damage_healed":0,"gold_gain":0,"player_choice":"Gave Gold","damage_taken":0,"max_hp_gain":0,"max_hp_loss":0,"event_name":"Beggar","floor":25,"gold_loss":75}],"is_beta":false,"boss_relics":[{"not_picked":["Nuclear Battery","Sozu"],"picked":"Coffee Dripper"}],"items_purged_floors":[12,21],"is_endless":false,"potions_floor_spawned":[1,4,11,14,19,28],"killed_by":"Automaton","ascension_level":0}}