{"host":"cmav4zu14tqjc6v9","time":1608659489,"event":{"mods":["BaseMod","Colored Map","Colored Powertips","Minty Spire (QoL Compilation)","Replay The Spire","StSLib"],"gold_per_floor":[110,110,110,35,49,49,83,83,83,83,107,132,149,163,163,163,163],"floor_reached":16,"playtime":2117,"items_purged":["Decay"],"score":108,"play_id":"c6dccddd-d65a-4b6c-8a5a-d72ab1edb584","local_time":"20201222115129","is_ascension_mode":false,"campfire_choices":[{"data":"Tantrum","floor":6,"key":"SMITH"},{"data":"Halt","floor":8,"key":"SMITH"},{"data":"ForeignInfluence","floor":10,"key":"SMITH"},{"data":"DeceiveReality","floor":15,"key":"SMITH"}],"circlet_count":0,"master_deck":["Strike_P","Strike_P","Strike_P","Defend_P","Defend_P","Defend_P","Eruption","Vigilance","Tantrum+1","ForeignInfluence+1","Steam","Consecrate","Halt+1","Indignation","Perseverance","DeceiveReality+1","Replay:ManipulateFuture"],"relics":["PureWater","Tiny Chest","Question Card","Odd Mushroom","PreservedInsect"],"acts_visited":["Exordium"],"potions_floor_usage":[12,16],"damage_taken":[{"damage":1,"enemies":"2 Louse","floor":1,"turns":4},{"damage":0,"enemies":"Cultist","floor":5,"turns":2},{"damage":12,"enemies":"3 Sentries","floor":7,"turns":4},{"damage":7,"enemies":"The Mushroom Lair","floor":11,"turns":2},{"damage":13,"enemies":"Lagavulin","floor":12,"turns":4},{"damage":0,"enemies":"Jaw Worm","floor":13,"turns":3},{"damage":0,"enemies":"Looter","floor":14,"turns":3},{"damage":65,"enemies":"Fading Forest","floor":16,"turns":9}],"seed_played":"-7967110960854557271","potions_obtained":[{"floor":5,"key":"PowerPotion"},{"floor":13,"key":"Toxic Potion"},{"floor":14,"key":"Venom Potion"}],"is_trial":false,"path_per_floor":["M","?","?","$","M","R","E","R","T","R","?","E","M","M","R","B"],"character_chosen":"WATCHER","items_purchased":[],"campfire_rested":0,"item_purchase_floors":[],"current_hp_per_floor":[78,78,78,78,78,78,66,66,66,66,59,46,46,46,46,0,0],"gold":163,"neow_bonus":"TEN_PERCENT_HP_BONUS","is_daily":false,"chose_seed":false,"campfire_upgraded":4,"win_rate":0.0,"timestamp":1608659489,"path_taken":["M","?","?","$","?","R","E","R","T","R","?","E","M","M","R","BOSS"],"items_purchased_type":[],"build_version":"2020-12-13","purchased_purges":1,"victory":false,"max_hp_per_floor":[79,79,79,79,79,79,79,79,79,79,79,79,79,79,79,79,79],"card_choices":[{"not_picked":["FlurryOfBlows","Replay:ManipulateFuture"],"picked":"Tantrum","floor":1},{"not_picked":["CrushJoints","ThirdEye"],"picked":"Consecrate","floor":5},{"not_picked":["Vengeance","Replay:BluntJabs"],"picked":"Halt","floor":7},{"not_picked":["EmptyFist","Replay:Vibes","CutThroughFate"],"picked":"Indignation","floor":11},{"not_picked":["Protect","Replay:Cycle","Indignation"],"picked":"Perseverance","floor":12},{"not_picked":["LikeWater","BowlingBash","ThirdEye"],"picked":"DeceiveReality","floor":13},{"not_picked":["Crescendo","Study","SandsOfTime"],"picked":"Replay:ManipulateFuture","floor":14}],"player_experience":62475,"relics_obtained":[{"floor":7,"key":"Tiny Chest"},{"floor":9,"key":"Question Card"},{"floor":11,"key":"Odd Mushroom"},{"floor":12,"key":"PreservedInsect"}],"event_choices":[{"damage_healed":0,"gold_gain":0,"player_choice":"Cursed","damage_taken":0,"max_hp_gain":0,"max_hp_loss":0,"event_name":"Wheel of Change","floor":3,"gold_loss":0,"cards_obtained":["Decay"]},{"damage_healed":0,"gold_gain":0,"player_choice":"Fought Mushrooms","damage_taken":0,"max_hp_gain":0,"max_hp_loss":0,"event_name":"Mushrooms","floor":11,"gold_loss":0}],"is_beta":false,"boss_relics":[],"items_purged_floors":[4],"is_endless":false,"potions_floor_spawned":[5,13,14],"killed_by":"Fading Forest","ascension_level":0}}