{"host":"wjs","time":1608643373,"event":{"mods":["Act Like it!","BaseMod","Gensokyo","Minty Spire (QoL Compilation)","Remilia£®¿Ÿ√◊¿Ú—«£©","StSLib"],"gold_per_floor":[115,14,14,27,27,54,74,93,93,93,128,144,144,144,144,260,260,291,301,301,28,28,28,28,43,69,69,109,164,182,182,182,321,321,337,25,43,76,93,93,107,130,130,130,130,143,143,182,182,182],"floor_reached":51,"playtime":3368,"items_purged":["Strike_RM","Strike_RM","Strike_RM"],"score":753,"play_id":"a7c7516e-05cd-437a-946c-d30a2a62e363","local_time":"20201222212253","is_ascension_mode":false,"campfire_choices":[{"data":"BatForm","floor":10,"key":"SMITH"},{"data":"ScarletImprint","floor":15,"key":"SMITH"},{"data":"Apotheosis","floor":23,"key":"SMITH"},{"data":"ScarletMeister","floor":32,"key":"SMITH"},{"data":"ChaoticDestiny","floor":40,"key":"SMITH"},{"data":"CurseOfVladTepes","floor":49,"key":"SMITH"}],"circlet_count":0,"master_deck":["Defend_RM","Defend_RM","Defend_RM","Defend_RM","RedMoon","ScarletShoot","MastersStateliness","VampireKiss","EndlessAdversity","Injury","BatForm+1","ScarletImprint+1","FavorOfDestiny","MillenniumVampire","EternalNight","ScarletMeister+1","StarOfDavid","Apotheosis+1","BloodRain","MiserableFate","Septette","KillingBlow","Gensokyo:AllTheWorldsEvil","ChaoticDestiny+1","CharismaGuard+1","Master of Strategy","ScarletImprint","UnstableMagic+1","CurseOfVladTepes+1","CurseOfVladTepes"],"relics":["ScarletHat","NeowsBlessing","Pear","Kunai","Meat on the Bone","Pear","Gensokyo:CelestialsFlawlessClothing","Gensokyo:NagashiBinaDoll","ScarletEmblem","Gensokyo:MosesMiracle","Gensokyo:ConquerorOfFear","Happy Flower","Coffee Dripper","Smiling Mask","RedBat"],"acts_visited":["Gensokyo:Gensokyo","Gensokyo:Gensokyoer","Gensokyo:Gensokyoest"],"potions_floor_usage":[16,18,18,50],"damage_taken":[{"damage":0,"enemies":"Gensokyo:2_Kodama","floor":1,"turns":1},{"damage":0,"enemies":"Gensokyo:Gryphon","floor":4,"turns":1},{"damage":0,"enemies":"Gensokyo:Mamizou","floor":6,"turns":2},{"damage":0,"enemies":"Gensokyo:3_Fairies","floor":7,"turns":5},{"damage":0,"enemies":"Gensokyo:2_Rabbits","floor":8,"turns":3},{"damage":9,"enemies":"Gensokyo:5_Fairies","floor":11,"turns":6},{"damage":4,"enemies":"Gensokyo:Gryphon_and_Rabbit","floor":12,"turns":6},{"damage":4,"enemies":"Gensokyo:Kokoro","floor":16,"turns":15},{"damage":11,"enemies":"Gensokyo:2_Gloops","floor":18,"turns":6},{"damage":10,"enemies":"Gensokyo:AngelMirror","floor":19,"turns":4},{"damage":34,"enemies":"Gensokyo:Slime_Group","floor":25,"turns":6},{"damage":0,"enemies":"Gensokyo:Chomper_and_Gloop","floor":28,"turns":4},{"damage":6,"enemies":"Gensokyo:3_Gloops","floor":29,"turns":5},{"damage":17,"enemies":"Gensokyo:Wraith","floor":30,"turns":2},{"damage":40,"enemies":"Gensokyo:Kaguya","floor":33,"turns":7},{"damage":0,"enemies":"Gensokyo:3_Bats","floor":35,"turns":3},{"damage":8,"enemies":"Gensokyo:AncientGuardian","floor":37,"turns":5},{"damage":0,"enemies":"Gensokyo:AtlasGolem","floor":38,"turns":4},{"damage":7,"enemies":"Gensokyo:4_Bats","floor":39,"turns":5},{"damage":0,"enemies":"Gensokyo:Sharpion","floor":41,"turns":4},{"damage":18,"enemies":"Gensokyo:SeedOfUnknown","floor":46,"turns":4},{"damage":22,"enemies":"Gensokyo:AtlasGolem","floor":48,"turns":6},{"damage":15,"enemies":"Gensokyo:Yuyuko","floor":50,"turns":7}],"seed_played":"4343064225109686328","potions_obtained":[{"floor":4,"key":"DistilledChaos"},{"floor":6,"key":"Block Potion"},{"floor":11,"key":"Fire Potion"},{"floor":16,"key":"Fruit Juice"},{"floor":25,"key":"Energy Potion"},{"floor":25,"key":"SneckoOil"},{"floor":37,"key":"Energy Potion"},{"floor":46,"key":"BlessingOfTheForge"}],"is_trial":false,"path_per_floor":["M","$","?","M","?","E","M","M","T","R","M","M","?","?","R","B",null,"M","M","?","$","?","R","?","M","T","COS","M","M","M","?","R","B",null,"M","$","M","M","M","R","M","T","T","?","?","M","?","M","R","B",null],"character_chosen":"REMILIA","items_purchased":["VampireKiss","Apotheosis","Master of Strategy"],"campfire_rested":0,"item_purchase_floors":[2,21,36],"current_hp_per_floor":[75,75,70,70,70,72,72,74,84,84,75,74,51,51,51,60,100,94,85,85,85,85,85,85,58,58,58,68,69,59,59,59,53,100,100,100,92,100,98,98,100,100,100,100,100,93,93,79,79,79],"gold":182,"neow_bonus":"THREE_ENEMY_KILL","is_daily":false,"chose_seed":false,"campfire_upgraded":6,"win_rate":0.0,"timestamp":1608643373,"path_taken":["M","$","?","M","?","E","M","M","T","R","?","M","?","?","R","BOSS","M","M","?","?","?","R","?","M","T","COS","M","M","?","?","R","BOSS","M","$","M","M","M","R","M","?","T","?","?","M","?","M","R","BOSS"],"items_purchased_type":["Card","Card","Card"],"build_version":"2020-12-18","purchased_purges":3,"victory":true,"max_hp_per_floor":[75,75,85,85,85,85,85,85,95,95,95,95,95,95,95,100,100,100,100,100,100,100,100,100,100,100,100,100,100,100,100,100,100,100,100,100,100,100,100,100,100,100,100,100,100,100,100,100,100,100],"card_choices":[{"not_picked":["BlasphemousPunishment","HunterOfTheNight"],"picked":"MastersStateliness","floor":1},{"not_picked":["VampireKiss","UnderTheZenith"],"picked":"EndlessAdversity","floor":4},{"not_picked":["BloodHunter","StarOfDavid"],"picked":"BatForm","floor":6},{"not_picked":["DevilSight","UnderTheZenith"],"picked":"ScarletImprint","floor":7},{"not_picked":["AfternoonTea","RedMagic"],"picked":"FavorOfDestiny","floor":8},{"not_picked":["VampireKiss","BloodHunter"],"picked":"MillenniumVampire","floor":11},{"not_picked":["BlasphemousPunishment","DiffusionOfMisfortune"],"picked":"EternalNight","floor":12},{"not_picked":["BloodyCatastrophe","BloodyHallows"],"picked":"ScarletMeister","floor":16},{"not_picked":["BlasphemousPunishment","ScarletDevil+1"],"picked":"RedRainbow","floor":18},{"not_picked":["NightLord","BlasphemousPunishment"],"picked":"StarOfDavid","floor":19},{"not_picked":["ScarletDevil+1","BadLadyScramble"],"picked":"MiserableFate","floor":25},{"not_picked":["BlasphemousPunishment","VampireKiss"],"picked":"Septette","floor":28},{"not_picked":["BlasphemousPunishment","SuperhumanBloodyKnife"],"picked":"KillingBlow","floor":29},{"not_picked":["MillenniumVampire","VampireKiss+1","UnderTheZenith"],"picked":"SKIP","floor":30},{"not_picked":["QueenOfMidnight","BloodyHallows"],"picked":"ChaoticDestiny","floor":33},{"not_picked":["DevilSight","UnderTheZenith+1"],"picked":"CharismaGuard+1","floor":35},{"not_picked":["UnderTheZenith","ChainGang+1"],"picked":"ScarletImprint","floor":37},{"not_picked":["MastersStateliness+1","VampireFantasy+1"],"picked":"UnstableMagic+1","floor":38},{"not_picked":["EndlessAdversity+1","BloodyMagicSquare+1","NightDance+1"],"picked":"SKIP","floor":39},{"not_picked":["StarOfDavid+1","CharismaGuard"],"picked":"CurseOfVladTepes","floor":41},{"not_picked":["RedNightlessCastle+1","ScarletDevilSign+1","NightDance"],"picked":"SKIP","floor":46},{"not_picked":["DiffusionOfMisfortune+1","BadLadyScramble","EternalNight"],"picked":"SKIP","floor":48}],"player_experience":230440,"relics_obtained":[{"floor":6,"key":"Meat on the Bone"},{"floor":9,"key":"Pear"},{"floor":25,"key":"Gensokyo:ConquerorOfFear"},{"floor":26,"key":"Happy Flower"},{"floor":29,"key":"Gensokyo:MosesMiracle"},{"floor":42,"key":"Smiling Mask"},{"floor":43,"key":"RedBat"}],"event_choices":[],"is_beta":true,"boss_relics":[{"not_picked":["Snecko Eye","SacredBark"],"picked":"ScarletEmblem"},{"not_picked":["Busted Crown","Velvet Choker"],"picked":"Coffee Dripper"}],"items_purged_floors":[2,21,36],"is_endless":false,"potions_floor_spawned":[4,6,11,16,25,37,38,46,48],"ascension_level":0}}