{"host":"mi0eibewekhugwl1","time":1608633610,"event":{"mods":["AchievementEnabler","BaseMod","Colored Map","Colored Powertips","DeckTracker","Keyboard Shortcuts","Minty Spire (QoL Compilation)","Quick Restart","Rare Cards Sparkle","Relic Stats","StSLib","SuperFastMode","everything is the same but u backflip on backflip"],"gold_per_floor":[217,317,129,146,160,191,171,171,171,186,186,196,209,238,250,341,353,380,392,319,346,376,388,400,412,424,452,201,201,201],"floor_reached":29,"playtime":638,"items_purged":["Strike_B","Strike_B"],"score":470,"play_id":"7d880ad0-ccec-44c7-bfb6-75a92fa4d3e6","local_time":"20201222194010","is_ascension_mode":true,"campfire_choices":[{"data":"Zap","floor":8,"key":"SMITH"},{"data":"Dualcast","floor":11,"key":"SMITH"},{"data":"White Noise","floor":15,"key":"SMITH"},{"floor":23,"key":"REST"},{"data":"Heatsinks","floor":25,"key":"SMITH"}],"circlet_count":0,"master_deck":["AscendersBane","Defend_B","Defend_B","Defend_B","Defend_B","Zap+1","Dualcast+1","Doom and Gloom","Self Repair","Rip and Tear","BootSequence","White Noise+1","Ball Lightning","Sweeping Beam","Turbo","Heatsinks+1","Electrodynamics","Cold Snap","Tempest","Rebound","Lockon"],"relics":["Cracked Core","Sundial","Pen Nib","MawBank","Nuclear Battery","Akabeko","Bottled Lightning","Letter Opener","MealTicket"],"acts_visited":["Exordium","TheCity"],"potions_floor_usage":[10,14,14,21,22,22],"damage_taken":[{"damage":0,"enemies":"2 Louse","floor":1,"turns":2},{"damage":1,"enemies":"Cultist","floor":4,"turns":3},{"damage":2,"enemies":"Jaw Worm","floor":5,"turns":3},{"damage":50,"enemies":"3 Sentries","floor":6,"turns":7},{"damage":17,"enemies":"Gremlin Gang","floor":10,"turns":4},{"damage":8,"enemies":"Red Slaver","floor":12,"turns":3},{"damage":1,"enemies":"Looter","floor":13,"turns":2},{"damage":20,"enemies":"Gremlin Nob","floor":14,"turns":4},{"damage":11,"enemies":"Slime Boss","floor":16,"turns":6},{"damage":23,"enemies":"2 Thieves","floor":18,"turns":3},{"damage":7,"enemies":"Chosen","floor":21,"turns":3},{"damage":34,"enemies":"3 Cultists","floor":22,"turns":4},{"damage":27,"enemies":"Shelled Parasite and Fungi","floor":27,"turns":3},{"damage":23,"enemies":"Snecko","floor":29,"turns":3}],"seed_played":"2088594892456816883","potions_obtained":[{"floor":4,"key":"PotionOfCapacity"},{"floor":7,"key":"Regen Potion"},{"floor":10,"key":"Block Potion"},{"floor":13,"key":"CultistPotion"},{"floor":14,"key":"Weak Potion"},{"floor":18,"key":"PowerPotion"},{"floor":22,"key":"Fruit Juice"}],"is_trial":false,"path_per_floor":["M","?","$","M","M","E","?","R","T","M","R","M","M","E","R","B",null,"M","?","?","M","M","R","T","R","T","M","$","M"],"character_chosen":"DEFECT","items_purchased":["Self Repair","Rip and Tear","MealTicket"],"campfire_rested":1,"item_purchase_floors":[3,3,28],"current_hp_per_floor":[64,64,64,70,71,28,28,28,28,30,30,29,35,22,22,18,58,42,42,42,42,20,42,42,42,42,15,15,0,0],"gold":201,"neow_bonus":"HUNDRED_GOLD","is_daily":false,"chose_seed":false,"campfire_upgraded":4,"win_rate":0.0,"timestamp":1608633610,"path_taken":["M","?","$","?","M","E","?","R","T","M","R","?","M","E","R","BOSS","M","?","?","M","M","R","?","R","T","?","$","M"],"items_purchased_type":["Card","Card","Relic"],"build_version":"2020-12-13","purchased_purges":2,"victory":false,"max_hp_per_floor":[71,71,71,71,71,71,71,71,71,71,71,71,71,71,71,71,71,71,71,71,71,76,76,76,76,76,76,76,76,76],"relic_stats":{"counters":[14,50],"Sundial":[2],"MealTicket":0,"Pen Nib":[5],"Letter Opener":[5],"MawBank":168,"obtain_stats":[{"Sundial":6,"MealTicket":28,"Pen Nib":9,"Bottled Lightning":24,"Letter Opener":26,"Cracked Core":0,"MawBank":14,"Akabeko":20,"Nuclear Battery":17},{"Sundial":4,"MealTicket":13,"Pen Nib":4,"Bottled Lightning":12,"Letter Opener":12,"Cracked Core":0,"MawBank":8,"Akabeko":10,"Nuclear Battery":9},{"Sundial":15,"MealTicket":47,"Pen Nib":15,"Bottled Lightning":44,"Letter Opener":44,"Cracked Core":0,"MawBank":28,"Akabeko":37,"Nuclear Battery":34}]},"card_choices":[{"not_picked":["Rebound","Skim","Doom and Gloom"],"picked":"SKIP","floor":1},{"not_picked":["Rebound","Skim"],"picked":"Doom and Gloom","floor":1},{"not_picked":["Compile Driver","Steam"],"picked":"BootSequence","floor":4},{"not_picked":["Gash","Melter"],"picked":"White Noise","floor":5},{"not_picked":["Turbo","Go for the Eyes"],"picked":"Ball Lightning","floor":6},{"not_picked":["Compile Driver","Skim","Redo"],"picked":"SKIP","floor":10},{"not_picked":["Leap","Steam"],"picked":"Sweeping Beam","floor":12},{"not_picked":["Compile Driver","Chill"],"picked":"Turbo","floor":13},{"not_picked":["Barrage","Ball Lightning"],"picked":"Heatsinks","floor":14},{"not_picked":["Meteor Strike","Multi-Cast"],"picked":"Electrodynamics","floor":16},{"not_picked":["Redo","Aggregate"],"picked":"Cold Snap","floor":18},{"not_picked":["Scrape","Go for the Eyes"],"picked":"Lockon","floor":21},{"not_picked":["Turbo","Rebound","Self Repair"],"picked":"SKIP","floor":22},{"not_picked":["Cold Snap","Doom and Gloom","Streamline"],"picked":"SKIP","floor":27}],"player_experience":1696920,"relics_obtained":[{"floor":6,"key":"Sundial"},{"floor":9,"key":"Pen Nib"},{"floor":14,"key":"MawBank"},{"floor":24,"key":"Bottled Lightning"},{"floor":26,"key":"Letter Opener"}],"event_choices":[{"damage_healed":0,"gold_gain":100,"player_choice":"Gold","damage_taken":0,"max_hp_gain":0,"max_hp_loss":0,"event_name":"Wheel of Change","floor":2,"gold_loss":0},{"damage_healed":0,"gold_gain":0,"player_choice":"Bought 1 Potion","damage_taken":0,"max_hp_gain":0,"max_hp_loss":0,"event_name":"The Woman in Blue","floor":7,"gold_loss":0},{"damage_healed":0,"gold_gain":0,"cards_transformed":["Strike_B","Strike_B"],"player_choice":"Became Test Subject","damage_taken":0,"max_hp_gain":0,"max_hp_loss":0,"event_name":"Drug Dealer","floor":19,"gold_loss":0,"cards_obtained":["Tempest","Rebound"]},{"damage_healed":0,"gold_gain":0,"player_choice":"Obtained Relic","damage_taken":0,"relics_obtained":["Akabeko"],"max_hp_gain":0,"max_hp_loss":0,"event_name":"Addict","floor":20,"gold_loss":85}],"is_beta":false,"boss_relics":[{"not_picked":["Empty Cage","Astrolabe"],"picked":"Nuclear Battery"}],"items_purged_floors":[3,28],"is_endless":false,"potions_floor_spawned":[4,10,13,14,18,22],"killed_by":"Snecko","ascension_level":20}}