{"host":"1hyzy7ndnud2osw4","time":1608670351,"event":{"mods":["Art Attack!","BaseMod","GungeonMod","Lobotomy","Minty Spire (QoL Compilation)","StSLib","The Bug Knight","The Disciple","The Dragon Tamer","The Gatherer","The Hierophant","The Jungle","The Poker Player","The Runesmith"],"gold_per_floor":[116,132,132,145,159,187,187,217,217,237,202,377,452,481,481,481,481,481],"floor_reached":16,"playtime":2797,"items_purged":[],"score":145,"play_id":"f92b59c2-37aa-48a5-825e-1eabb847f719","local_time":"20201223055231","is_ascension_mode":false,"metric_token":927,"campfire_choices":[{"data":"DTMod:DoubleHit","floor":15,"key":"SMITH"}],"dtmod_dragon_data":[0,50,-1,-1,0,0],"circlet_count":0,"master_deck":["DTMod:Strike","DTMod:Strike","DTMod:Strike","DTMod:Strike","DTMod:DoubleHit+1","DTMod:TargetDefense","DTMod:TargetDefense","DTMod:TargetDefense","DTMod:TargetDefense","DTMod:SwitchingTactic","DTMod:CalculatedDefense","DTMod:Prediction","DTMod:EchoTactic","DTMod:CleansingStrike","DTMod:Threaten","Decay","DTMod:DarkBreath","DTMod:BurningEnergy","Doubt","DTMod:ComboAttack"],"relics":["DTMod:PactStone","Runesmith:AutoHammer","Dead Branch","DemoMod:Metronome","Prayer Wheel"],"acts_visited":["Exordium"],"potions_floor_usage":[8,8,14,16],"damage_taken":[{"damage":0,"enemies":"Cultist","floor":1,"turns":4},{"damage":0,"enemies":"Small Slimes","floor":2,"turns":4},{"damage":0,"enemies":"Jaw Worm","floor":4,"turns":5},{"damage":0,"enemies":"2 Fungi Beasts","floor":5,"turns":4},{"damage":4,"enemies":"Gremlin Nob","floor":6,"turns":5},{"damage":0,"enemies":"Lagavulin","floor":8,"turns":7},{"damage":0,"enemies":"Large Slime","floor":10,"turns":5},{"damage":8,"enemies":"3 Sentries","floor":14,"turns":8},{"damage":32,"enemies":"Hexaghost","floor":16,"turns":14}],"seed_played":"5727700999886123239","potions_obtained":[{"floor":1,"key":"EssenceOfSteel"},{"floor":5,"key":"Dexterity Potion"},{"floor":6,"key":"FearPotion"},{"floor":10,"key":"Dexterity Potion"}],"is_trial":false,"path_per_floor":["M","M","?","M","M","E","?","E","T","M","?","?","?","E","R","B"],"character_chosen":"THE_DT","items_purchased":[],"campfire_rested":0,"item_purchase_floors":[],"current_hp_per_floor":[45,45,45,45,45,41,41,41,41,41,45,45,34,26,26,0,0,0],"gold":481,"neow_bonus":"RANDOM_COMMON_RELIC","is_daily":false,"chose_seed":false,"campfire_upgraded":1,"win_rate":0.0,"timestamp":1608670351,"path_taken":["M","M","?","M","M","E","?","E","T","?","?","?","?","E","R","BOSS"],"items_purchased_type":[],"build_version":"2020-12-13","purchased_purges":0,"victory":false,"max_hp_per_floor":[45,45,45,45,45,45,45,45,45,45,45,45,45,45,45,45,45,45],"card_choices":[{"not_picked":["DTMod:HeatWave","DTMod:BuildUp"],"picked":"DTMod:CalculatedDefense","floor":1},{"not_picked":["DTMod:BlazingStrike","DTMod:BurningEnergy"],"picked":"DTMod:Prediction","floor":2},{"not_picked":["DTMod:BuildUp","DTMod:TagTeam"],"picked":"DTMod:EchoTactic","floor":4},{"not_picked":["DTMod:Adaptation","DTMod:Feint"],"picked":"DTMod:CleansingStrike","floor":5},{"not_picked":["DTMod:CleansingStrike","DTMod:Cover"],"picked":"DTMod:Threaten","floor":6},{"not_picked":["DTMod:Coolant","DTMod:SneakAttack"],"picked":"DTMod:DarkBreath","floor":8},{"not_picked":["DTMod:BlueScale","DTMod:HeatWave"],"picked":"DTMod:BurningEnergy","floor":10},{"not_picked":["DTMod:HeatWave","DTMod:LastStand"],"picked":"DTMod:ComboAttack","floor":14}],"player_experience":950647,"relics_obtained":[{"floor":6,"key":"Dead Branch"},{"floor":8,"key":"DemoMod:Metronome"},{"floor":14,"key":"Prayer Wheel"}],"event_choices":[{"damage_healed":0,"gold_gain":0,"player_choice":"Ignored","damage_taken":0,"max_hp_gain":0,"max_hp_loss":0,"event_name":"Golden Wing","floor":3,"gold_loss":0},{"damage_healed":0,"gold_gain":0,"player_choice":"Cursed","damage_taken":0,"max_hp_gain":0,"max_hp_loss":0,"event_name":"Wheel of Change","floor":7,"gold_loss":0,"cards_obtained":["Decay"]},{"damage_healed":11,"gold_gain":0,"player_choice":"Healed","damage_taken":0,"max_hp_gain":0,"max_hp_loss":0,"event_name":"The Cleric","floor":11,"gold_loss":35},{"damage_healed":0,"gold_gain":175,"player_choice":"AGREE","damage_taken":0,"max_hp_gain":0,"max_hp_loss":0,"event_name":"Liars Game","floor":12,"gold_loss":0,"cards_obtained":["Doubt"]},{"damage_healed":0,"gold_gain":75,"player_choice":"Gather Gold","damage_taken":11,"max_hp_gain":0,"max_hp_loss":0,"event_name":"World of Goop","floor":13,"gold_loss":0}],"is_beta":false,"boss_relics":[],"items_purged_floors":[],"is_endless":false,"potions_floor_spawned":[1,5,6,10],"killed_by":"Hexaghost","ascension_level":0}}