{"host":"pszcj3piwl6eu8b1","time":1608597829,"event":{"mods":["2.2 Compatiblity","Act Like it!","Aspiration","BaseMod","Better Altar","Better Match","Better Note","Better Sensory Stone","Better Skull","Better Third Choice","Better Vampires","CCEM","CapriCore","Downfall","Elementarium","Energized Spire","Gensokyo","GifTheSpireLib","Hallownest","Hermit","Hubris","Humility","Jorbs\u0027s Wanderer Trilogy","Marisa????????","Marked Mod","Menagerie","Minty Spire (QoL Compilation)","Permanent Neow","Quarter Circle Forward PUNCH!","Quick Restart","Replay The Spire","Shop Mod","StSLib","Stuff the Spire","The Animator","The Blue Laboratory","The Hayseed","The Immortal","Wandering Minibosses","vexMod"],"gold_per_floor":[128,128,128,128,128,153,153,190,215,30,40,59,343,343,343,420,420,440,451,474,361,361,361,361,361],"floor_reached":24,"playtime":2406,"items_purged":[],"score":494,"play_id":"37030b54-122a-45c3-beb0-b89fdeee98a8","local_time":"20201221164349","is_ascension_mode":true,"campfire_choices":[{"floor":15.0,"key":"REST"},{"data":"animator:IrohaTamaki","floor":23.0,"key":"SMITH"}],"circlet_count":0,"master_deck":["AscendersBane","animator:Strike_MadokaMagica","animator:Defend_MadokaMagica","animator:Strike","animator:Strike","animator:Defend","animator:Defend","animator:IrohaTamaki+1","animator:YuiTsuruno","animator:Elsword","animator:Ara","animator:ZankiKiguchi","animator:YachiyoNanami","Gensokyo:ScrapIron","animator:SuzuneAmano","animator:GoblinSlayer","animator:Entoma+3","animator:Shiro","animator:ChaikaTrabant","animator:YuiTsuruno","animator:OrikoMikuni+1","animator:Eris+1","animator:Rimuru","animator:Elesis+2"],"relics":["animator:TheMissingPiece","animator:PurgingStone","StuffTheSpire:RunicHypercube","Ring of Searing","Ring of Peace","hubris:Icosahedron","ReplayTheSpireMod:Ninjato","CCEMRelics:PorcelainBowl","Blood Vial","Replay:Bottled Flurry","Counterbalance","Black Star","Frozen Eye"],"acts_visited":["Gensokyo:Gensokyo","Gensokyo:Gensokyoer"],"potions_floor_usage":[],"damage_taken":[{"damage":0.0,"enemies":"Gensokyo:Python","floor":1.0,"turns":3.0},{"damage":26.0,"enemies":"Gensokyo:Cirno","floor":6.0,"turns":6.0},{"damage":0.0,"enemies":"Gensokyo:Mamizou","floor":8.0,"turns":4.0},{"damage":0.0,"enemies":"Gensokyo:Gryphon","floor":11.0,"turns":5.0},{"damage":0.0,"enemies":"Gensokyo:2_Kodama","floor":12.0,"turns":5.0},{"damage":0.0,"enemies":"Gensokyo:Aya","floor":13.0,"turns":6.0},{"damage":20.0,"enemies":"Gensokyo:5_Fairies","floor":14.0,"turns":6.0},{"damage":11.0,"enemies":"Gensokyo:Yukari","floor":16.0,"turns":6.0},{"damage":30.0,"enemies":"Gensokyo:2_Gloops","floor":18.0,"turns":4.0},{"damage":2.0,"enemies":"Gensokyo:AngelMirror","floor":19.0,"turns":3.0},{"damage":9.0,"enemies":"Gensokyo:Swordslinger","floor":20.0,"turns":4.0},{"damage":0,"enemies":"Gensokyo:Koishi","floor":24,"turns":1}],"seed_played":"3261687942320499386","potions_obtained":[{"floor":11.0,"key":"blueLaboratory:BottledHope"},{"floor":12.0,"key":"SteroidPotion"},{"floor":16.0,"key":"TheSimpletonMod:MoonshinePotion"},{"floor":19.0,"key":"blueLaboratory:FruitPunch"}],"is_trial":false,"path_per_floor":["M","?","?","?","?","E","?","E","T","COS","M","M","E","M","R","B",null,"M","M","M","?","?","R","E"],"character_chosen":"THE_ANIMATOR","items_purchased":[],"campfire_rested":1,"item_purchase_floors":[],"current_hp_per_floor":[54,54,55,55,55,29,14,14,14,14,17,19,21,5,24,15,52,26,26,23,23,23,23,25,25],"gold":361,"neow_bonus":"BOSS_RELIC","is_daily":false,"chose_seed":false,"campfire_upgraded":1,"win_rate":0.0,"timestamp":1608597829,"path_taken":["M","?","?","?","?","E","?","E","T","COS","?","M","E","M","R","BOSS","M","M","M","?","?","R","E"],"items_purchased_type":[],"build_version":"2020-12-13","purchased_purges":0,"victory":false,"max_hp_per_floor":[60,60,61,61,61,61,61,61,61,61,62,62,62,64,64,64,64,66,66,70,70,70,70,70,70],"card_choices":[{"not_picked":["animator:Demiurge","animator:Jibril"],"picked":"animator:Elsword","floor":1.0},{"not_picked":["animator:Rena","animator:Yoichi"],"picked":"animator:Ara","floor":3.0},{"not_picked":["animator:Tyuule","animator:Millim"],"picked":"animator:ZankiKiguchi","floor":6.0},{"not_picked":["animator:Mitsurugi","animator:SakuraMatou"],"picked":"animator:YachiyoNanami","floor":8.0},{"not_picked":["animator:IrohaTamaki","animator:KyokoSakura"],"picked":"animator:SuzuneAmano","floor":11.0},{"not_picked":["animator:Elesis","animator:ItamiYouji"],"picked":"animator:GoblinSlayer","floor":12.0},{"not_picked":["animator:HighElfArcher","animator:KyokoSakura"],"picked":"animator:Entoma","floor":12.0},{"not_picked":["animator:TsurugaMeisai","animator:Yoichi"],"picked":"animator:Shiro","floor":13.0},{"not_picked":["animator:Shuna","animator:Azekura","animator:Priestess"],"picked":"SKIP","floor":14.0},{"not_picked":["animator:Father","animator:Saitama"],"picked":"animator:ChaikaTrabant","floor":16.0},{"not_picked":["animator:NagisaMomoe","animator:KyokoSakura"],"picked":"animator:YuiTsuruno","floor":18.0},{"not_picked":["animator:Yuuichirou+1","animator:Megumin","animator:Mitsurugi"],"picked":"SKIP","floor":19.0},{"not_picked":["animator:Biyorigo","animator:PandorasActor"],"picked":"animator:OrikoMikuni+1","floor":20.0},{"not_picked":["animator:Shizu+1","animator:Greed+1"],"picked":"animator:Eris+1","floor":21.0},{"not_picked":["animator:Envy+1","animator:SwordMaiden+1"],"picked":"animator:Rimuru","floor":21.0},{"not_picked":["animator:Eris+1","animator:Boros+1"],"picked":"animator:Elesis+1","floor":21.0}],"player_experience":1556493,"relics_obtained":[{"floor":2.0,"key":"Ring of Searing"},{"floor":2.0,"key":"Ring of Peace"},{"floor":6.0,"key":"ReplayTheSpireMod:Ninjato"},{"floor":8.0,"key":"CCEMRelics:PorcelainBowl"},{"floor":9.0,"key":"Blood Vial"},{"floor":13.0,"key":"Replay:Bottled Flurry"}],"event_choices":[{"damage_healed":0.0,"max_hp_gain":0.0,"max_hp_loss":0.0,"gold_gain":0.0,"event_name":"betterMatch:BetterMatch","player_choice":"3","floor":21.0,"gold_loss":0.0,"damage_taken":0.0,"cards_obtained":["betterMatch:RareCard"]}],"is_beta":false,"boss_relics":[{"not_picked":["energizedSpire:CursedPentagram","Velvet Choker"],"picked":"Black Star"}],"items_purged_floors":[],"is_endless":false,"potions_floor_spawned":[11,12,16,18,19],"killed_by":"Gensokyo:Koishi","ascension_level":20}}