{"host":"a61r67bv2jut9r88","time":1608635458,"event":{"mods":["AchievementEnabler","BaseMod","Downfall","Minty Spire (QoL Compilation)","Replay The Spire","Shop Mod","StSLib","SuperFastMode"],"gold_per_floor":[119,119,119,44,55,82,97,131,131,31,106,121,121,121,121,218,218,228,228,244,119,119,166,166,16,61,61,91,108,108,135,135,232,232,244,244,297,373,390,390,215,15,39,57,57,57],"floor_reached":45,"playtime":2162,"items_purged":["Defend_R","Strike_R","CommonCold","Strike_R","Strike_R","Defend_R"],"score":525,"play_id":"6d126678-bd8f-4004-ba4a-a810c8de88b5","local_time":"20201222191058","daily_mods":["Allstar","Diverse","Colorless Cards","Heirloom","Time Dilation","Flight","downfall:Lament"],"is_ascension_mode":false,"campfire_choices":[{"floor":24,"key":"REST"},{"data":"Metamorphosis","floor":27,"key":"SMITH"},{"data":"Bash","floor":30,"key":"SMITH"},{"floor":32,"key":"REST"},{"data":"The Bomb","floor":40,"key":"SMITH"}],"circlet_count":0,"master_deck":["Strike_R","Strike_R","Defend_R","Defend_R","Bash+1","Poisoned Strike","Good Instincts+1","Metamorphosis+1","The Bomb+1","Phantasmal Killer","Pommel Strike","Dramatic Entrance+1"],"relics":["Burning Blood","NeowsBlessing","Ginger","Paper Frog","Guardian:PocketSentry","Pear","Ring of Panic","Ring of Peace","Ring of Chaos","Enchiridion","CaptainsWheel","Orichalcum","Toxic Egg 2","Replay:Accelerometer","Ooze Armor","Ice Cream","Shuriken","CeramicFish"],"acts_visited":["Exordium","TheCity","TheBeyond"],"potions_floor_usage":[33,33,45],"damage_taken":[{"damage":0.0,"enemies":"2 Louse","floor":1.0,"turns":1.0},{"damage":0.0,"enemies":"Cultist","floor":5.0,"turns":1.0},{"damage":0.0,"enemies":"Lagavulin","floor":6.0,"turns":2.0},{"damage":0.0,"enemies":"Small Slimes","floor":7.0,"turns":3.0},{"damage":24.0,"enemies":"Replay:BlueRogue","floor":8.0,"turns":4.0},{"damage":8,"enemies":"Red Slaver","floor":12,"turns":2},{"damage":34,"enemies":"Hexaghost","floor":16,"turns":7},{"damage":11,"enemies":"Spheric Guardian","floor":18,"turns":4},{"damage":9,"enemies":"2 Thieves","floor":20,"turns":4},{"damage":15,"enemies":"Book of Stabbing","floor":23,"turns":5},{"damage":30,"enemies":"Gremlin Leader","floor":28,"turns":4},{"damage":0,"enemies":"Centurion and Healer","floor":29,"turns":4},{"damage":16,"enemies":"Slavers","floor":31,"turns":5},{"damage":25,"enemies":"Collector","floor":33,"turns":5},{"damage":0,"enemies":"3 Shapes","floor":35,"turns":3},{"damage":34,"enemies":"2 Orb Walkers","floor":37,"turns":5},{"damage":0,"enemies":"Orb Walker","floor":39,"turns":3},{"damage":14,"enemies":"Spire Growth","floor":44,"turns":3},{"damage":74,"enemies":"Reptomancer","floor":45,"turns":3}],"seed_played":"666183878784679167","potions_obtained":[{"floor":6.0,"key":"Cursed Concoction"},{"floor":8.0,"key":"LiquidBronze"},{"floor":12,"key":"FearPotion"},{"floor":19,"key":"DuplicationPotion"},{"floor":29,"key":"LifebloodPotion"},{"floor":35,"key":"SkillPotion"},{"floor":44,"key":"Strength Potion"}],"is_trial":true,"path_per_floor":["M","?","?","$","M","E","M","E","T","$","?","M","$","?","R","B",null,"M","?","M","$","?","E","R","$","T","R","E","M","R","E","R","B",null,"M","?","?","T","M","R","$","$","T","M","E"],"character_chosen":"IRONCLAD","items_purchased":[],"campfire_rested":2,"item_purchase_floors":[],"current_hp_per_floor":[80,85,85,85,85,85,85,67,77,77,68,66,66,66,94,66,95,90,90,87,87,71,62,90,90,90,90,66,72,72,62,90,71,95,95,95,67,67,73,73,73,73,73,65,0,0],"gold":57,"neow_bonus":"","is_daily":false,"chose_seed":false,"campfire_upgraded":3,"win_rate":0.0,"timestamp":1608635458,"path_taken":["M","?","?","$","?","E","M","E","T","$","?","?","$","?","R","BOSS","M","?","?","$","?","E","R","$","T","R","E","M","R","E","R","BOSS","M","?","?","?","M","R","$","$","T","?","E"],"items_purchased_type":[],"build_version":"2020-12-13","purchased_purges":6,"victory":false,"max_hp_per_floor":[80,85,85,85,85,85,85,85,95,95,95,95,95,95,95,95,95,95,95,95,95,95,95,95,95,95,95,95,95,95,95,95,95,95,95,95,95,95,95,95,95,95,95,95,95,95],"card_choices":[{"not_picked":["Slimebound:AcidTongue","champ:EndlessRage","Concentrate"],"picked":"SKIP","floor":1.0},{"not_picked":["ReplayTheSpireMod:Muscle Training","Discovery","Leap"],"picked":"SKIP","floor":5.0},{"not_picked":["Terror","Iron Wave","sneckomod:UnknownWeak"],"picked":"SKIP","floor":6.0},{"not_picked":["sneckomod:UnknownUncommonPower","hexamod:BurningTouch","Replay:Undeath\u0027s Touch"],"picked":"SKIP","floor":7.0},{"not_picked":["Halt","Brilliance","Heatsinks"],"picked":"SKIP","floor":8.0},{"not_picked":["sneckomod:QuickMove","Slimebound:LeechingTouch","Riddle With Holes"],"picked":"SKIP","floor":12},{"not_picked":["Forethought","Protect","Cloak And Dagger+1"],"picked":"SKIP","floor":18},{"not_picked":["champ:Circumvent+1","Slimebound:GoopSpray+1"],"picked":"Pommel Strike","floor":20},{"not_picked":["JustLucky","SandsOfTime","Guardian:PiercingHide+1"],"picked":"SKIP","floor":23},{"not_picked":["Protect+1","Cleave","WreathOfFlame+1"],"picked":"SKIP","floor":28},{"not_picked":["Crystallizer","Slimebound:FinishingTackle","Slimebound:SpikyOuterGoop"],"picked":"SKIP","floor":29},{"not_picked":["Slimebound:ItLooksTasty","Discovery+1"],"picked":"Dramatic Entrance+1","floor":31},{"not_picked":["Guardian:WalkerClaw","Prepared+1","sneckomod:IronFang"],"picked":"SKIP","floor":35},{"not_picked":["Self Repair","Blind+1","Replay:SS_hec_2+1"],"picked":"SKIP","floor":39},{"not_picked":["hexamod:ExtraCrispy+1","champ:FightOn","Sword Boomerang+1"],"picked":"SKIP","floor":44}],"player_experience":409148,"relics_obtained":[{"floor":6.0,"key":"Paper Frog"},{"floor":8.0,"key":"Guardian:PocketSentry"},{"floor":9.0,"key":"Pear"},{"floor":14,"key":"Ring of Panic"},{"floor":14,"key":"Ring of Peace"},{"floor":22,"key":"Enchiridion"},{"floor":23,"key":"CaptainsWheel"},{"floor":26,"key":"Orichalcum"},{"floor":28,"key":"Toxic Egg 2"},{"floor":31,"key":"Replay:Accelerometer"},{"floor":37,"key":"Ice Cream"},{"floor":38,"key":"Shuriken"},{"floor":43,"key":"CeramicFish"}],"event_choices":[{"damage_healed":0.0,"max_hp_gain":5.0,"max_hp_loss":0.0,"gold_gain":0.0,"event_name":"Big Fish","player_choice":"Donut","floor":2.0,"gold_loss":0.0,"damage_taken":0.0},{"damage_healed":0.0,"max_hp_gain":0.0,"max_hp_loss":0.0,"gold_gain":0.0,"event_name":"Match and Keep!","player_choice":"1 cards matched","floor":3.0,"gold_loss":0.0,"damage_taken":0.0,"cards_obtained":["Phantasmal Killer"]},{"damage_healed":0.0,"max_hp_gain":0.0,"max_hp_loss":0.0,"gold_gain":75.0,"event_name":"FaceTrader","player_choice":"Touch","floor":11.0,"gold_loss":0.0,"damage_taken":9.0},{"damage_healed":0,"gold_gain":0,"player_choice":"Got Potions","damage_taken":0,"max_hp_gain":0,"max_hp_loss":0,"event_name":"Lab","floor":19,"gold_loss":0},{"damage_healed":0,"gold_gain":0,"player_choice":"Obtained Book","damage_taken":16,"max_hp_gain":0,"max_hp_loss":0,"event_name":"Cursed Tome","floor":22,"gold_loss":0},{"cards_removed":["Replay:SS_fish_1"],"damage_healed":0,"gold_gain":0,"player_choice":"Removed Skill","damage_taken":0,"max_hp_gain":0,"max_hp_loss":0,"event_name":"Falling","floor":36,"gold_loss":0},{"damage_healed":0,"gold_gain":0,"player_choice":"Fight","damage_taken":0,"max_hp_gain":0,"max_hp_loss":0,"event_name":"Mysterious Sphere","floor":37,"gold_loss":0}],"is_beta":false,"boss_relics":[{"not_picked":["Busted Crown","Abe\u0027s Treasure"],"picked":"Ring of Chaos"},{"not_picked":["Cursed Key","Honey Jar"],"picked":"Ooze Armor"}],"items_purged_floors":[4,10,21,25,41,42],"is_endless":false,"potions_floor_spawned":[6,8,12,16,18,28,29,31,35,44],"killed_by":"Reptomancer","ascension_level":0}}