{"host":"0gy90rl0ccnvdufw","time":1608611682,"event":{"mods":["AchievementEnabler","Act Like it!","Aspiration","Bard","BaseMod","Better Third Choice","Better Vampires","BetterRewards","ChefMod","Colored Map","Colored Powertips","Conspire","Decade(???)","Downfall","Ekko","Gensokyo","GungeonMod","Halation","Hubris","Infinite Spire","Jedi Mod","KomeijiMod","Luminous","Minty Spire (QoL Compilation)","Quick Restart","Rare Cards Sparkle","Replay The Spire","Robot Space Explorer","StSLib","SuperFastMode","The Cursed","The Disciple","The Dragon Tamer","The Forsaken","The Jungle","[IsaacMod]????","??????REMEMod"],"gold_per_floor":[117,128,128,141,0,0,49,73,98,152,221,249,287,23,23,153,153,166,166,216,273,285,297,309,321,424,436,448,314,229,129,129,129,129,129,129,129,129,129],"floor_reached":38,"playtime":1360,"items_purged":["DoctorFetus","Gensokyo:ImpossibleRequest"],"score":454,"play_id":"74e045d6-b40c-464f-a050-f8318ceffff3","local_time":"20201221223442","is_ascension_mode":false,"campfire_choices":[{"data":"Enlightenment","floor":6.0,"key":"SMITH"},{"floor":15.0,"key":"REST"},{"data":"REME_Flogging","floor":25.0,"key":"SMITH"},{"floor":27.0,"key":"REST"},{"data":"Apotheosis","floor":32.0,"key":"SMITH"},{"floor":34.0,"key":"REST"}],"circlet_count":0,"master_deck":["Luminous:Light_Flash_Shower","Luminous:Light_Flash_Shower","Luminous:Light_Flash_Shower","Luminous:Dark_Abyssal_Drop","Luminous:Dark_Abyssal_Drop","Luminous:Dark_Abyssal_Drop","Luminous:Defend_Luminous","Luminous:Defend_Luminous","Luminous:Defend_Luminous","Luminous:Defend_Luminous","Luminous:Switch_Luminous","DemoMod:Elimentaler","Luminous:Chaos_Field_Luminous","Turbo","Enlightenment+1","TheCursedMod:FleshFromBone","KouPou+1","conspire:Banana","REME_Flogging+1","DemoMod:FinishedGun","RobotSpaceExplorer:StunGrenade","Normality","Conserve Battery","hubris:Despair","SwitchConfidence","Apotheosis+1","bard:ReverseGravity","Slimebound:Grow+1"],"relics":["Luminous:MirrorRelic","REME_ComplimentaryCards","HushsDoor","SalivaCoin","NeowsBlessing","PrismaticShard","jedi:shrinkray","theForsaken:Gavel","DemoMod:ClearGuonStone","Black Star","Ring of Greed","MawBank","Replay:Bandana","hubris:PeanutButter","DemoMod:DecoyRelic","DemoMod:JetPack","jedi:ominousloannote","GuppysTail","BookOfRevelations","Cursed Key"],"acts_visited":["Exordium","TheCity","TheBeyond"],"potions_floor_usage":[35,38],"damage_taken":[{"damage":0.0,"enemies":"Jaw Worm","floor":1.0,"turns":1.0},{"damage":0.0,"enemies":"Small Slimes","floor":2.0,"turns":1.0},{"damage":0.0,"enemies":"Cultist","floor":4.0,"turns":1.0},{"damage":26.0,"enemies":"Gremlin Nob","floor":7.0,"turns":4.0},{"damage":1.0,"enemies":"2 Fungi Beasts","floor":8.0,"turns":2.0},{"damage":17.0,"enemies":"Replay:BlueRogue","floor":10.0,"turns":4.0},{"damage":16.0,"enemies":"Gremlin Gang","floor":11.0,"turns":6.0},{"damage":10.0,"enemies":"Large Slime","floor":12.0,"turns":5.0},{"damage":9.0,"enemies":"Exordium Thugs","floor":13.0,"turns":4.0},{"damage":15.0,"enemies":"The Guardian","floor":16.0,"turns":13.0},{"damage":0.0,"enemies":"Spheric Guardian","floor":18.0,"turns":1.0},{"damage":7.0,"enemies":"Chosen","floor":21.0,"turns":3.0},{"damage":24.0,"enemies":"Book of Stabbing","floor":26.0,"turns":4.0},{"damage":15.0,"enemies":"3 Cultists","floor":31.0,"turns":4.0},{"damage":24.0,"enemies":"Snake Plant","floor":33.0,"turns":3.0},{"damage":55,"enemies":"Automaton","floor":35,"turns":8},{"damage":10,"enemies":"Orb Walker","floor":37,"turns":3},{"damage":94,"enemies":"2 Orb Walkers","floor":38,"turns":5}],"seed_played":"-4966003160548235846","potions_obtained":[{"floor":1.0,"key":"Adrenaline Potion"},{"floor":8.0,"key":"Guardian:BlockOnCardUsePotion"},{"floor":10.0,"key":"Cursed Concoction"},{"floor":12.0,"key":"DemoMod:LeadSkinPotion"},{"floor":18.0,"key":"SpeedPotion"},{"floor":31.0,"key":"FearPotion"},{"floor":37,"key":"Reflective Coating"}],"is_trial":false,"path_per_floor":["M","M","?","M","?","R","E","M","T","E","M","M","M","$","R","B",null,"M","?","?","M","?","PTL","PTL","R","E","R","T","$","?","M","R","M","R","B",null,"M","?"],"character_chosen":"LuminousClass","items_purchased":["REME_Flogging","jedi:ominousloannote","GuppysTail","Apotheosis"],"campfire_rested":3,"item_purchase_floors":[14,29,29,29],"current_hp_per_floor":[75,75,75,75,81,81,55,54,54,37,21,11,3,3,27,13,83,84,84,84,78,78,78,78,78,55,80,80,80,80,66,66,43,69,15,89,81,0,0],"gold":129,"neow_bonus":"THREE_ENEMY_KILL","is_daily":false,"chose_seed":false,"campfire_upgraded":3,"win_rate":0.0,"timestamp":1608611682,"path_taken":["M","M","?","?","?","R","E","M","T","E","M","M","?","$","R","BOSS","M","?","?","M","?","PTL","PTL","R","E","R","T","?","?","M","R","M","R","BOSS","M","?"],"items_purchased_type":["Card","Relic","Relic","Card"],"build_version":"2020-12-13","purchased_purges":2,"victory":false,"max_hp_per_floor":[75,75,75,75,81,81,81,81,81,81,81,81,82,82,82,83,83,84,84,84,85,85,85,85,85,86,86,86,86,86,87,87,88,88,89,89,91,91,91],"card_choices":[{"not_picked":[],"picked":"DoctorFetus","floor":0.0},{"not_picked":["Luminous:Light_Wash_Luminous","Luminous:Concentrate_Luminous"],"picked":"Bomb","floor":1.0},{"not_picked":["Luminous:Light_Gather","Luminous:Darks_Surge_Luminous"],"picked":"Luminous:Chaos_Field_Luminous","floor":2.0},{"not_picked":["DemoMod:ShadowBullets","Agarareta+1"],"picked":"Turbo","floor":4.0},{"not_picked":["BeatsPerMinute","theForsaken:StoreUp"],"picked":"expansioncontent:Chronoboost","floor":7.0},{"not_picked":["NingyouFukuhei+1","aspiration:Polymerization"],"picked":"TheCursedMod:FleshFromBone","floor":8.0},{"not_picked":["UnarmedAttack4","hexamod:BurningTouch"],"picked":"KouPou+1","floor":10.0},{"not_picked":["hubris:SlightOfHand","Guardian:HyperBeam_Guardian","Stack"],"picked":"SKIP","floor":11.0},{"not_picked":["hexamod:SpectersWail","RobotSpaceExplorer:Blitz"],"picked":"conspire:Banana","floor":12.0},{"not_picked":["Hibiki_Attack1","bard:Gamble","theForsaken:FatRoll"],"picked":"SKIP","floor":13.0},{"not_picked":["RobotSpaceExplorer:ChargingLaser","DTMod:StunTrap"],"picked":"DemoMod:FinishedGun","floor":16.0},{"not_picked":["Guardian:CrystalBeam","Bane","Coolheaded+1"],"picked":"SKIP","floor":18.0},{"not_picked":["KouPou+1","sneckomod:QuickMove"],"picked":"RobotSpaceExplorer:StunGrenade","floor":21.0},{"not_picked":["Reflex","DemoMod:ThirdPartyController"],"picked":"Conserve Battery","floor":26.0},{"not_picked":["Hibiki_Attack2","SeekerDolls","Cloak And Dagger"],"picked":"SKIP","floor":31.0},{"not_picked":["sneckomod:UnknownVulnerable","sneckomod:ImprovisedAttack+1","Decade_Illusion"],"picked":"SKIP","floor":33.0},{"not_picked":["TheCursedMod:CursedRelics","Brutality"],"picked":"bard:ReverseGravity","floor":35},{"not_picked":["Melting+1","ResonantCall"],"picked":"Slimebound:Grow+1","floor":37}],"player_experience":312920,"relics_obtained":[{"floor":7.0,"key":"jedi:shrinkray"},{"floor":9.0,"key":"theForsaken:Gavel"},{"floor":10.0,"key":"DemoMod:ClearGuonStone"},{"floor":20.0,"key":"Ring of Greed"},{"floor":20.0,"key":"MawBank"},{"floor":20.0,"key":"Replay:Bandana"},{"floor":26.0,"key":"hubris:PeanutButter"},{"floor":26.0,"key":"DemoMod:DecoyRelic"},{"floor":28.0,"key":"DemoMod:JetPack"}],"event_choices":[{"damage_healed":0.0,"max_hp_gain":0.0,"max_hp_loss":0.0,"gold_gain":0.0,"event_name":"betterThird:BetterSerpent","player_choice":"RENOUNCE","floor":5.0,"gold_loss":141.0,"damage_taken":141.0,"cards_obtained":["Enlightenment"]},{"cards_removed":["expansioncontent:Chronoboost"],"damage_healed":0.0,"max_hp_gain":0.0,"max_hp_loss":0.0,"gold_gain":0.0,"event_name":"Bonfire Elementals","player_choice":"Offered Uncommon","floor":19.0,"gold_loss":0.0,"damage_taken":0.0},{"damage_healed":0.0,"max_hp_gain":0.0,"max_hp_loss":0.0,"gold_gain":0.0,"event_name":"Addict","player_choice":"Obtained Relic","floor":30.0,"gold_loss":85.0,"damage_taken":0.0,"relics_obtained":["BookOfRevelations"]},{"damage_healed":0,"gold_gain":0,"player_choice":"Fight","damage_taken":0,"max_hp_gain":0,"max_hp_loss":0,"event_name":"Mysterious Sphere","floor":38,"gold_loss":0}],"is_beta":false,"boss_relics":[{"not_picked":["Sozu","aspiration:RunicSpoon"],"picked":"Black Star"},{"not_picked":[]},{"not_picked":["aspiration:RitualDagger","halation:CatFaceCupcake"],"picked":"Cursed Key"},{"not_picked":[]}],"items_purged_floors":[14,29],"is_endless":false,"potions_floor_spawned":[1,8,10,12,18,31,37],"killed_by":"2 Orb Walkers","ascension_level":0}}