{"host":"o5jvvi5yapo90aia","time":1608635352,"event":{"mods":["BaseMod","CapriCore","Minty Spire (QoL Compilation)","MostiFishMod","Prisma Mod","Spicy Shops","StSLib","TestMod","The Immortal","【东方二次创作】八云紫mod","【人物mod】游戏王New YuGiOh mod","【功能Mod】Neow奖励"],"gold_per_floor":[128,62,90,118,518,518,567,596,596,521,521,563,589,615,615,706,706,734,766,797,462,486,533,533,572,594,226,226,0,26,67,67,151,151,183,183,183,183,209,252,252,291,313,351,389,389,416,457,457,471,485,485,485,68,110,124],"floor_reached":57,"playtime":4201,"items_purged":["Strike_B","Strike_B","Strike_B","Dualcast"],"score":3801,"play_id":"d4b95f5b-4fe5-42f7-83b4-2a4154e2fda2","local_time":"20201222190912","is_ascension_mode":true,"campfire_choices":[{"data":"Normality","floor":6.0,"key":"PURGE"},{"data":"MostiFishMod:STOP","floor":15.0,"key":"SMITH"},{"data":"Strike_B","floor":32.0,"key":"PURGE"},{"floor":46,"key":"RECALL"},{"data":"Defend_B","floor":49,"key":"PURGE"},{"data":"Defend_B","floor":53,"key":"PURGE"}],"circlet_count":0,"master_deck":["AscendersBane","Defend_B","Zap","White Noise","MostiFishMod:STOP+1","Biased Cognition+1","Ball Lightning","Echo Form","Core Surge","Meteor Strike","MostiFishMod:SeaWaves+1","MostiFishMod:ActiveDefenseSystem+1","Coolheaded+1","MostiFishMod:TalkingToTheRain+1","MostiFishMod:Prepare+1","MostiFishMod:UniBlue+1","Creative AI+1"],"relics":["testmod-TestBox","Transparent","RhineSuit","testmod-BlackFramedGlasses","Question Card","Medical Kit","Matryoshka","DataDisk","testmod-EqualTreatment","ImportantClient","testmod-BatchProcessingSystem","testmod-Charity","Boot","Pear","Juzu Bracelet","Happy Flower","Toxic Egg 2","Orrery","BrkXgEgg","Mercury Hourglass","Black Star","White Beast Statue","Bronze Scales","Akabeko","Anchor","MealTicket","Art of War","testmod-ObsoleteBoomerang","Omamori","ArrowTower","Sundial","Toy Ornithopter","Technique","Strawberry","Civilization"],"acts_visited":["Exordium","TheCity","TheBeyond","TheEnding"],"potions_floor_usage":[54,56,56],"damage_taken":[{"damage":7.0,"enemies":"Cultist","floor":1.0,"turns":1.0},{"damage":29.0,"enemies":"Small Slimes","floor":3.0,"turns":3.0},{"damage":14.0,"enemies":"2 Louse","floor":4.0,"turns":2.0},{"damage":32.0,"enemies":"Gremlin Nob","floor":7.0,"turns":3.0},{"damage":14.0,"enemies":"Exordium Thugs","floor":8.0,"turns":3.0},{"damage":23.0,"enemies":"Lagavulin","floor":12.0,"turns":3.0},{"damage":7.0,"enemies":"Lots of Slimes","floor":13.0,"turns":1.0},{"damage":14.0,"enemies":"Gremlin Gang","floor":14.0,"turns":2.0},{"damage":7.0,"enemies":"Hexaghost","floor":16.0,"turns":5.0},{"damage":14.0,"enemies":"Spheric Guardian","floor":18.0,"turns":2.0},{"damage":14.0,"enemies":"Shell Parasite","floor":19.0,"turns":2.0},{"damage":14.0,"enemies":"Cultist and Chosen","floor":20.0,"turns":2.0},{"damage":14.0,"enemies":"Snecko","floor":22.0,"turns":2.0},{"damage":14.0,"enemies":"Book of Stabbing","floor":23.0,"turns":2.0},{"damage":16.0,"enemies":"Slavers","floor":25.0,"turns":2.0},{"damage":18.0,"enemies":"Centurion and Healer","floor":30.0,"turns":2.0},{"damage":27.0,"enemies":"Book of Stabbing","floor":31.0,"turns":3.0},{"damage":27.0,"enemies":"Champ","floor":33.0,"turns":6.0},{"damage":19.0,"enemies":"Orb Walker","floor":35.0,"turns":2.0},{"damage":20.0,"enemies":"3 Darklings","floor":39.0,"turns":2.0},{"damage":10.0,"enemies":"Giant Head","floor":40.0,"turns":5.0},{"damage":31.0,"enemies":"Nemesis","floor":42.0,"turns":5.0},{"damage":20,"enemies":"Mind Bloom Boss Battle","floor":44,"turns":2},{"damage":22,"enemies":"Giant Head","floor":45,"turns":2},{"damage":22,"enemies":"Spire Growth","floor":47,"turns":2},{"damage":22,"enemies":"Reptomancer","floor":48,"turns":2},{"damage":22,"enemies":"Awakened One","floor":50,"turns":3},{"damage":33,"enemies":"Time Eater","floor":51,"turns":3},{"damage":24,"enemies":"Shield and Spear","floor":55,"turns":2},{"damage":13,"enemies":"The Heart","floor":56,"turns":7}],"seed_played":"5854415700069979190","potions_obtained":[{"floor":1.0,"key":"SteroidPotion"},{"floor":3.0,"key":"Swift Potion"},{"floor":8.0,"key":"testmod-TimePotion"},{"floor":19.0,"key":"testmod-SpacePotion"},{"floor":22.0,"key":"AttackPotion"},{"floor":23.0,"key":"Fire Potion"},{"floor":39.0,"key":"LiquidMemories"},{"floor":48,"key":"Fruit Juice"}],"is_trial":false,"path_per_floor":["M","$","M","M","?","R","E","M","T","$","?","E","M","M","R","B",null,"M","M","M","$","M","E","?","E","T","$","?","$","M","E","R","B",null,"M","?","?","$","M","E","$","E","T","?","E","R","M","E","R","B","B",null,"R","$","E","B",null],"character_chosen":"DEFECT","items_purchased":["Medical Kit","testmod-Charity","Meteor Strike","Toxic Egg 2","Orrery","BrkXgEgg","Technique","MostiFishMod:UniBlue+1","Block Potion"],"campfire_rested":0,"item_purchase_floors":[2,21,21,27,27,29,54,54,54],"current_hp_per_floor":[71,71,71,71,71,71,71,71,71,71,71,71,71,71,71,71,71,71,71,71,71,73,75,54,92,93,93,93,93,95,97,97,99,99,101,101,101,101,103,105,105,107,108,110,112,112,114,116,116,117,118,118,118,123,132,134],"gold":124,"neow_bonus":"BOSS_RELIC","is_daily":false,"chose_seed":false,"campfire_upgraded":1,"win_rate":0.0,"timestamp":1608635352,"path_taken":["M","?","M","M","?","R","E","M","T","$","?","E","M","M","R","BOSS","M","?","M","$","M","E","?","E","T","?","?","$","M","E","R","BOSS","M","?","?","$","M","E","?","E","T","?","E","R","M","E","R","BOSS","BOSS","R","$","E","BOSS"],"items_purchased_type":["Relic","Relic","Card","Relic","Relic","Relic","Relic","Card","Potion"],"build_version":"2020-12-13","purchased_purges":4,"victory":true,"max_hp_per_floor":[71,71,71,71,71,71,71,71,71,71,71,71,71,71,71,71,71,71,71,71,71,73,75,80,92,93,93,93,93,95,97,97,99,99,101,101,101,101,103,105,105,107,108,110,112,112,114,116,116,117,118,118,118,123,132,134],"card_choices":[{"not_picked":["Gash","Blizzard"],"picked":"White Noise","floor":1.0},{"not_picked":["Rebound","Doom and Gloom","Static Discharge","Hello World"],"picked":"SKIP","floor":3.0},{"not_picked":["Rebound","Blizzard","Stack","Go for the Eyes"],"picked":"SKIP","floor":4.0},{"not_picked":["Redo","Chaos","Cold Snap"],"picked":"MostiFishMod:STOP","floor":7.0},{"not_picked":["Hologram","Blizzard","Cold Snap","Redo"],"picked":"SKIP","floor":8.0},{"not_picked":["Hello World","Loop","FTL","Reinforced Body"],"picked":"SKIP","floor":12.0},{"not_picked":["Chill","Leap","Sweeping Beam"],"picked":"Ball Lightning","floor":13.0},{"not_picked":["Beam Cell","Sweeping Beam","Turbo"],"picked":"Echo Form","floor":14.0},{"not_picked":["MostiFishMod:IceShield","MostiFishMod:Tomorrow","All For One"],"picked":"Core Surge","floor":16.0},{"not_picked":["Hello World","Self Repair","Chaos","Conserve Battery"],"picked":"SKIP","floor":18.0},{"not_picked":["Go for the Eyes","Heatsinks","Lockon+1","Ball Lightning+1"],"picked":"SKIP","floor":19.0},{"not_picked":["Streamline","Steam+1","Go for the Eyes","Self Repair"],"picked":"SKIP","floor":20.0},{"not_picked":["Go for the Eyes","Rebound+1","Hologram","Stack"],"picked":"SKIP","floor":22.0},{"not_picked":["Stack","Ball Lightning","Beam Cell","Barrage"],"picked":"SKIP","floor":23.0},{"not_picked":["Hologram","Turbo","Barrage+1","White Noise"],"picked":"SKIP","floor":25.0},{"not_picked":["Capacitor+1","Ball Lightning","Fusion+1"],"picked":"MostiFishMod:SeaWaves","floor":27.0},{"not_picked":["Reprogram+1","Storm","Darkness+1","Reinforced Body+1"],"picked":"SKIP","floor":30.0},{"not_picked":["Sunder","Steam+1","Heatsinks","Rip and Tear"],"picked":"SKIP","floor":31.0},{"not_picked":["MostiFishMod:Exploitation+1","MostiFishMod:Distribution+1","MostiFishMod:LinkProtocol+1"],"picked":"MostiFishMod:ActiveDefenseSystem+1","floor":33.0},{"not_picked":["Auto Shields+1","Go for the Eyes","Force Field+1","Streamline"],"picked":"SKIP","floor":35.0},{"not_picked":["Rip and Tear+1","Defragment","Redo+1"],"picked":"Coolheaded+1","floor":39.0},{"not_picked":["Leap+1","Scrape","Fusion+1"],"picked":"MostiFishMod:TalkingToTheRain+1","floor":40.0},{"not_picked":["Rebound","Hologram+1","MostiFishMod:DawningShadow+1","Steam+1"],"picked":"SKIP","floor":42.0},{"not_picked":["Sweeping Beam","Turbo+1","Steam+1"],"picked":"MostiFishMod:Prepare+1","floor":45},{"not_picked":["Streamline","Chaos+1","Steam+1","Turbo+1"],"picked":"SKIP","floor":47},{"not_picked":["Sweeping Beam","Genetic Algorithm+1","Turbo+1","Coolheaded+1"],"picked":"SKIP","floor":48},{"not_picked":["Conserve Battery+1","Steam+1","White Noise+1"],"picked":"Creative AI+1","floor":55}],"player_experience":1344153,"relics_obtained":[{"floor":1.0,"key":"Question Card"},{"floor":7.0,"key":"Matryoshka"},{"floor":9.0,"key":"DataDisk"},{"floor":12.0,"key":"testmod-EqualTreatment"},{"floor":16.0,"key":"ImportantClient"},{"floor":23.0,"key":"Boot"},{"floor":25.0,"key":"Pear"},{"floor":26.0,"key":"Juzu Bracelet"},{"floor":26.0,"key":"Happy Flower"},{"floor":31.0,"key":"Mercury Hourglass"},{"floor":40.0,"key":"Bronze Scales"},{"floor":40.0,"key":"Akabeko"},{"floor":42.0,"key":"Anchor"},{"floor":42.0,"key":"MealTicket"},{"floor":43.0,"key":"Art of War"},{"floor":44,"key":"testmod-ObsoleteBoomerang"},{"floor":45,"key":"Omamori"},{"floor":45,"key":"ArrowTower"},{"floor":48,"key":"Sundial"},{"floor":48,"key":"Toy Ornithopter"},{"floor":55,"key":"Strawberry"},{"floor":55,"key":"Civilization"}],"event_choices":[{"damage_healed":0.0,"max_hp_gain":0.0,"max_hp_loss":0.0,"gold_gain":400.0,"event_name":"恩洛斯的盘子","player_choice":"Sell","floor":5.0,"relics_lost":["DaveBox"],"gold_loss":0.0,"damage_taken":0.0},{"damage_healed":0.0,"max_hp_gain":0.0,"max_hp_loss":0.0,"gold_gain":0.0,"event_name":"Match and Keep!","player_choice":"1 cards matched","floor":11.0,"gold_loss":0.0,"damage_taken":0.0,"cards_obtained":["Biased Cognition"]},{"damage_healed":0.0,"max_hp_gain":5.0,"max_hp_loss":0.0,"gold_gain":0.0,"event_name":"Forgotten Altar","player_choice":"Shed Blood","floor":24.0,"gold_loss":0.0,"damage_taken":26.0},{"damage_healed":0.0,"max_hp_gain":0.0,"max_hp_loss":0.0,"gold_gain":0.0,"event_name":"Lab","player_choice":"Got Potions","floor":28.0,"gold_loss":0.0,"damage_taken":0.0},{"cards_removed":["Defend_B"],"damage_healed":0.0,"max_hp_gain":0.0,"max_hp_loss":0.0,"gold_gain":0.0,"event_name":"Purifier","player_choice":"Purged","floor":36.0,"gold_loss":0.0,"damage_taken":0.0},{"damage_healed":0.0,"max_hp_gain":0.0,"max_hp_loss":0.0,"gold_gain":0.0,"event_name":"WeMeetAgain","player_choice":"Gave Potion","floor":37.0,"gold_loss":0.0,"damage_taken":0.0,"relics_obtained":["White Beast Statue"]},{"damage_healed":0,"gold_gain":0,"player_choice":"Fight","damage_taken":0,"max_hp_gain":0,"max_hp_loss":0,"event_name":"MindBloom","floor":44,"gold_loss":0}],"is_beta":false,"boss_relics":[{"not_picked":["Cursed Key","testmod-DreamHouse"],"picked":"testmod-BatchProcessingSystem"},{"not_picked":["Sozu","OneHitWonderSystem"],"picked":"Black Star"}],"items_purged_floors":[10,21,29,54],"is_endless":false,"potions_floor_spawned":[1,3,8,14,19,22,23,25,33,39,40,42,44,45,47,48,55],"ascension_level":20}}