{"host":"7khtwbkyze7y134w","time":1608635129,"event":{"mods":["AchievementEnabler","BaseMod","Bestiary","Colored Map","Colored Powertips","Highlight Path","Minty Spire (QoL Compilation)","Quick Restart","Relic Stats","StSLib","SuperFastMode"],"gold_per_floor":[111,121,138,149,149,178,32,32,32,59,59,59,72,22,22,118,118,132,148,148,73,73,107,120,120,147,147,157,157,157],"floor_reached":29,"playtime":806,"items_purged":[],"score":278,"play_id":"94aae872-e1a0-4996-aa71-62a6e8f8c1f5","local_time":"20201222110529","is_ascension_mode":false,"campfire_choices":[{"data":"Barricade","floor":12,"key":"SMITH"},{"data":"Armaments","floor":15,"key":"SMITH"},{"data":"Corruption","floor":25,"key":"SMITH"}],"circlet_count":0,"master_deck":["Strike_R","Defend_R","Defend_R","Defend_R","Defend_R","Bash+1","Inflame","Anger","Flex","Battle Trance","Iron Wave","Thunderclap","Headbutt","Rage","Barricade+1","Twin Strike","Armaments+1","Body Slam","Impervious","Corruption+1","Flame Barrier","Offering"],"relics":["Burning Blood","NeowsBlessing","Question Card","Orrery","Lizard Tail","Mango","Empty Cage","Mercury Hourglass","Orichalcum","MutagenicStrength"],"acts_visited":["Exordium","TheCity"],"potions_floor_usage":[6,6,18,28,28],"damage_taken":[{"damage":0.0,"enemies":"2 Louse","floor":1.0,"turns":1.0},{"damage":0.0,"enemies":"Jaw Worm","floor":2.0,"turns":1.0},{"damage":0,"enemies":"Small Slimes","floor":3,"turns":1},{"damage":5,"enemies":"Looter","floor":4,"turns":2},{"damage":22,"enemies":"3 Sentries","floor":6,"turns":4},{"damage":12,"enemies":"Lagavulin","floor":10,"turns":7},{"damage":17,"enemies":"Exordium Thugs","floor":13,"turns":3},{"damage":43,"enemies":"Hexaghost","floor":16,"turns":9},{"damage":26,"enemies":"2 Thieves","floor":18,"turns":4},{"damage":6,"enemies":"Chosen","floor":19,"turns":4},{"damage":94,"enemies":"Book of Stabbing","floor":23,"turns":9},{"damage":2,"enemies":"Snecko","floor":24,"turns":5},{"damage":47,"enemies":"Shelled Parasite and Fungi","floor":28,"turns":7},{"damage":26,"enemies":"Gremlin Leader","floor":29,"turns":3}],"seed_played":"5792721189591064235","potions_obtained":[{"floor":1.0,"key":"BlessingOfTheForge"},{"floor":3,"key":"AttackPotion"},{"floor":6,"key":"Ancient Potion"},{"floor":16,"key":"PowerPotion"},{"floor":23,"key":"LiquidMemories"},{"floor":24,"key":"BloodPotion"}],"is_trial":false,"path_per_floor":["M","M","M","M","?","E","$","?","T","E","$","R","M","?","R","B",null,"M","M","?","?","$","E","M","R","T","?","M","E"],"character_chosen":"IRONCLAD","items_purchased":["Orrery"],"campfire_rested":0,"item_purchase_floors":[7],"current_hp_per_floor":[80,80,80,80,80,64,64,69,69,77,77,77,66,66,66,29,99,79,79,79,79,79,43,47,47,47,47,25,0,0],"gold":157,"neow_bonus":"THREE_ENEMY_KILL","is_daily":false,"chose_seed":false,"campfire_upgraded":3,"win_rate":0.0,"timestamp":1608635129,"path_taken":["M","M","M","M","?","E","$","?","T","E","?","R","M","?","R","BOSS","M","M","?","?","?","E","M","R","T","?","M","E"],"items_purchased_type":["Relic"],"build_version":"2020-12-13","purchased_purges":0,"victory":false,"max_hp_per_floor":[80,80,80,80,80,80,80,85,85,99,99,99,99,99,99,99,99,99,99,99,99,99,99,99,99,99,99,99,99,99],"relic_stats":{"Lizard Tail":49,"counters":[14,60],"Orichalcum":[12],"Question Card":13,"obtain_stats":[{"Lizard Tail":9,"NeowsBlessing":0,"MutagenicStrength":27,"Orrery":7,"Mango":10,"Orichalcum":26,"Question Card":6,"Empty Cage":17,"Burning Blood":0,"Mercury Hourglass":23},{"Lizard Tail":5,"NeowsBlessing":0,"MutagenicStrength":12,"Orrery":5,"Mango":6,"Orichalcum":12,"Question Card":5,"Empty Cage":8,"Burning Blood":0,"Mercury Hourglass":11},{"Lizard Tail":9,"NeowsBlessing":0,"MutagenicStrength":50,"Orrery":9,"Mango":16,"Orichalcum":50,"Question Card":9,"Empty Cage":28,"Burning Blood":0,"Mercury Hourglass":45}],"Burning Blood":59,"Mercury Hourglass":[51]},"card_choices":[{"not_picked":["Shockwave","Pummel"],"picked":"Inflame","floor":1.0},{"not_picked":["Thunderclap","Dual Wield"],"picked":"Anger","floor":2.0},{"not_picked":["Iron Wave","Perfected Strike"],"picked":"Flex","floor":3},{"not_picked":["Fire Breathing","Pummel"],"picked":"Battle Trance","floor":4},{"not_picked":["Flex","Double Tap"],"picked":"Iron Wave","floor":6},{"not_picked":["Pommel Strike","Perfected Strike","Searing Blow"],"picked":"Thunderclap","floor":7},{"not_picked":["Power Through","Dropkick","Rupture"],"picked":"Headbutt","floor":7},{"not_picked":["Power Through","Clash","Flex"],"picked":"Rage","floor":7},{"not_picked":["Body Slam","Anger","Bloodletting"],"picked":"Barricade","floor":7},{"not_picked":["Shrug It Off","Perfected Strike","Headbutt"],"picked":"Twin Strike","floor":7},{"not_picked":["Sword Boomerang","Shockwave","Dropkick"],"picked":"Armaments","floor":10},{"not_picked":["Pommel Strike","Searing Blow","Hemokinesis"],"picked":"Body Slam","floor":13},{"not_picked":["Berserk","Barricade","Feed"],"picked":"Impervious","floor":16},{"not_picked":["Warcry","Fire Breathing","Pummel+1","Clash"],"picked":"SKIP","floor":18},{"not_picked":["True Grit","Hemokinesis","Clash","Perfected Strike"],"picked":"SKIP","floor":19},{"not_picked":["Sword Boomerang","Infernal Blade+1","Whirlwind","Pummel"],"picked":"SKIP","floor":23},{"not_picked":["Warcry","Sword Boomerang+1","Body Slam+1"],"picked":"Flame Barrier","floor":24},{"not_picked":["Perfected Strike+1","Clash+1","Searing Blow+1"],"picked":"Offering","floor":28}],"player_experience":3617,"relics_obtained":[{"floor":6,"key":"Question Card"},{"floor":9,"key":"Lizard Tail"},{"floor":10,"key":"Mango"},{"floor":23,"key":"Mercury Hourglass"},{"floor":26,"key":"Orichalcum"}],"event_choices":[{"damage_healed":0,"gold_gain":0,"player_choice":"Grow","damage_taken":0,"max_hp_gain":0,"max_hp_loss":0,"event_name":"Living Wall","floor":5,"gold_loss":0,"cards_upgraded":["Bash"]},{"damage_healed":0,"gold_gain":0,"player_choice":"Donut","damage_taken":0,"max_hp_gain":5,"max_hp_loss":0,"event_name":"Big Fish","floor":8,"gold_loss":0},{"cards_removed":["Strike_R"],"damage_healed":0,"gold_gain":0,"player_choice":"Card Removal","damage_taken":0,"max_hp_gain":0,"max_hp_loss":0,"event_name":"The Cleric","floor":14,"gold_loss":50},{"damage_healed":0,"gold_gain":0,"player_choice":"Read","damage_taken":0,"max_hp_gain":0,"max_hp_loss":0,"event_name":"The Library","floor":20,"gold_loss":0,"cards_obtained":["Corruption"]},{"cards_removed":["Strike_R"],"damage_healed":0,"gold_gain":0,"player_choice":"Gave Gold","damage_taken":0,"max_hp_gain":0,"max_hp_loss":0,"event_name":"Beggar","floor":21,"gold_loss":75},{"damage_healed":0,"gold_gain":0,"player_choice":"Inject Mutagens","damage_taken":0,"relics_obtained":["MutagenicStrength"],"max_hp_gain":0,"max_hp_loss":0,"event_name":"Drug Dealer","floor":27,"gold_loss":0}],"is_beta":false,"boss_relics":[{"not_picked":["SlaversCollar","Velvet Choker"],"picked":"Empty Cage"}],"items_purged_floors":[],"is_endless":false,"potions_floor_spawned":[1,3,6,16,23,24],"killed_by":"Gremlin Leader","ascension_level":0}}