{"host":"Kdaddybrian","time":1608607177,"event":{"mods":["AchievementEnabler","BaseMod","Bestiary","Colored Powertips","Minty Spire (QoL Compilation)","Potion Indicator Mod","Quick Restart","Rare Cards Sparkle","Relic Stats","StSLib","Uncapped"],"gold_per_floor":[13,29,41,41,52,52,86,102,155,155,166,166,166,13,13,113,113,130,143,143,154,154,154,187,12,12,12,12,44,55,89,89,192,192,210,11,22,37,18,18,50,64,64,91,0,19,47,59,59,59,59,59,3,33,33],"floor_reached":56,"playtime":4365,"items_purged":["Strike_G+1","Strike_G+1"],"score":1758,"play_id":"7e8e1855-0763-4249-b5b5-4ea413f07f96","local_time":"20201221221937","is_ascension_mode":true,"campfire_choices":[{"data":"Neutralize","floor":6.0,"key":"SMITH"},{"floor":10.0,"key":"REST"},{"data":"Blade Dance","floor":13.0,"key":"SMITH"},{"data":"Cloak And Dagger","floor":15.0,"key":"SMITH"},{"floor":23,"key":"REST"},{"floor":27,"key":"REST"},{"floor":32,"key":"REST"},{"floor":40,"key":"RECALL"},{"floor":49,"key":"REST"},{"floor":52,"key":"REST"}],"circlet_count":0,"master_deck":["AscendersBane","Strike_G+1","Strike_G+1","Defend_G+1","Defend_G+1","Defend_G+1","Defend_G+1","Defend_G+1","Survivor","Neutralize+1","Quick Slash","Backstab","Blade Dance","Dagger Throw","Blade Dance+1","Cloak And Dagger+1","Dash","Malaise","Blade Dance","Expertise","Backflip","Dodge and Roll","Leg Sweep","Acrobatics","Blade Dance","Backflip","Backflip","Well Laid Plans","After Image","Deflect","PiercingWail","Prepared+1","Blade Dance","PiercingWail","Phantasmal Killer","Accuracy","Terror+1","Cloak And Dagger","Malaise","Dodge and Roll+1","Accuracy+1","Calculated Gamble","Dodge and Roll+1"],"relics":["Ring of the Serpent","Pocketwatch","Kunai","Art of War","Meat on the Bone","Nunchaku","Sozu","The Courier","Lizard Tail","Lantern","White Beast Statue","Membership Card","Smiling Mask","Frozen Egg 2","Red Mask","Centennial Puzzle","CaptainsWheel"],"acts_visited":["Exordium","TheCity","TheBeyond","TheEnding"],"potions_floor_usage":[55],"damage_taken":[{"damage":0.0,"enemies":"Cultist","floor":1.0,"turns":4.0},{"damage":1.0,"enemies":"Jaw Worm","floor":2.0,"turns":5.0},{"damage":0.0,"enemies":"Small Slimes","floor":3.0,"turns":4.0},{"damage":7.0,"enemies":"Exordium Wildlife","floor":5.0,"turns":5.0},{"damage":25.0,"enemies":"Lagavulin","floor":7.0,"turns":6.0},{"damage":6.0,"enemies":"3 Louse","floor":8.0,"turns":3.0},{"damage":0.0,"enemies":"Lots of Slimes","floor":11.0,"turns":3.0},{"damage":2,"enemies":"Slime Boss","floor":16,"turns":11},{"damage":7,"enemies":"2 Thieves","floor":18,"turns":4},{"damage":2,"enemies":"Shell Parasite","floor":19,"turns":2},{"damage":1,"enemies":"Chosen and Byrds","floor":21,"turns":6},{"damage":12,"enemies":"Book of Stabbing","floor":24,"turns":6},{"damage":17,"enemies":"Gremlin Leader","floor":29,"turns":11},{"damage":0,"enemies":"Centurion and Healer","floor":30,"turns":5},{"damage":10,"enemies":"Slavers","floor":31,"turns":10},{"damage":25,"enemies":"Automaton","floor":33,"turns":17},{"damage":6,"enemies":"3 Darklings","floor":35,"turns":9},{"damage":0,"enemies":"Orb Walker","floor":37,"turns":4},{"damage":11,"enemies":"Jaw Worm Horde","floor":38,"turns":7},{"damage":15,"enemies":"Reptomancer","floor":41,"turns":10},{"damage":2,"enemies":"4 Shapes","floor":42,"turns":9},{"damage":15,"enemies":"Nemesis","floor":44,"turns":7},{"damage":20,"enemies":"Spire Growth","floor":46,"turns":4},{"damage":20,"enemies":"Reptomancer","floor":47,"turns":6},{"damage":10,"enemies":"Sphere and 2 Shapes","floor":48,"turns":7},{"damage":12,"enemies":"Awakened One","floor":50,"turns":18},{"damage":33,"enemies":"Shield and Spear","floor":54,"turns":10},{"damage":75,"enemies":"The Heart","floor":55,"turns":9}],"seed_played":"3369171353389925327","potions_obtained":[{"floor":2.0,"key":"SpeedPotion"},{"floor":5.0,"key":"Regen Potion"}],"is_trial":false,"path_per_floor":["M","M","M","$","M","R","E","M","T","R","M","T","R","$","R","B",null,"M","M","?","M","?","R","E","$","T","R","?","E","M","E","R","B",null,"M","$","M","M","$","R","E","M","T","E","?","M","E","M","R","B",null,"R","$","E","B",null],"character_chosen":"THE_SILENT","items_purchased":["Nunchaku","Leg Sweep","Acrobatics","Blade Dance","Membership Card","Deflect","PiercingWail","PiercingWail","Accuracy+1","Calculated Gamble"],"campfire_rested":6,"item_purchase_floors":[14,25,25,25,36,36,36,39,53,53],"current_hp_per_floor":[63,62,62,62,55,55,30,24,24,45,45,45,45,45,45,43,63,56,54,41,40,40,62,50,50,50,72,72,55,55,45,67,42,67,61,61,61,50,50,50,47,45,45,42,42,34,26,28,50,38,66,75,75,42,31],"gold":33,"neow_bonus":"ONE_RARE_RELIC","is_daily":false,"chose_seed":false,"campfire_upgraded":3,"win_rate":0.0,"timestamp":1608607177,"path_taken":["M","M","M","?","M","R","E","M","T","R","M","?","R","?","R","BOSS","M","M","?","M","?","R","E","?","T","R","?","E","M","E","R","BOSS","M","$","M","M","$","R","E","?","T","E","?","M","E","M","R","BOSS","R","$","E","BOSS"],"items_purchased_type":["Relic","Card","Card","Card","Relic","Card","Card","Card","Card","Card"],"build_version":"2020-12-18","purchased_purges":2,"victory":true,"max_hp_per_floor":[70,70,70,70,70,70,70,70,70,70,70,70,70,70,70,70,70,70,70,75,75,75,75,75,75,75,75,75,75,75,75,75,75,75,75,75,75,75,75,75,75,75,75,75,75,75,75,75,75,75,75,75,75,75,75],"relic_stats":{"Sozu":13,"Nunchaku":[83],"Lizard Tail":37,"Centennial Puzzle":[12],"counters":[28,202],"Art of War":[5],"Kunai":[226],"Smiling Mask":0,"obtain_stats":[{"Lantern":29,"The Courier":24,"Frozen Egg 2":44,"Smiling Mask":41,"White Beast Statue":31,"Sozu":17,"Nunchaku":14,"Lizard Tail":26,"Centennial Puzzle":47,"CaptainsWheel":54,"Art of War":9,"Red Mask":45,"Kunai":7,"Membership Card":36,"Ring of the Serpent":34,"Ring of the Snake":0,"Pocketwatch":0,"Meat on the Bone":12},{"Lantern":13,"The Courier":12,"Frozen Egg 2":22,"Smiling Mask":20,"White Beast Statue":15,"Sozu":8,"Nunchaku":7,"Lizard Tail":12,"Centennial Puzzle":24,"CaptainsWheel":27,"Art of War":6,"Red Mask":22,"Kunai":5,"Membership Card":17,"Ring of the Serpent":16,"Ring of the Snake":0,"Pocketwatch":0,"Meat on the Bone":7},{"Lantern":70,"The Courier":59,"Frozen Egg 2":148,"Smiling Mask":132,"White Beast Statue":85,"Sozu":41,"Nunchaku":30,"Lizard Tail":59,"Centennial Puzzle":158,"CaptainsWheel":193,"Art of War":27,"Red Mask":148,"Kunai":24,"Membership Card":111,"Ring of the Serpent":102,"Ring of the Snake":0,"Pocketwatch":0,"Meat on the Bone":30}],"Pocketwatch":[52],"Meat on the Bone":72},"card_choices":[{"not_picked":["Backstab","Heel Hook"],"picked":"Quick Slash","floor":1.0},{"not_picked":["Terror","Deflect"],"picked":"Backstab","floor":2.0},{"not_picked":["Deflect","Distraction"],"picked":"Blade Dance","floor":3.0},{"not_picked":["Prepared","Acrobatics"],"picked":"Dagger Throw","floor":5.0},{"not_picked":["Bane","Acrobatics"],"picked":"Blade Dance","floor":7.0},{"not_picked":["Endless Agony","Flechettes"],"picked":"Cloak And Dagger","floor":8.0},{"not_picked":["Dodge and Roll","Backstab"],"picked":"Dash","floor":11.0},{"not_picked":["Night Terror","Tools of the Trade"],"picked":"Malaise","floor":16},{"not_picked":["Dagger Spray","Quick Slash"],"picked":"Blade Dance","floor":18},{"not_picked":["Deadly Poison","Footwork+1"],"picked":"Expertise","floor":19},{"not_picked":["Flechettes","Backstab"],"picked":"Backflip","floor":21},{"not_picked":["Backflip","Distraction"],"picked":"Dodge and Roll","floor":24},{"not_picked":["Predator","Acrobatics"],"picked":"Backflip","floor":29},{"not_picked":["Outmaneuver","Setup"],"picked":"Backflip","floor":30},{"not_picked":["Backstab","Expertise"],"picked":"Well Laid Plans","floor":31},{"not_picked":["Burst","Bullet Time"],"picked":"After Image","floor":33},{"not_picked":["Deadly Poison+1","Bane","Flechettes+1"],"picked":"SKIP","floor":35},{"not_picked":["Poisoned Stab+1","Backstab"],"picked":"Prepared+1","floor":37},{"not_picked":["Skewer","Quick Slash"],"picked":"Blade Dance","floor":38},{"not_picked":["Caltrops+1","All Out Attack+1"],"picked":"Phantasmal Killer","floor":41},{"not_picked":["Leg Sweep+1","Quick Slash"],"picked":"Accuracy","floor":42},{"not_picked":["Dash+1","Choke+1"],"picked":"Terror+1","floor":44},{"not_picked":["Slice","Acrobatics"],"picked":"Cloak And Dagger","floor":46},{"not_picked":["Footwork+1","Dash"],"picked":"Malaise","floor":47},{"not_picked":["Slice","Cloak And Dagger+1"],"picked":"Dodge and Roll+1","floor":48},{"not_picked":["Slice+1","Bouncing Flask+1"],"picked":"Dodge and Roll+1","floor":54}],"player_experience":2896479,"relics_obtained":[{"floor":7.0,"key":"Kunai"},{"floor":9.0,"key":"Art of War"},{"floor":12.0,"key":"Meat on the Bone"},{"floor":24,"key":"The Courier"},{"floor":26,"key":"Lizard Tail"},{"floor":29,"key":"Lantern"},{"floor":31,"key":"White Beast Statue"},{"floor":41,"key":"Smiling Mask"},{"floor":44,"key":"Frozen Egg 2"},{"floor":47,"key":"Centennial Puzzle"},{"floor":54,"key":"CaptainsWheel"}],"event_choices":[{"damage_healed":0,"gold_gain":0,"player_choice":"Shed Blood","damage_taken":18,"max_hp_gain":5,"max_hp_loss":0,"event_name":"Forgotten Altar","floor":20,"gold_loss":0},{"damage_healed":0,"gold_gain":0,"player_choice":"Simplicity","damage_taken":0,"max_hp_gain":0,"max_hp_loss":0,"event_name":"Back to Basics","floor":22,"gold_loss":0,"cards_upgraded":["Strike_G","Strike_G","Strike_G","Strike_G","Strike_G","Defend_G","Defend_G","Defend_G","Defend_G","Defend_G"]},{"cards_removed":["Strike_G"],"damage_healed":0,"gold_gain":0,"player_choice":"Purged","damage_taken":0,"max_hp_gain":0,"max_hp_loss":0,"event_name":"Purifier","floor":28,"gold_loss":0},{"damage_healed":0,"gold_gain":0,"player_choice":"Paid","damage_taken":0,"relics_obtained":["Red Mask"],"max_hp_gain":0,"max_hp_loss":0,"event_name":"Tomb of Lord Red Mask","floor":45,"gold_loss":91}],"is_beta":true,"boss_relics":[{"not_picked":["Busted Crown","Pandora\u0027s Box"],"picked":"Sozu"},{"not_picked":["Empty Cage","Calling Bell"],"picked":"Ring of the Serpent"}],"items_purged_floors":[25,36],"is_endless":false,"potions_floor_spawned":[2,5,19,21,33,35,37,38,41,42,44,46,47,48,54],"ascension_level":10}}