{"host":"40bskn0fwnfkmxz7","time":1608629849,"event":{"mods":["BaseMod","Minty Spire (QoL Compilation)","Replay The Spire","StSLib"],"gold_per_floor":[112,126,126,145,163,190,190,201,273,273,273,273,273,273,273,375,375,387,312,312,329,329,329],"floor_reached":22,"playtime":709,"items_purged":["Strike_R"],"score":184,"play_id":"4d35533e-a383-4999-afff-fad9c9f0a375","local_time":"20201222113729","is_ascension_mode":false,"campfire_choices":[{"data":"Cleave","floor":7,"key":"SMITH"},{"data":"Shrug It Off","floor":13,"key":"SMITH"},{"data":"Iron Wave","floor":15,"key":"SMITH"}],"circlet_count":0,"master_deck":["Strike_R","Strike_R","Strike_R","Defend_R","Defend_R","Defend_R","Defend_R","Bash","Shrug It Off+1","ReplayTheSpireMod:Stacked","Iron Wave+1","Bloodletting","Demonic Infusion+1","Demon Form","Armaments","Pommel Strike"],"relics":["Burning Blood","NeowsBlessing","Regal Pillow","Letter Opener","Ornamental Fan","Mark of Pain"],"acts_visited":["Exordium","TheCity"],"potions_floor_usage":[6,16,21],"damage_taken":[{"damage":0,"enemies":"2 Louse","floor":1,"turns":1},{"damage":0,"enemies":"Small Slimes","floor":2,"turns":1},{"damage":0,"enemies":"Cultist","floor":4,"turns":1},{"damage":4,"enemies":"Blue Slaver","floor":5,"turns":5},{"damage":33,"enemies":"Gremlin Nob","floor":6,"turns":5},{"damage":2,"enemies":"Exordium Wildlife","floor":8,"turns":5},{"damage":44,"enemies":"The Guardian","floor":16,"turns":23},{"damage":16,"enemies":"Chosen","floor":18,"turns":6},{"damage":30,"enemies":"Spheric Guardian","floor":21,"turns":8},{"damage":22,"enemies":"Snecko","floor":22,"turns":4}],"seed_played":"6656993570098422854","potions_obtained":[{"floor":2,"key":"ElixirPotion"},{"floor":4,"key":"Dexterity Potion"},{"floor":6,"key":"Regen Potion"},{"floor":8,"key":"ColorlessPotion"}],"is_trial":false,"path_per_floor":["M","M","?","M","M","E","R","M","T","?","?","?","R","T","R","B",null,"M","$","?","M","M"],"character_chosen":"IRONCLAD","items_purchased":[],"campfire_rested":0,"item_purchase_floors":[],"current_hp_per_floor":[80,80,80,80,80,53,53,57,57,62,62,62,62,62,62,24,85,75,75,67,57,35,35],"gold":329,"neow_bonus":"THREE_ENEMY_KILL","is_daily":false,"chose_seed":false,"campfire_upgraded":3,"win_rate":0.0,"timestamp":1608629849,"path_taken":["M","M","?","M","M","E","R","M","T","?","?","?","R","?","R","BOSS","M","$","?","?","M"],"items_purchased_type":[],"build_version":"2020-12-13","purchased_purges":1,"victory":false,"max_hp_per_floor":[80,80,80,80,80,80,80,80,80,85,85,85,85,85,85,85,85,85,85,85,85,85,85],"card_choices":[{"not_picked":["Anger","Headbutt"],"picked":"Shrug It Off","floor":1},{"not_picked":["Headbutt","Replay:Undeath\u0027s Touch"],"picked":"Cleave","floor":2},{"not_picked":["Warcry","Body Slam","Carnage"],"picked":"SKIP","floor":4},{"not_picked":["Headbutt","Defy Death"],"picked":"ReplayTheSpireMod:Stacked","floor":5},{"not_picked":["Perfected Strike","Reckless Charge"],"picked":"Iron Wave","floor":6},{"not_picked":["ReplayReversal","Wild Strike"],"picked":"Bloodletting","floor":8},{"not_picked":["Brutality","Fiend Fire"],"picked":"Demon Form","floor":16},{"not_picked":["ReplayTheSpireMod:Stacked","Sentinel+1"],"picked":"Armaments","floor":18},{"not_picked":["Metallicize+1","Armaments"],"picked":"Pommel Strike","floor":21}],"player_experience":465884,"relics_obtained":[{"floor":6,"key":"Regal Pillow"},{"floor":9,"key":"Letter Opener"},{"floor":14,"key":"Ornamental Fan"}],"event_choices":[{"damage_healed":0,"gold_gain":0,"player_choice":"Donut","damage_taken":0,"max_hp_gain":5,"max_hp_loss":0,"event_name":"Big Fish","floor":10,"gold_loss":0},{"damage_healed":0,"gold_gain":0,"player_choice":"Ignored","damage_taken":0,"max_hp_gain":0,"max_hp_loss":0,"event_name":"Golden Idol","floor":12,"gold_loss":0},{"damage_healed":0,"gold_gain":0,"player_choice":"Damaged","damage_taken":8,"max_hp_gain":0,"max_hp_loss":0,"event_name":"Wheel of Change","floor":20,"gold_loss":0}],"is_beta":false,"boss_relics":[{"not_picked":["Ooze Armor","SacredBark"],"picked":"Mark of Pain"}],"items_purged_floors":[19],"is_endless":false,"potions_floor_spawned":[2,4,6,8],"killed_by":"Snecko","ascension_level":0}}