{"host":"2o3sockympbxxanu","time":1608644094,"event":{"mods":["AchievementEnabler","BaseMod","Colored Map","Colored Powertips","Downfall","Marisa£®ÏF”Í°°ƒß¿Ì…≥£©","Minty Spire (QoL Compilation)","StSLib"],"gold_per_floor":[219,169,169,216,226,251,251,267,290,305,322,338,8,23,23,124,124,138,53,53,68,0,0,0],"floor_reached":23,"playtime":4336,"items_purged":["Regret"],"score":212,"play_id":"0f1fb4e7-5a90-4a2c-99e8-c06727e43d82","local_time":"20201222213454","is_ascension_mode":true,"campfire_choices":[{"floor":7.0,"key":"REST"},{"floor":15.0,"key":"REST"}],"circlet_count":0,"master_deck":["Strike_G","Strike_G","Strike_G","Strike_G","Defend_G","Defend_G","Defend_G","Defend_G","Defend_G","Survivor","Neutralize","Terror","Slice","Deadly Poison","Bouncing Flask","Bouncing Flask","Deadly Poison","Bane","PiercingWail"],"relics":["Ring of the Snake","Torii","Snake Skull","Dream Catcher","Shuriken","Omamori"],"acts_visited":["Exordium","TheCity"],"potions_floor_usage":[23],"damage_taken":[{"damage":0.0,"enemies":"Small Slimes","floor":1.0,"turns":5.0},{"damage":1.0,"enemies":"2 Louse","floor":5.0,"turns":3.0},{"damage":39.0,"enemies":"3 Sentries","floor":6.0,"turns":22.0},{"damage":0.0,"enemies":"Jaw Worm","floor":8.0,"turns":4.0},{"damage":10.0,"enemies":"Exordium Thugs","floor":10.0,"turns":5.0},{"damage":9.0,"enemies":"Large Slime","floor":11.0,"turns":6.0},{"damage":4.0,"enemies":"Looter","floor":12.0,"turns":3.0},{"damage":14.0,"enemies":"Lots of Slimes","floor":14.0,"turns":4.0},{"damage":6.0,"enemies":"Hexaghost","floor":16.0,"turns":7.0},{"damage":0.0,"enemies":"Spheric Guardian","floor":18.0,"turns":3.0},{"damage":21.0,"enemies":"Shell Parasite","floor":21.0,"turns":5.0},{"damage":58,"enemies":"Slavers","floor":23,"turns":3}],"seed_played":"2416412894070821769","potions_obtained":[{"floor":6.0,"key":"Block Potion"},{"floor":10.0,"key":"Swift Potion"},{"floor":14.0,"key":"DistilledChaos"},{"floor":21.0,"key":"Swift Potion"}],"is_trial":false,"path_per_floor":["M","?","?","T","M","E","R","M","T","M","M","M","$","M","R","B",null,"M","?","$","M","?","E"],"character_chosen":"THE_SILENT","items_purchased":["Shuriken"],"campfire_rested":2,"item_purchase_floors":[13],"current_hp_per_floor":[70,70,70,70,69,30,51,51,51,41,32,28,28,14,35,29,70,70,70,70,49,49,0,0],"gold":0,"neow_bonus":"HUNDRED_GOLD","is_daily":false,"chose_seed":false,"campfire_upgraded":0,"win_rate":0.0,"timestamp":1608644094,"path_taken":["M","?","?","?","M","E","R","M","T","M","M","M","$","?","R","BOSS","M","?","$","M","?","E"],"items_purchased_type":["Relic"],"build_version":"2020-12-13","purchased_purges":1,"victory":false,"max_hp_per_floor":[70,70,70,70,70,70,70,70,70,70,70,70,70,70,70,70,70,70,70,70,70,70,70,70],"card_choices":[{"not_picked":["Flying Knee","Heel Hook","All Out Attack"],"picked":"SKIP","floor":1.0},{"not_picked":["Deadly Poison","Sucker Punch"],"picked":"Terror","floor":5.0},{"not_picked":["Wraith Form v2","Acrobatics","Underhanded Strike"],"picked":"SKIP","floor":6.0},{"not_picked":["Acrobatics","Flying Knee"],"picked":"Slice","floor":7.0},{"not_picked":["Caltrops","Slice"],"picked":"Deadly Poison","floor":8.0},{"not_picked":["Dagger Spray","Terror"],"picked":"Bouncing Flask","floor":10.0},{"not_picked":["Heel Hook","Dagger Spray"],"picked":"Bouncing Flask","floor":11.0},{"not_picked":["Backstab","Tactician","Quick Slash"],"picked":"SKIP","floor":12.0},{"not_picked":["Grand Finale","Deflect"],"picked":"Deadly Poison","floor":14.0},{"not_picked":["Quick Slash","Dagger Throw"],"picked":"Bane","floor":15.0},{"not_picked":["Sucker Punch","Acrobatics","Underhanded Strike"],"picked":"SKIP","floor":18.0},{"not_picked":["Quick Slash","Deadly Poison"],"picked":"PiercingWail","floor":21.0}],"player_experience":271419,"relics_obtained":[{"floor":4.0,"key":"Snake Skull"},{"floor":6.0,"key":"Dream Catcher"}],"event_choices":[{"cards_removed":["Strike_G"],"damage_healed":0.0,"max_hp_gain":0.0,"max_hp_loss":0.0,"gold_gain":0.0,"event_name":"The Cleric","player_choice":"Card Removal","floor":2.0,"gold_loss":50.0,"damage_taken":0.0},{"damage_healed":0.0,"max_hp_gain":0.0,"max_hp_loss":0.0,"gold_gain":0.0,"event_name":"Big Fish","player_choice":"Box","floor":3.0,"gold_loss":0.0,"damage_taken":0.0,"relics_obtained":["Torii"],"cards_obtained":["Regret"]},{"damage_healed":0.0,"max_hp_gain":0.0,"max_hp_loss":0.0,"gold_gain":0.0,"event_name":"Addict","player_choice":"Obtained Relic","floor":19.0,"gold_loss":85.0,"damage_taken":0.0,"relics_obtained":["Omamori"]},{"damage_healed":0.0,"max_hp_gain":0.0,"max_hp_loss":0.0,"gold_gain":0.0,"event_name":"Masked Bandits","player_choice":"Paid Fearfully","floor":22.0,"gold_loss":68.0,"damage_taken":0.0}],"is_beta":false,"boss_relics":[{"not_picked":["Coffee Dripper","Ectoplasm","Sozu"]}],"items_purged_floors":[13],"is_endless":false,"potions_floor_spawned":[6,10,14,21],"killed_by":"Slavers","ascension_level":2}}