{"host":"8fjsnt81u6xsmhji","time":1608644595,"event":{"mods":["BaseMod","Colored Powertips","Downfall","Glutton Mod","Hermit","Minty Spire (QoL Compilation)","Quick Restart","Somnambulant","StSLib","The Blackbeard","The Bug Knight","The Construct","The Forsaken","The Hierophant","The Mystic"],"gold_per_floor":[99,111,121,138,48,48,48,33,208,226,151,171,171,271,288,388,388,388,400,411,426,426,426,477,493,513,528,453,473,484,484,500,500,500],"floor_reached":33,"playtime":2195,"items_purged":["Normality"],"score":282,"play_id":"b5ff670d-fc10-4aa2-acbf-66749a113705","local_time":"20201222074315","is_ascension_mode":true,"campfire_choices":[{"floor":1.0,"key":"RECALL"},{"data":"hermit:Maintenance","floor":6.0,"key":"SMITH"},{"data":"hermit:WideOpen","floor":11.0,"key":"SMITH"},{"data":"hermit:FatalDesire","floor":18.0,"key":"SMITH"},{"floor":23.0,"key":"REST"},{"floor":28.0,"key":"REST"}],"circlet_count":0,"master_deck":["hermit:Strike_Hermit","hermit:Strike_Hermit","hermit:Strike_Hermit","hermit:Strike_Hermit","hermit:Defend_Hermit+1","hermit:Defend_Hermit","hermit:Defend_Hermit+1","hermit:Defend_Hermit+1","hermit:Snapshot","hermit:Covet","hermit:Dive","hermit:WideOpen+1","hermit:Maintenance+1","hermit:Dissolve","hermit:GoldenBullet","hermit:Quickdraw+1","hermit:Quickdraw+1","hermit:Manifest+1","hermit:FatalDesire+1","hermit:WideOpen+1","hermit:Vantage+1","hermit:GoldenBullet+1","hermit:Dissolve","hermit:Quickdraw+1"],"relics":["hermit:Momento","theForsaken:HumbleEgg","downfall:HeartBlessingRed","Empty Cage","downfall:HeartBlessingBlue","FaceOfCleric"],"acts_visited":["Exordium","TheCity"],"potions_floor_usage":[33],"damage_taken":[{"damage":1.0,"enemies":"Cultist","floor":2.0,"turns":4.0},{"damage":2.0,"enemies":"Jaw Worm","floor":3.0,"turns":4.0},{"damage":0.0,"enemies":"Small Slimes","floor":4.0,"turns":3.0},{"damage":0.0,"enemies":"downfall:FleeingMerchant","floor":5.0,"turns":4.0},{"damage":0.0,"enemies":"downfall:FleeingMerchant","floor":8.0,"turns":4.0},{"damage":14.0,"enemies":"Exordium Wildlife","floor":10.0,"turns":8.0},{"damage":8.0,"enemies":"Lots of Slimes","floor":12.0,"turns":4.0},{"damage":0.0,"enemies":"Blue Slaver","floor":15.0,"turns":1.0},{"damage":6.0,"enemies":"downfall:Watcher","floor":16.0,"turns":8.0},{"damage":12.0,"enemies":"Spheric Guardian","floor":19.0,"turns":4.0},{"damage":7.0,"enemies":"Snake Plant","floor":20.0,"turns":3.0},{"damage":23.0,"enemies":"Centurion and Healer","floor":21.0,"turns":5.0},{"damage":3.0,"enemies":"Chosen and Byrds","floor":25.0,"turns":5.0},{"damage":21.0,"enemies":"Cultist and Chosen","floor":26.0,"turns":5.0},{"damage":12.0,"enemies":"3 Cultists","floor":27.0,"turns":6.0},{"damage":15.0,"enemies":"Snake Plant","floor":29.0,"turns":4.0},{"damage":0.0,"enemies":"Centurion and Healer","floor":30.0,"turns":6.0},{"damage":9.0,"enemies":"Shelled Parasite and Fungi","floor":32.0,"turns":6.0},{"damage":49,"enemies":"downfall:Silent","floor":33,"turns":13}],"seed_played":"-1986731651466552971","potions_obtained":[{"floor":2.0,"key":"Ancient Potion"},{"floor":12.0,"key":"Explosive Potion"},{"floor":15.0,"key":"Explosive Potion"},{"floor":26.0,"key":"SmokeBomb"},{"floor":29.0,"key":"hermit:BlackBile"},{"floor":30.0,"key":"SkillPotion"}],"is_trial":false,"path_per_floor":["R","M","M","M","$","R","T","$","?","M","R","M","?","?","M","B",null,"R","M","M","M","?","R","T","M","M","M","R","M","M","?","M","B"],"character_chosen":"HERMIT","items_purchased":[],"campfire_rested":2,"item_purchase_floors":[],"current_hp_per_floor":[89,88,86,86,86,86,86,86,86,72,72,64,64,64,64,58,89,89,77,70,47,47,73,73,70,49,37,76,61,61,61,53,4,4],"gold":500,"neow_bonus":"TWENTY_PERCENT_HP_BONUS","is_daily":false,"chose_seed":false,"campfire_upgraded":3,"win_rate":0.0,"timestamp":1608644595,"path_taken":["R","M","M","M","$","R","T","$","?","M","R","M","?","?","M","BOSS","R","M","M","M","?","R","T","?","M","M","R","M","M","?","M","BOSS"],"items_purchased_type":[],"build_version":"2020-12-13","purchased_purges":1,"victory":false,"max_hp_per_floor":[89,89,89,89,89,89,89,89,89,89,89,89,89,89,89,89,89,89,89,89,89,89,89,89,89,89,89,99,99,99,99,100,100,100],"card_choices":[{"not_picked":["hermit:Headshot","hermit:Combo"],"picked":"hermit:Dive","floor":2.0},{"not_picked":["hermit:OverwhelmingPower","hermit:Desperado"],"picked":"hermit:WideOpen","floor":3.0},{"not_picked":["hermit:Headshot","hermit:Showdown"],"picked":"hermit:Maintenance","floor":4.0},{"not_picked":["hermit:Enervate","hermit:PistolWhip"],"picked":"hermit:Dissolve","floor":5.0},{"not_picked":["hermit:Roulette+1","hermit:BigShot"],"picked":"hermit:GoldenBullet","floor":8.0},{"not_picked":["hermit:CalledShot+1","hermit:Scavenge"],"picked":"hermit:Quickdraw+1","floor":10.0},{"not_picked":["hermit:HighCaliber+1","hermit:GoldenBullet"],"picked":"hermit:Quickdraw+1","floor":12.0},{"not_picked":["hermit:Cheat","hermit:TrackingShot+1"],"picked":"hermit:Manifest+1","floor":15.0},{"not_picked":["hermit:Gambit","hermit:FromBeyond"],"picked":"hermit:FatalDesire","floor":16.0},{"not_picked":["hermit:Desperado+1","hermit:Dive+1"],"picked":"hermit:WideOpen+1","floor":19.0},{"not_picked":["hermit:BigShot","hermit:DeadMansHand","hermit:Coalescence+1"],"picked":"SKIP","floor":20.0},{"not_picked":["hermit:CalledShot+1","hermit:Manifest+1"],"picked":"hermit:Vantage+1","floor":21.0},{"not_picked":["hermit:BodyArmor+1","hermit:SprayPray+1"],"picked":"hermit:GoldenBullet+1","floor":25.0},{"not_picked":["hermit:Feint+1","hermit:Desperado+1","hermit:PistolWhip"],"picked":"SKIP","floor":26.0},{"not_picked":["hermit:Misfire+1","hermit:TrackingShot+1","hermit:Vantage+1"],"picked":"SKIP","floor":27.0},{"not_picked":["hermit:Vantage+1","hermit:TakeCover+1"],"picked":"hermit:Dissolve","floor":29.0},{"not_picked":["hermit:Dive+1","hermit:LowProfile+1","hermit:Coalescence+1"],"picked":"SKIP","floor":30.0},{"not_picked":["hermit:SprayPray+1","hermit:Snipe+1"],"picked":"hermit:Quickdraw+1","floor":32.0}],"player_experience":659339,"relics_obtained":[{"floor":7.0,"key":"theForsaken:HumbleEgg"}],"event_choices":[{"damage_healed":0.0,"max_hp_gain":0.0,"max_hp_loss":0.0,"gold_gain":0.0,"event_name":"FaceTrader","player_choice":"Trade","floor":31.0,"gold_loss":0.0,"damage_taken":0.0,"relics_obtained":["FaceOfCleric"]}],"is_beta":false,"boss_relics":[{"not_picked":["Busted Crown","Runic Dome"],"picked":"Empty Cage"}],"items_purged_floors":[5],"is_endless":false,"potions_floor_spawned":[2,12,15,16,19,26,29,30],"killed_by":"downfall:Silent","ascension_level":1}}