{"host":"8g24zuco0epbjwbo","time":1608679162,"event":{"mods":["BaseMod","Downfall","Minty Spire (QoL Compilation)","Relic Stats","StSLib"],"gold_per_floor":[99,116,116,129,129,139,139,64,64,9,37,52,83,107,124,124,124,124],"floor_reached":16,"playtime":618,"items_purged":[],"score":116,"play_id":"1f6805f7-d0d1-43ed-8ba6-db99a5e456ad","local_time":"20201222181922","is_ascension_mode":true,"campfire_choices":[{"floor":1,"key":"RECALL"},{"data":"champ:ViciousMockery","floor":8,"key":"SMITH"}],"circlet_count":0,"master_deck":["champ:Strike","champ:Strike+1","champ:Strike","champ:Strike","champ:Defend+1","champ:Defend","champ:Defend","champ:Defend+1","champ:Execute+1","champ:Taunt","champ:BerserkerStyle","champ:ViciousMockery+1","champ:IronFortress","Regret","champ:ArenaPreparation+1","champ:Duel","champ:SwordThrow","champ:CrookedStrike","champ:EnchantSword","champ:RecklessLeap"],"relics":["champ:ChampionCrown","Anchor","Letter Opener","downfall:HeartBlessingRed","War Paint","Bronze Scales","Lantern"],"acts_visited":["Exordium"],"potions_floor_usage":[],"damage_taken":[{"damage":5,"enemies":"Cultist","floor":2,"turns":4},{"damage":9,"enemies":"2 Louse","floor":4,"turns":3},{"damage":13,"enemies":"Small Slimes","floor":6,"turns":5},{"damage":14,"enemies":"downfall:FleeingMerchant","floor":10,"turns":4},{"damage":32,"enemies":"Gremlin Nob","floor":11,"turns":4},{"damage":10,"enemies":"Exordium Thugs","floor":12,"turns":4},{"damage":25,"enemies":"Lagavulin","floor":13,"turns":7},{"damage":15,"enemies":"3 Louse","floor":15,"turns":2},{"damage":55,"enemies":"downfall:Watcher","floor":16,"turns":5}],"seed_played":"5983533270797616565","potions_obtained":[{"floor":4,"key":"FearPotion"},{"floor":11,"key":"Ancient Potion"}],"is_trial":false,"path_per_floor":["R","M","?","M","?","M","T","R","?","$","E","M","E","T","M","B"],"character_chosen":"THE_CHAMP","items_purchased":["champ:Duel"],"campfire_rested":0,"item_purchase_floors":[10],"current_hp_per_floor":[99,99,99,97,97,97,97,97,97,95,73,73,58,58,53,0,0,0],"gold":124,"neow_bonus":"TEN_PERCENT_HP_BONUS","is_daily":false,"chose_seed":false,"campfire_upgraded":1,"win_rate":0.0,"timestamp":1608679162,"path_taken":["R","M","?","M","?","M","T","R","?","$","E","M","E","?","M","BOSS"],"items_purchased_type":["Card"],"build_version":"2020-12-13","purchased_purges":0,"victory":false,"max_hp_per_floor":[99,99,99,99,99,99,99,99,99,99,99,99,99,99,99,99,99,99],"relic_stats":{"counters":[9,38],"Bronze Scales":[11],"Letter Opener":[17],"War Paint":["champ:Defend","champ:ArenaPreparation"],"obtain_stats":[{"Anchor":3,"Lantern":14,"downfall:HeartBlessingRed":8,"Bronze Scales":13,"champ:ChampionCrown":0,"Letter Opener":7,"War Paint":11},{"Anchor":1,"Lantern":7,"downfall:HeartBlessingRed":3,"Bronze Scales":7,"champ:ChampionCrown":0,"Letter Opener":3,"War Paint":5},{"Anchor":4,"Lantern":31,"downfall:HeartBlessingRed":12,"Bronze Scales":31,"champ:ChampionCrown":0,"Letter Opener":12,"War Paint":20}]},"card_choices":[{"not_picked":["champ:BladeFlurry","champ:CalledShot"],"picked":"champ:BerserkerStyle","floor":2},{"not_picked":["champ:FanOfKnives","champ:Circumvent"],"picked":"champ:ViciousMockery","floor":4},{"not_picked":["champ:Haymaker","champ:FocusedDefense"],"picked":"champ:IronFortress","floor":6},{"not_picked":["champ:ShieldWall","champ:Backstep"],"picked":"champ:ArenaPreparation","floor":10},{"not_picked":["champ:GutPunch","champ:AdrenalArmor"],"picked":"champ:SwordThrow","floor":11},{"not_picked":["champ:Control","champ:FanOfKnives"],"picked":"champ:CrookedStrike","floor":12},{"not_picked":["champ:IronFortress","champ:DefensiveShout"],"picked":"champ:EnchantSword","floor":13},{"not_picked":["champ:SkillfulDodge","champ:DefensiveStyle"],"picked":"champ:RecklessLeap","floor":15}],"player_experience":433719,"relics_obtained":[{"floor":7,"key":"Letter Opener"},{"floor":11,"key":"War Paint"},{"floor":13,"key":"Bronze Scales"},{"floor":14,"key":"Lantern"}],"event_choices":[{"damage_healed":0,"gold_gain":0,"player_choice":"Box","damage_taken":0,"relics_obtained":["Anchor"],"max_hp_gain":0,"max_hp_loss":0,"event_name":"Big Fish","floor":3,"gold_loss":0,"cards_obtained":["Regret"]},{"cards_removed":["Regret"],"damage_healed":0,"gold_gain":0,"player_choice":"Card Removal","damage_taken":0,"max_hp_gain":0,"max_hp_loss":0,"event_name":"The Cleric","floor":5,"gold_loss":0}],"is_beta":false,"boss_relics":[],"items_purged_floors":[],"is_endless":false,"potions_floor_spawned":[4,11],"killed_by":"downfall:Watcher","ascension_level":1}}