{"host":"6ve8qn5s1am4lo6s","time":1608650042,"event":{"mods":["AchievementEnabler","BaseMod","BetterRewards","Friendly Minions","GifTheSpireLib","Koishi","Minty Spire (QoL Compilation)","Permanent Neow","Relic Stats","StSLib"],"gold_per_floor":[114,114,126,126,51,51,80,80,152,184,184,18,18,31,31,135,135,151,164,39,39,39,39,51,51,51,65,83,83,43,60,60,165,165,179,190,14,14,26,51,64,114,114,114,139,154,154,173,173,173,173,173,10,44,44],"floor_reached":56,"playtime":7182,"items_purged":["Koishi:BasicStrike","Koishi:BasicStrike","Koishi:BasicDefend","Koishi:RollingInRichesHeart"],"score":1690,"play_id":"7d005483-4d73-4a12-b65a-56104579e733","local_time":"20201222101402","is_ascension_mode":false,"campfire_choices":[{"data":"Koishi:PerfectMindControl","floor":6,"key":"SMITH"},{"data":"Koishi:ReleaseOfTheId","floor":8,"key":"SMITH"},{"data":"Koishi:EmbersOfLove","floor":13,"key":"SMITH"},{"floor":15,"key":"RECALL"},{"data":"Koishi:FreudianInstinct","floor":23,"key":"SMITH"},{"data":"Koishi:FreudianInstinct","floor":25,"key":"SMITH"},{"data":"Koishi:SubterraneanRose","floor":29,"key":"SMITH"},{"data":"Koishi:SubterraneanRose","floor":32,"key":"SMITH"},{"data":"Koishi:Prune","floor":44,"key":"SMITH"},{"data":"Koishi:IdleWhim","floor":49,"key":"SMITH"},{"data":"Koishi:UnconsciousUprising","floor":52,"key":"SMITH"}],"circlet_count":0,"master_deck":["Koishi:Provoke","Koishi:FreudianInstinct+1","Koishi:ParalyzingFear","Koishi:PerfectMindControl+1","Koishi:FreudianInstinct+1","Koishi:SubterraneanRose+1","Koishi:HeartfeltFancy","Koishi:SubconsciousSweep","Koishi:SubterraneanRose+1","Koishi:HeartfeltFancy","Koishi:ReleaseOfTheId+1","Koishi:EmbersOfLove+1","Sadistic Nature+1","Koishi:PhilosophyOfTheDespised","Koishi:RuptureMind","Koishi:ReflexRadar","Koishi:UnconsciousUprising+1","Koishi:DanmakuParanoia","Koishi:ReleaseOfTheId+1","Koishi:Prune+1","Koishi:UnconsciousUprising","Koishi:IdleWhim+1","Koishi:GhostParty+1","Koishi:SubconsciousSweep+1","Koishi:ReflexRadar","Koishi:Prune+1","Koishi:LastRemote+1","Koishi:FadingMemory"],"relics":["Koishi:ImaginaryFriend","Blood Vial","Koishi:AHoleWhereASisterShouldBe","Pen Nib","Koishi:LettersToReimu","Koishi:TeethAndClaws","Empty Cage","Coffee Dripper","Nunchaku","Pocketwatch","Anchor","Bag of Preparation","Art of War"],"acts_visited":["TheCity","TheBeyond","TheEnding"],"potions_floor_usage":[18,39],"damage_taken":[{"damage":0,"enemies":"2 Louse","floor":1,"turns":2},{"damage":0,"enemies":"Cultist","floor":3,"turns":4},{"damage":12,"enemies":"3 Sentries","floor":7,"turns":7},{"damage":0,"enemies":"Gremlin Nob","floor":10,"turns":5},{"damage":0,"enemies":"Jaw Worm","floor":14,"turns":3},{"damage":0,"enemies":"The Guardian","floor":16,"turns":7},{"damage":0,"enemies":"2 Thieves","floor":18,"turns":2},{"damage":2,"enemies":"Spheric Guardian","floor":19,"turns":4},{"damage":3,"enemies":"Snake Plant","floor":24,"turns":4},{"damage":19,"enemies":"Sentry and Sphere","floor":27,"turns":3},{"damage":0,"enemies":"Cultist and Chosen","floor":28,"turns":6},{"damage":0,"enemies":"Snecko","floor":31,"turns":6},{"damage":1,"enemies":"Automaton","floor":33,"turns":13},{"damage":0,"enemies":"3 Darklings","floor":35,"turns":5},{"damage":10,"enemies":"3 Shapes","floor":36,"turns":5},{"damage":5,"enemies":"3 Darklings","floor":39,"turns":4},{"damage":0,"enemies":"Giant Head","floor":40,"turns":9},{"damage":1,"enemies":"Jaw Worm Horde","floor":41,"turns":3},{"damage":0,"enemies":"Mind Bloom Boss Battle","floor":42,"turns":7},{"damage":0,"enemies":"Nemesis","floor":45,"turns":7},{"damage":0,"enemies":"Transient","floor":46,"turns":5},{"damage":0,"enemies":"Writhing Mass","floor":48,"turns":5},{"damage":0,"enemies":"Donu and Deca","floor":50,"turns":11},{"damage":0,"enemies":"Shield and Spear","floor":54,"turns":10},{"damage":0,"enemies":"The Heart","floor":55,"turns":7}],"seed_played":"-3416244621971362986","potions_obtained":[{"floor":7,"key":"Swift Potion"},{"floor":10,"key":"Fire Potion"},{"floor":14,"key":"SkillPotion"},{"floor":24,"key":"Weak Potion"},{"floor":27,"key":"DistilledChaos"},{"floor":35,"key":"EntropicBrew"},{"floor":39,"key":"BlessingOfTheForge"},{"floor":54,"key":"Swift Potion"}],"is_trial":false,"path_per_floor":["M","?","M","?","$","R","E","R","T","E","?","$","R","M","R","B",null,"M","M","$","?","?","R","M","R","T","M","M","R","$","M","R","B",null,"M","M","$","?","M","E","M","?","T","R","E","M","?","M","R","B",null,"R","$","E","B",null],"character_chosen":"KOISHI","items_purchased":["Koishi:FreudianInstinct","Koishi:ParalyzingFear","Koishi:PerfectMindControl","Koishi:FreudianInstinct","Koishi:RacingHeart","Koishi:SubterraneanRose","Blood Vial","Koishi:SubterraneanRose","Koishi:HeartfeltFancy","Sadistic Nature","Koishi:IdleWhim","Koishi:ReflexRadar","Koishi:FadingMemory"],"campfire_rested":0,"item_purchase_floors":[0,0,0,0,0,0,0,5,5,12,30,37,53],"current_hp_per_floor":[35,35,38,38,38,38,28,28,28,30,30,30,30,33,33,38,60,60,58,58,58,58,58,58,58,58,41,44,44,44,47,47,48,60,60,50,50,50,48,51,52,55,55,55,58,60,60,60,60,60,60,60,60,60,60],"gold":44,"neow_bonus":"","is_daily":false,"chose_seed":false,"campfire_upgraded":10,"win_rate":0.0,"timestamp":1608650042,"path_taken":["M","?","?","?","?","R","E","R","T","E","?","$","R","?","R","BOSS","M","?","$","?","?","R","?","R","T","M","M","R","$","M","R","BOSS","M","M","$","?","M","E","?","?","T","R","E","M","?","M","R","BOSS","R","$","E","BOSS"],"items_purchased_type":["Card","Card","Card","Card","Card","Card","Relic","Card","Card","Card","Card","Card","Card"],"build_version":"2020-12-13","purchased_purges":4,"victory":true,"max_hp_per_floor":[60,60,60,60,60,60,60,60,60,60,60,60,60,60,60,60,60,60,60,60,60,60,60,60,60,60,60,60,60,60,60,60,60,60,60,60,60,60,60,60,60,60,60,60,60,60,60,60,60,60,60,60,60,60,60],"relic_stats":{"Blood Vial":34,"Nunchaku":[13],"counters":[29,162],"Pen Nib":[24],"Bag of Preparation":[7],"Art of War":[1],"obtain_stats":[{"Pen Nib":7,"Koishi:TeethAndClaws":10,"Bag of Preparation":45,"Empty Cage":17,"Blood Vial":0,"Nunchaku":40,"Anchor":43,"Koishi:AHoleWhereASisterShouldBe":2,"Coffee Dripper":34,"Art of War":54,"PureWater":0,"Koishi:LettersToReimu":9,"Pocketwatch":42},{"Pen Nib":7,"Koishi:TeethAndClaws":8,"Bag of Preparation":24,"Empty Cage":10,"Blood Vial":4,"Nunchaku":21,"Anchor":23,"Koishi:AHoleWhereASisterShouldBe":5,"Coffee Dripper":17,"Art of War":28,"PureWater":0,"Koishi:LettersToReimu":7,"Pocketwatch":23},{"Pen Nib":31,"Koishi:TeethAndClaws":36,"Bag of Preparation":124,"Empty Cage":46,"Blood Vial":18,"Nunchaku":107,"Anchor":117,"Koishi:AHoleWhereASisterShouldBe":20,"Coffee Dripper":84,"Art of War":155,"PureWater":0,"Koishi:LettersToReimu":31,"Pocketwatch":117}],"Pocketwatch":[0]},"card_choices":[{"not_picked":["Koishi:ParalyzingFear","Koishi:UnseenTerror"],"picked":"Koishi:HeartfeltFancy","floor":1},{"not_picked":["Koishi:RacingHeart","Koishi:ParalyzingFear"],"picked":"Koishi:SubconsciousSweep","floor":3},{"not_picked":["Koishi:UnconsciousUprising","Koishi:FleetingPhantom"],"picked":"Koishi:ReleaseOfTheId","floor":7},{"not_picked":["Koishi:HeartfeltFancy","Koishi:ConfinedInnocent"],"picked":"Koishi:EmbersOfLove","floor":10},{"not_picked":["Koishi:Jaunt","Koishi:DreadfulBlow"],"picked":"Koishi:PhilosophyOfTheDespised","floor":14},{"not_picked":["Koishi:ConditionedTeleport","Koishi:GrowingPain"],"picked":"Koishi:RuptureMind","floor":16},{"not_picked":["Koishi:UnseenTerror","Koishi:ParalyzingFear"],"picked":"Koishi:ReflexRadar","floor":18},{"not_picked":["Koishi:EmbryosDream","Koishi:EmbersOfLove+1"],"picked":"Koishi:UnconsciousUprising","floor":19},{"not_picked":["Koishi:HeartfeltFancy","Koishi:DreadfulBlow+1"],"picked":"Koishi:Prune","floor":24},{"not_picked":["Koishi:SubconsciousSweep","Koishi:SpiritedAway"],"picked":"Koishi:UnconsciousUprising","floor":27},{"not_picked":["Koishi:ConfinedInnocent","Koishi:StingingMind","Koishi:MindNumbingTerror"],"picked":"SKIP","floor":28},{"not_picked":["Koishi:BloodcurdlingScream","Koishi:RacingHeart"],"picked":"Koishi:GhostParty+1","floor":31},{"not_picked":["Koishi:FleetingPhantom","Koishi:PhantomBarrier+1","Koishi:PhantomStrike+1"],"picked":"SKIP","floor":35},{"not_picked":["Koishi:HeartfeltFancy","Koishi:StingingMind"],"picked":"Koishi:SubconsciousSweep+1","floor":36},{"not_picked":["Koishi:PhantomBarrier+1","Koishi:BloodcurdlingScream+1","Koishi:Jaunt"],"picked":"SKIP","floor":39},{"not_picked":["Koishi:TraumaticStroke","Koishi:SprinkleStarAndHeart"],"picked":"Koishi:Prune+1","floor":40},{"not_picked":["Koishi:VengefulSpirit","Koishi:RacingHeart","Koishi:PhantomStrike"],"picked":"SKIP","floor":41},{"not_picked":["Koishi:RoseHell","Koishi:Catatonia"],"picked":"Koishi:LastRemote+1","floor":45},{"not_picked":["Koishi:RacingHeart","Koishi:PhantomBarrier+1","Koishi:Jaunt"],"picked":"SKIP","floor":46},{"not_picked":["Koishi:FleetingPhantom","Koishi:PhantomStrike+1","Koishi:PhantomBarrier+1"],"picked":"SKIP","floor":48},{"not_picked":["Koishi:PredatoryInstincts+1","Koishi:PhantomBarrier","Koishi:BloodcurdlingScream+1"],"picked":"SKIP","floor":54}],"player_experience":263341,"relics_obtained":[{"floor":7,"key":"Pen Nib"},{"floor":9,"key":"Koishi:LettersToReimu"},{"floor":10,"key":"Koishi:TeethAndClaws"},{"floor":40,"key":"Nunchaku"},{"floor":42,"key":"Pocketwatch"},{"floor":43,"key":"Anchor"},{"floor":45,"key":"Bag of Preparation"},{"floor":54,"key":"Art of War"}],"event_choices":[{"cards_removed":["Koishi:RacingHeart"],"damage_healed":0,"gold_gain":0,"player_choice":"Gave Card","damage_taken":0,"relics_obtained":["Koishi:AHoleWhereASisterShouldBe"],"max_hp_gain":0,"max_hp_loss":0,"event_name":"WeMeetAgain","floor":2,"gold_loss":0},{"damage_healed":0,"gold_gain":0,"player_choice":"Ignored","damage_taken":0,"max_hp_gain":0,"max_hp_loss":0,"event_name":"Liars Game","floor":4,"gold_loss":0},{"cards_removed":["Koishi:BasicDefend"],"damage_healed":0,"gold_gain":0,"player_choice":"Forget","damage_taken":0,"max_hp_gain":0,"max_hp_loss":0,"event_name":"Living Wall","floor":11,"gold_loss":0},{"damage_healed":0,"gold_gain":0,"cards_transformed":["Koishi:BasicStrike","Koishi:BasicDefend"],"player_choice":"Became Test Subject","damage_taken":0,"max_hp_gain":0,"max_hp_loss":0,"event_name":"Drug Dealer","floor":21,"gold_loss":0,"cards_obtained":["Koishi:DanmakuParanoia","Koishi:RollingInRichesHeart"]},{"damage_healed":0,"gold_gain":0,"player_choice":"Copied","damage_taken":0,"max_hp_gain":0,"max_hp_loss":0,"event_name":"Duplicator","floor":22,"gold_loss":0,"cards_obtained":["Koishi:ReleaseOfTheId"]},{"damage_healed":0,"gold_gain":0,"player_choice":"Upgraded","damage_taken":0,"max_hp_gain":0,"max_hp_loss":0,"event_name":"Upgrade Shrine","floor":38,"gold_loss":0,"cards_upgraded":["Sadistic Nature"]},{"damage_healed":0,"gold_gain":0,"player_choice":"Fight","damage_taken":0,"max_hp_gain":0,"max_hp_loss":0,"event_name":"MindBloom","floor":42,"gold_loss":0},{"cards_removed":["Koishi:HauntingSlash"],"damage_healed":0,"gold_gain":0,"player_choice":"Removed Attack","damage_taken":0,"max_hp_gain":0,"max_hp_loss":0,"event_name":"Falling","floor":47,"gold_loss":0}],"is_beta":false,"boss_relics":[{"not_picked":["Velvet Choker","Fusion Hammer"],"picked":"Empty Cage"},{"not_picked":["Tiny House","Runic Pyramid"],"picked":"Coffee Dripper"}],"items_purged_floors":[0,0,20,37],"is_endless":false,"potions_floor_spawned":[7,10,14,24,27,35,39,40,45,46,54],"ascension_level":0}}