{"host":"iy58fyt9wsbv4cf1","time":1608675209,"event":{"mods":["BaseMod","Better Altar","Better Match","Better Skull","Better Third Choice","BetterRewards","Conspire","Custom Start","Defuse TimeMaze Blight","Hubris","Infinite Spire","Minty Spire (QoL Compilation)","Permanent Neow","Quick Restart","Spicy Shops","StSLib"],"gold_per_floor":[110,77,252,252,58,91,107,107,107,57,57,7,25,25,25,130,130,148,148,148,168,105,137,62,62,86,98,131,150,150,165,165,264,264,281,294,294,39,89,120,153,153,153,53,82,82,82,95,95,95,95,95,95,125,125],"floor_reached":56,"playtime":1449,"items_purged":["Doubt","Strike_R","Defend_R","Strike_R","Strike_R","Strike_R","Defend_R"],"score":1696,"play_id":"c38b9cc6-2052-4d3e-8c8a-a105f226566d","local_time":"20201222171329","is_ascension_mode":true,"campfire_choices":[{"data":"Flex","floor":8,"key":"SMITH"},{"data":"Flex","floor":15,"key":"SMITH"},{"data":"Limit Break","floor":32,"key":"SMITH"},{"floor":42,"key":"RECALL"},{"data":"Master of Strategy","floor":46,"key":"SMITH"},{"data":"Bash","floor":49,"key":"SMITH"},{"data":"Inflame","floor":52,"key":"SMITH"}],"circlet_count":0,"master_deck":["Defend_R","Bash+1","Flex+1","Inflame+1","Master of Strategy+1","Flex+1","Heavy Blade+1","Limit Break+1","Shrug It Off+1","Battle Trance","Offering+1","Offering","Dropkick"],"relics":["Burning Blood","Question Card","Membership Card","Lantern","hubris:Towel","MutagenicStrength","Torii","Vajra","hubris:SphereOfDissonance","hubris:TerracottaHorce","Runic Dome","Centennial Puzzle","Mango","WingedGreaves","War Paint","Self Forming Clay","Bag of Preparation","hubris:CuriousFeather"],"acts_visited":["Exordium","TheCity","TheBeyond","TheEnding"],"potions_floor_usage":[16,16,16,28,55,55],"damage_taken":[{"damage":0,"enemies":"Small Slimes","floor":1,"turns":3},{"damage":24,"enemies":"Gremlin Nob","floor":6,"turns":4},{"damage":0,"enemies":"2 Louse","floor":7,"turns":3},{"damage":0,"enemies":"Cultist","floor":13,"turns":2},{"damage":43,"enemies":"Slime Boss","floor":16,"turns":10},{"damage":15,"enemies":"3 Byrds","floor":18,"turns":6},{"damage":5,"enemies":"Chosen","floor":21,"turns":3},{"damage":20,"enemies":"Book of Stabbing","floor":23,"turns":3},{"damage":0,"enemies":"Sentry and Sphere","floor":27,"turns":3},{"damage":44,"enemies":"Nightmare","floor":28,"turns":5},{"damage":1,"enemies":"Centurion and Healer","floor":29,"turns":2},{"damage":0,"enemies":"Snake Plant","floor":31,"turns":1},{"damage":15,"enemies":"conspire:MysteriousRune","floor":33,"turns":3},{"damage":7,"enemies":"3 Darklings","floor":35,"turns":3},{"damage":1,"enemies":"3 Shapes","floor":36,"turns":3},{"damage":6,"enemies":"Mind Bloom Boss Battle","floor":39,"turns":1},{"damage":6,"enemies":"Giant Head","floor":40,"turns":2},{"damage":6,"enemies":"Nemesis","floor":41,"turns":1},{"damage":6,"enemies":"Reptomancer","floor":45,"turns":1},{"damage":6,"enemies":"Sphere and 2 Shapes","floor":48,"turns":1},{"damage":12,"enemies":"Awakened One","floor":50,"turns":2},{"damage":12,"enemies":"Shield and Spear","floor":54,"turns":1},{"damage":20,"enemies":"The Heart","floor":55,"turns":3}],"seed_played":"-7134352675408616475","potions_obtained":[{"floor":1,"key":"LiquidBronze"},{"floor":7,"key":"Block Potion"},{"floor":13,"key":"BloodPotion"},{"floor":23,"key":"conspire:TimeTravelPotion"},{"floor":28,"key":"BlessingOfTheForge"},{"floor":29,"key":"Swift Potion"},{"floor":31,"key":"conspire:TimeTravelPotion"},{"floor":48,"key":"Strength Potion"}],"is_trial":false,"path_per_floor":["M","$","?","?","$","E","M","R","T","?","?","$","M","?","R","B",null,"M","?","?","M","$","E","$","?","T","M","NM","M","AVR","M","R","B",null,"M","M","?","$","?","E","E","R","T","$","E","R","$","M","R","B",null,"R","$","E","B",null],"character_chosen":"IRONCLAD","items_purchased":["Question Card","Flex","Inflame","Master of Strategy","Flex","Heavy Blade","Membership Card","Centennial Puzzle","Offering","Dropkick"],"campfire_rested":0,"item_purchase_floors":[0,0,0,0,0,2,5,38,38,38],"current_hp_per_floor":[50,50,50,50,50,32,38,38,38,38,38,38,44,44,44,23,80,71,71,71,72,72,58,58,58,58,64,50,55,55,61,61,52,73,72,77,77,77,91,91,91,91,91,91,91,91,91,91,91,85,92,92,92,86,72],"gold":125,"neow_bonus":"","is_daily":false,"chose_seed":false,"campfire_upgraded":6,"win_rate":0.0,"timestamp":1608675209,"path_taken":["M","$","?","?","$","E","?","R","T","?","?","$","M","?","R","BOSS","M","?","?","M","$","E","$","?","T","M","NM","M","AVR","M","R","BOSS","M","M","?","$","?","E","E","R","T","$","E","R","?","M","R","BOSS","R","$","E","BOSS"],"items_purchased_type":["Relic","Card","Card","Card","Card","Card","Relic","Relic","Card","Card"],"build_version":"2020-12-13","purchased_purges":7,"victory":true,"max_hp_per_floor":[80,80,80,80,80,80,80,80,80,80,80,80,80,80,80,80,80,80,80,80,80,80,80,80,80,80,80,80,80,80,80,80,80,80,80,80,80,80,94,94,94,94,94,94,94,94,94,94,94,94,94,94,94,94,94],"card_choices":[{"not_picked":["Sword Boomerang","Clothesline","Twin Strike","Pommel Strike"],"picked":"SKIP","floor":1},{"not_picked":["Sentinel","Hemokinesis","Havoc","True Grit"],"picked":"SKIP","floor":6},{"not_picked":["True Grit","Body Slam","Shrug It Off","Combust"],"picked":"SKIP","floor":7},{"not_picked":["Sever Soul","Warcry","True Grit","Second Wind"],"picked":"SKIP","floor":13},{"not_picked":["Barricade","Offering","Reaper"],"picked":"Limit Break","floor":16},{"not_picked":["Pummel","Infernal Blade","Armaments","Clothesline+1"],"picked":"SKIP","floor":18},{"not_picked":["Havoc+1","Rampage+1","Body Slam","Warcry+1"],"picked":"SKIP","floor":21},{"not_picked":["Wild Strike+1","Clash+1","Juggernaut","Corruption"],"picked":"SKIP","floor":23},{"not_picked":["Headbutt","Sword Boomerang+1","Shockwave"],"picked":"Shrug It Off","floor":27},{"not_picked":["Pommel Strike","Wild Strike","Clash","Evolve"],"picked":"SKIP","floor":28},{"not_picked":["Havoc+1","Uppercut","Twin Strike"],"picked":"Battle Trance","floor":29},{"not_picked":["Blood for Blood","Bloodletting","Feel No Pain+1"],"picked":"Rage+1","floor":31},{"not_picked":["Barricade","Double Tap","Corruption"],"picked":"Offering","floor":33},{"not_picked":["Wild Strike","Power Through","Perfected Strike","Thunderclap+1"],"picked":"SKIP","floor":35},{"not_picked":["Clothesline+1","Anger+1","Wild Strike+1","Warcry+1"],"picked":"SKIP","floor":36},{"not_picked":["Seeing Red+1","Perfected Strike","Warcry+1","Flame Barrier+1"],"picked":"SKIP","floor":40},{"not_picked":["Flex","conspire:ExplosiveBarrier+1","Burning Pact","Reaper"],"picked":"SKIP","floor":41},{"not_picked":["Infernal Blade","Entrench+1","Burning Pact","Headbutt"],"picked":"SKIP","floor":45},{"not_picked":["Anger+1","Whirlwind","Twin Strike+1","conspire:Purge"],"picked":"SKIP","floor":48},{"not_picked":["Spot Weakness","Pommel Strike","infinitespire:OneForAll+1","Twin Strike+1"],"picked":"SKIP","floor":54}],"player_experience":31221,"relics_obtained":[{"floor":6,"key":"Lantern"},{"floor":23,"key":"Torii"},{"floor":26,"key":"Vajra"},{"floor":28,"key":"hubris:SphereOfDissonance"},{"floor":39,"key":"Mango"},{"floor":40,"key":"WingedGreaves"},{"floor":41,"key":"War Paint"},{"floor":43,"key":"Self Forming Clay"},{"floor":45,"key":"Bag of Preparation"},{"floor":54,"key":"hubris:CuriousFeather"}],"event_choices":[{"damage_healed":0,"gold_gain":175,"player_choice":"AGREE","damage_taken":77,"max_hp_gain":0,"max_hp_loss":0,"event_name":"betterThird:BetterSerpent","floor":3,"gold_loss":0},{"damage_healed":0,"gold_gain":0,"player_choice":"Forge","damage_taken":0,"max_hp_gain":0,"max_hp_loss":0,"event_name":"Accursed Blacksmith","floor":4,"gold_loss":0,"cards_upgraded":["Heavy Blade"]},{"cards_removed":["Strike_R"],"damage_healed":0,"gold_gain":0,"player_choice":"Card Removal","damage_taken":0,"max_hp_gain":0,"max_hp_loss":0,"event_name":"The Cleric","floor":10,"gold_loss":50},{"damage_healed":0,"gold_gain":0,"player_choice":"Leave","damage_taken":0,"max_hp_gain":0,"max_hp_loss":0,"event_name":"conspire:Investor","floor":14,"gold_loss":0},{"cards_removed":["Defend_R"],"damage_healed":0,"gold_gain":0,"player_choice":"Elegance","damage_taken":0,"max_hp_gain":0,"max_hp_loss":0,"event_name":"betterThird:BetterWriting","floor":19,"gold_loss":0},{"damage_healed":0,"gold_gain":0,"player_choice":"Inject Mutagens","damage_taken":0,"relics_obtained":["MutagenicStrength"],"max_hp_gain":0,"max_hp_loss":0,"event_name":"Drug Dealer","floor":20,"gold_loss":0},{"damage_healed":0,"gold_gain":0,"player_choice":"Ignored","damage_taken":0,"max_hp_gain":0,"max_hp_loss":0,"event_name":"Ghosts","floor":25,"gold_loss":0},{"cards_removed":["Rage"],"damage_healed":0,"gold_gain":0,"player_choice":"Removed Skill","damage_taken":0,"max_hp_gain":0,"max_hp_loss":0,"event_name":"Falling","floor":37,"gold_loss":0},{"damage_healed":0,"gold_gain":0,"player_choice":"Fight","damage_taken":0,"max_hp_gain":0,"max_hp_loss":0,"event_name":"MindBloom","floor":39,"gold_loss":0}],"is_beta":false,"boss_relics":[{"not_picked":["Cursed Key","hubris:GrandSneckoEye","conspire:SeveredTorchhead"]},{"not_picked":["Snecko Eye","hubris:HollowSoul"],"picked":"Runic Dome"}],"items_purged_floors":[5,12,22,24,30,38,44],"is_endless":false,"potions_floor_spawned":[1,7,13,23,28,29,31,41,48],"ascension_level":5}}