{"host":"1mv6gj0zv8k9e9tz","time":1608627573,"event":{"mods":["AchievementEnabler","BaseMod","Better Third Choice","Colored Map","KOR Keyword Fix","Minty Spire (QoL Compilation)","Permanent Neow","Rare Cards Sparkle","StSLib"],"gold_per_floor":[362,362,375,155,105,105,122,149,173,185,185,185,185,285,285,386,386,396,396,396,396,407,433,433,466,466,114,114,114,127,127,127,127,127],"floor_reached":33,"playtime":1191,"items_purged":["Defend_B","Defend_B"],"score":391,"play_id":"f9efbd3a-f26c-4f6d-84e5-03c1078e605e","local_time":"20201222175933","is_ascension_mode":true,"campfire_choices":[{"data":"Zap","floor":6.0,"key":"SMITH"},{"data":"Dualcast","floor":12.0,"key":"SMITH"},{"data":"Coolheaded","floor":15.0,"key":"SMITH"},{"floor":24.0,"key":"REST"},{"data":"Electrodynamics","floor":29.0,"key":"SMITH"},{"data":"Capacitor","floor":32.0,"key":"SMITH"}],"circlet_count":0,"master_deck":["Strike_B","Strike_B","Defend_B","Defend_B","Zap+1","Dualcast+1","Capacitor+1","Coolheaded+1","Chill","Ball Lightning","Echo Form","Blizzard+1","Go for the Eyes+1","Glacier+1","Electrodynamics+1","Leap","Conserve Battery"],"relics":["Cracked Core","OrangePellets","Vajra","Tiny Chest","SacredBark","Calipers","InkBottle","Pen Nib","Emotion Chip"],"acts_visited":["Exordium","TheCity"],"potions_floor_usage":[],"damage_taken":[{"damage":8.0,"enemies":"Jaw Worm","floor":1.0,"turns":4.0},{"damage":5.0,"enemies":"Small Slimes","floor":3.0,"turns":3.0},{"damage":0.0,"enemies":"2 Louse","floor":7.0,"turns":3.0},{"damage":19.0,"enemies":"3 Sentries","floor":8.0,"turns":7.0},{"damage":2.0,"enemies":"2 Fungi Beasts","floor":10.0,"turns":4.0},{"damage":27.0,"enemies":"Slime Boss","floor":16.0,"turns":9.0},{"damage":5.0,"enemies":"Shell Parasite","floor":18.0,"turns":6.0},{"damage":8.0,"enemies":"2 Thieves","floor":22.0,"turns":3.0},{"damage":39.0,"enemies":"Book of Stabbing","floor":23.0,"turns":6.0},{"damage":34.0,"enemies":"Gremlin Leader","floor":25.0,"turns":6.0},{"damage":11.0,"enemies":"Sentry and Sphere","floor":30.0,"turns":5.0},{"damage":34,"enemies":"Collector","floor":33,"turns":5}],"seed_played":"-3792264550398590098","potions_obtained":[{"floor":1.0,"key":"BlessingOfTheForge"},{"floor":3.0,"key":"Fire Potion"},{"floor":8.0,"key":"FairyPotion"},{"floor":16.0,"key":"EssenceOfDarkness"},{"floor":18.0,"key":"Swift Potion"},{"floor":22.0,"key":"Energy Potion"}],"is_trial":false,"path_per_floor":["M","?","M","$","?","R","M","E","T","M","?","R","?","?","R","B",null,"M","T","?","?","M","E","R","E","T","$","T","R","M","?","R","B"],"character_chosen":"DEFECT","items_purchased":["OrangePellets","LiquidBronze","Electrodynamics","Leap"],"campfire_rested":1,"item_purchase_floors":[4,27,27,27],"current_hp_per_floor":[42,35,30,30,30,30,30,11,11,9,9,9,34,34,34,7,58,53,53,53,53,45,6,28,45,45,45,45,45,34,34,34,0,0],"gold":127,"neow_bonus":"TWO_FIFTY_GOLD","is_daily":false,"chose_seed":false,"campfire_upgraded":5,"win_rate":0.0,"timestamp":1608627573,"path_taken":["M","?","M","$","?","R","M","E","T","M","?","R","?","?","R","BOSS","M","?","?","?","?","E","R","E","T","$","?","R","M","?","R","BOSS"],"items_purchased_type":["Relic","Potion","Card","Card"],"build_version":"2020-12-13","purchased_purges":2,"victory":false,"max_hp_per_floor":[75,75,75,75,75,75,75,75,75,75,75,75,75,75,75,75,75,75,75,75,75,75,75,75,75,75,75,75,75,75,75,75,75,75],"card_choices":[{"not_picked":["Steam Power","Compile Driver"],"picked":"Capacitor","floor":1.0},{"not_picked":["Rebound","Tempest"],"picked":"Coolheaded","floor":3.0},{"not_picked":["Streamline","Steam Power","Leap"],"picked":"SKIP","floor":7.0},{"not_picked":["Conserve Battery","Beam Cell"],"picked":"Chill","floor":8.0},{"not_picked":["Cold Snap","Rebound"],"picked":"Ball Lightning","floor":10.0},{"not_picked":["Electrodynamics","Hyperbeam"],"picked":"Echo Form","floor":16.0},{"not_picked":["Compile Driver+1","Stack"],"picked":"Blizzard+1","floor":18.0},{"not_picked":["Steam+1","Beam Cell+1"],"picked":"Go for the Eyes+1","floor":22.0},{"not_picked":["Double Energy","Leap+1"],"picked":"Glacier+1","floor":23.0},{"not_picked":["Gash+1","Sunder","Reprogram"],"picked":"SKIP","floor":25.0},{"not_picked":["Compile Driver","Gash+1"],"picked":"Conserve Battery","floor":30.0}],"player_experience":482144,"relics_obtained":[{"floor":8.0,"key":"Vajra"},{"floor":9.0,"key":"Tiny Chest"},{"floor":19.0,"key":"Calipers"},{"floor":23.0,"key":"InkBottle"},{"floor":25.0,"key":"Pen Nib"},{"floor":26.0,"key":"Emotion Chip"}],"event_choices":[{"cards_removed":["Strike_B"],"damage_healed":0.0,"max_hp_gain":0.0,"max_hp_loss":0.0,"gold_gain":0.0,"event_name":"Golden Wing","player_choice":"Card Removal","floor":2.0,"gold_loss":0.0,"damage_taken":7.0},{"cards_removed":["Strike_B"],"damage_healed":0.0,"max_hp_gain":0.0,"max_hp_loss":0.0,"gold_gain":0.0,"event_name":"The Cleric","player_choice":"Card Removal","floor":5.0,"gold_loss":50.0,"damage_taken":0.0},{"damage_healed":9.0,"max_hp_gain":0.0,"max_hp_loss":75.0,"gold_gain":0.0,"event_name":"betterThird:BetterShining","player_choice":"Leave","floor":11.0,"gold_loss":0.0,"damage_taken":0.0},{"damage_healed":25.0,"max_hp_gain":0.0,"max_hp_loss":0.0,"gold_gain":0.0,"event_name":"Big Fish","player_choice":"Banana","floor":13.0,"gold_loss":0.0,"damage_taken":0.0},{"damage_healed":0.0,"max_hp_gain":0.0,"max_hp_loss":0.0,"gold_gain":100.0,"event_name":"Golden Shrine","player_choice":"Pray","floor":14.0,"gold_loss":0.0,"damage_taken":0.0},{"damage_healed":0.0,"max_hp_gain":0.0,"max_hp_loss":0.0,"gold_gain":0.0,"event_name":"Cursed Tome","player_choice":"Ignored","floor":20.0,"gold_loss":0.0,"damage_taken":0.0},{"damage_healed":0.0,"max_hp_gain":0.0,"max_hp_loss":0.0,"gold_gain":0.0,"event_name":"Vampires","player_choice":"Ignored","floor":21.0,"gold_loss":0.0,"damage_taken":0.0},{"damage_healed":0.0,"max_hp_gain":0.0,"max_hp_loss":0.0,"gold_gain":0.0,"event_name":"betterThird:BetterWriting","player_choice":"Adaptability","floor":31.0,"gold_loss":0.0,"damage_taken":0.0}],"is_beta":false,"boss_relics":[{"not_picked":["Snecko Eye","Calling Bell"],"picked":"SacredBark"}],"items_purged_floors":[4,27],"is_endless":false,"potions_floor_spawned":[1,3,8,16,18,22],"killed_by":"Collector","ascension_level":8}}