{"host":"chv1qanoipyt46jc","time":1608607424,"event":{"mods":["2.2 Compatiblity","AchievementEnabler","BaseMod","BetterRewards","CapriCore","Card Filter","Conspire","Gold Saver","Grow up Mod","Minty Spire (QoL Compilation)","Rare Cards Sparkle","Relic Filter","Remove Card Discount Mod","Reorder Act Four","StSLib","The Cursed"],"gold_per_floor":[967,918,932,948,968,993,738,765,765,782,782,782,792,812,812,910,910,927,946,963,979,992,1018,1018,1045,1045,1045,1045,1070,1080,1090,1090,1194,1194,1213,1233,1252,1265,1284,1284,1309,1321,1321,1321,1331,1361,1380,1294,1294,1294,1294,1245,1245,1278,1278],"floor_reached":56,"playtime":3270,"items_purged":["TheCursedMod:Strike_TheCursed","TheCursedMod:Strike_TheCursed","TheCursedMod:Strike_TheCursed","TheCursedMod:Strike_TheCursed","TheCursedMod:Defend_TheCursed","TheCursedMod:Defend_TheCursed","TheCursedMod:Defend_TheCursed","TheCursedMod:Defend_TheCursed","TheCursedMod:CursedWand","TheCursedMod:CursedSpellbook","TheCursedMod:Wield","TheCursedMod:Wield","TheCursedMod:CursedBlade","Shame","TheCursedMod:CursedBlade","TheCursedMod:CursedRelics","TheCursedMod:CursedAmulet+1"],"score":1689,"play_id":"27edee81-ac7a-4e1d-a2e6-cafe1491eed9","local_time":"20201221212344","is_ascension_mode":false,"campfire_choices":[{"data":"TheCursedMod:CleanUpWorkshop","floor":11,"key":"SMITH"},{"floor":15,"key":"RECALL"},{"data":"TheCursedMod:NeowsMight","floor":32,"key":"SMITH"},{"data":"TheCursedMod:CollectTribute","floor":40,"key":"SMITH"},{"data":"TheCursedMod:DemonicPact","floor":44,"key":"SMITH"},{"data":"TheCursedMod:HellfireBreathing","floor":49,"key":"SMITH"},{"data":"TheCursedMod:SpitefulPlan","floor":53,"key":"SMITH"}],"circlet_count":0,"master_deck":["TheCursedMod:CleanUpWorkshop+1","TheCursedMod:Dregs","TheCursedMod:CursedRelics+1","TheCursedMod:HellfireBreathing+1","TheCursedMod:SurpriseAttack","TheCursedMod:SurpriseAttack","TheCursedMod:DemonicPact+1","TheCursedMod:NeowsMight+1","TheCursedMod:SurpriseAttack","TheCursedMod:SpitefulPlan+1","TheCursedMod:CollectTribute+1","TheCursedMod:HellfireBreathing+1","TheCursedMod:HellfireBreathing","TheCursedMod:RapidMovement"],"relics":["TheCursedMod:BlackMagic101","Boot","TheAbacus","Medical Kit","Akabeko","Gremlin Horn","Centennial Puzzle","Sozu","Blue Candle","Bag of Marbles","Vajra","HornCleat","conspire:DecoderRing","White Beast Statue","TheCursedMod:FourLeafCloverCharm","Blood Vial","Sundial","TheCursedMod:Tack","Bottled Flame"],"acts_visited":["Exordium","TheCity","TheBeyond","TheEnding"],"potions_floor_usage":[],"damage_taken":[{"damage":0,"enemies":"Cultist","floor":1,"turns":2},{"damage":2,"enemies":"2 Louse","floor":3,"turns":2},{"damage":0,"enemies":"Small Slimes","floor":4,"turns":2},{"damage":0,"enemies":"3 Louse","floor":5,"turns":1},{"damage":13,"enemies":"3 Sentries","floor":6,"turns":5},{"damage":0,"enemies":"Gremlin Nob","floor":8,"turns":3},{"damage":12,"enemies":"Exordium Thugs","floor":10,"turns":2},{"damage":0,"enemies":"Looter","floor":13,"turns":2},{"damage":0,"enemies":"2 Fungi Beasts","floor":14,"turns":2},{"damage":9,"enemies":"Hexaghost","floor":16,"turns":7},{"damage":1,"enemies":"Chosen","floor":18,"turns":2},{"damage":5,"enemies":"3 Byrds","floor":19,"turns":2},{"damage":7,"enemies":"Centurion and Healer","floor":20,"turns":4},{"damage":7,"enemies":"3 Cultists","floor":21,"turns":3},{"damage":11,"enemies":"Snake Plant","floor":22,"turns":3},{"damage":16,"enemies":"Slavers","floor":23,"turns":2},{"damage":10,"enemies":"Book of Stabbing","floor":25,"turns":3},{"damage":1,"enemies":"conspire:Head Lice","floor":29,"turns":1},{"damage":0,"enemies":"Snecko","floor":30,"turns":1},{"damage":1,"enemies":"Centurion and Healer","floor":31,"turns":1},{"damage":49,"enemies":"Champ","floor":33,"turns":6},{"damage":0,"enemies":"Orb Walker","floor":35,"turns":1},{"damage":6,"enemies":"3 Shapes","floor":36,"turns":1},{"damage":0,"enemies":"Sphere and 2 Shapes","floor":37,"turns":1},{"damage":0,"enemies":"Writhing Mass","floor":38,"turns":1},{"damage":1,"enemies":"Spire Growth","floor":39,"turns":2},{"damage":1,"enemies":"Nemesis","floor":41,"turns":1},{"damage":0,"enemies":"Sphere and 2 Shapes","floor":42,"turns":1},{"damage":12,"enemies":"Transient","floor":45,"turns":5},{"damage":12,"enemies":"Giant Head","floor":46,"turns":5},{"damage":4,"enemies":"Maw","floor":47,"turns":3},{"damage":13,"enemies":"Awakened One","floor":50,"turns":5},{"damage":1,"enemies":"Shield and Spear","floor":54,"turns":2},{"damage":49,"enemies":"The Heart","floor":55,"turns":4}],"seed_played":"6672111285956361436","potions_obtained":[{"floor":10,"key":"GamblersBrew"},{"floor":13,"key":"DistilledChaos"}],"is_trial":false,"path_per_floor":["M","$","M","M","M","E","$","E","T","M","R","?","M","M","R","B",null,"M","M","M","M","M","E","?","E","T","?","?","E","M","M","R","B",null,"M","M","M","M","M","R","E","M","T","R","M","E","M","$","R","B",null,"$","R","E","B",null],"character_chosen":"THE_CURSED","items_purchased":["Boot","TheCursedMod:CursedRelics","TheAbacus","TheCursedMod:CursedSpellbook","TheCursedMod:HellfireBreathing","Medical Kit","TheCursedMod:Wield","TheCursedMod:Wield","TheCursedMod:SurpriseAttack","Gremlin Horn","TheCursedMod:HellfireBreathing","TheCursedMod:RapidMovement"],"campfire_rested":0,"item_purchase_floors":[0,0,0,0,0,0,0,0,2,7,48,52],"current_hp_per_floor":[48,58,66,76,86,83,93,103,113,111,121,131,141,151,161,162,255,264,269,272,275,274,268,278,278,288,298,308,317,327,336,346,307,425,435,439,449,459,468,478,487,499,509,519,519,519,527,537,547,546,595,605,615,624,586],"gold":1278,"neow_bonus":"","is_daily":false,"chose_seed":false,"campfire_upgraded":6,"win_rate":0.0,"timestamp":1608607424,"path_taken":["M","$","M","M","M","E","$","E","T","?","R","?","M","M","R","BOSS","M","M","M","M","?","E","?","E","T","?","?","E","M","M","R","BOSS","M","M","M","M","M","R","E","M","T","R","M","E","M","$","R","BOSS","$","R","E","BOSS"],"items_purchased_type":["Relic","Card","Relic","Card","Card","Relic","Card","Card","Card","Relic","Card","Card"],"build_version":"2020-12-13","purchased_purges":17,"victory":true,"max_hp_per_floor":[95,105,115,125,135,145,155,165,175,185,195,205,215,225,235,245,255,265,275,285,295,305,315,325,335,345,355,365,375,385,395,405,415,425,435,445,455,465,475,485,495,505,515,525,535,545,555,565,575,585,595,605,615,625,635],"card_choices":[{"not_picked":["TheCursedMod:SoulCrush","TheCursedMod:CursedBlade"],"picked":"TheCursedMod:SurpriseAttack","floor":1},{"not_picked":["TheCursedMod:CursedStaff","TheCursedMod:Obscuration","TheCursedMod:Torture"],"picked":"SKIP","floor":3},{"not_picked":["TheCursedMod:RapidMovement","TheCursedMod:SpitefulPray"],"picked":"TheCursedMod:CursedBlade","floor":4},{"not_picked":["TheCursedMod:CursedShiv","TheCursedMod:CursedMace","TheCursedMod:Wield"],"picked":"SKIP","floor":5},{"not_picked":["TheCursedMod:CursedMace","TheCursedMod:Stigma","TheCursedMod:SpitefulStrike"],"picked":"SKIP","floor":6},{"not_picked":["TheCursedMod:SoulCrush","TheCursedMod:RavingStaff"],"picked":"TheCursedMod:DemonicPact","floor":8},{"not_picked":["TheCursedMod:RapidMovement","TheCursedMod:Wield","TheCursedMod:VitalStrike"],"picked":"SKIP","floor":10},{"not_picked":["TheCursedMod:SmokeScreen","TheCursedMod:SoulReap"],"picked":"TheCursedMod:NeowsMight","floor":13},{"not_picked":["TheCursedMod:Grudge","TheCursedMod:HellfireBreathing"],"picked":"TheCursedMod:SurpriseAttack","floor":14},{"not_picked":["TheCursedMod:StunningStrike","TheCursedMod:ShockAndAwe"],"picked":"TheCursedMod:CursedRelics","floor":16},{"not_picked":["TheCursedMod:Wield","TheCursedMod:Obscuration"],"picked":"TheCursedMod:SpitefulPlan","floor":18},{"not_picked":["TheCursedMod:SmokeScreen","TheCursedMod:Torture","TheCursedMod:SpreadPlague"],"picked":"SKIP","floor":19},{"not_picked":["TheCursedMod:BloodBarrier","TheCursedMod:HellsGateOpen","TheCursedMod:ReleasedKnowledge"],"picked":"SKIP","floor":20},{"not_picked":["TheCursedMod:CircleOfBlood+1","TheCursedMod:VitalStrike","TheCursedMod:WearCloak"],"picked":"SKIP","floor":21},{"not_picked":["TheCursedMod:CircleOfCorruption","TheCursedMod:Hemoplague"],"picked":"TheCursedMod:CursedBlade","floor":22},{"not_picked":["TheCursedMod:ManaBullet","TheCursedMod:SpreadPlague","TheCursedMod:CursedAmulet"],"picked":"SKIP","floor":23},{"not_picked":["TheCursedMod:CircleOfCorruption","TheCursedMod:Grudge","TheCursedMod:StunningStrike"],"picked":"SKIP","floor":25},{"not_picked":["TheCursedMod:CursedMace","TheCursedMod:TacticalStrike","TheCursedMod:CursedBoomerang"],"picked":"SKIP","floor":29},{"not_picked":["TheCursedMod:SpitefulPray+1","TheCursedMod:HellsGateOpen","TheCursedMod:BlessingInDisguise+1"],"picked":"SKIP","floor":30},{"not_picked":["TheCursedMod:SpitefulStrike","TheCursedMod:BlessingInDisguise","TheCursedMod:CursedAmulet"],"picked":"SKIP","floor":31},{"not_picked":["TheCursedMod:VoidForm","TheCursedMod:ForbiddenAlchemy"],"picked":"TheCursedMod:CollectTribute","floor":33},{"not_picked":["TheCursedMod:Torture","TheCursedMod:SmokeScreen+1"],"picked":"TheCursedMod:CursedAmulet+1","floor":35},{"not_picked":["TheCursedMod:Torture","TheCursedMod:DoubleShield","TheCursedMod:CircleOfWindfury+1"],"picked":"SKIP","floor":36},{"not_picked":["TheCursedMod:Evocation+1","TheCursedMod:SoulReap+1","TheCursedMod:LuckyCharm"],"picked":"SKIP","floor":37},{"not_picked":["TheCursedMod:CursedShiv+1","TheCursedMod:VitalStrike+1","TheCursedMod:RavingStaff+1"],"picked":"SKIP","floor":38},{"not_picked":["TheCursedMod:Obscuration","TheCursedMod:BlessingInDisguise","TheCursedMod:SoulReap"],"picked":"SKIP","floor":39},{"not_picked":["TheCursedMod:SpreadPlague","TheCursedMod:SpitefulStrike+1"],"picked":"TheCursedMod:HellfireBreathing+1","floor":41},{"not_picked":["TheCursedMod:StingEye+1","TheCursedMod:CircleOfAmplification+1","TheCursedMod:VoidForm"],"picked":"SKIP","floor":42},{"not_picked":["TheCursedMod:TacticalStrike+1","TheCursedMod:SpreadPlague","TheCursedMod:Stretching"],"picked":"SKIP","floor":45},{"not_picked":["TheCursedMod:CircleOfWindfury+1","TheCursedMod:ParallelWorld","TheCursedMod:WearCloak+1"],"picked":"SKIP","floor":46},{"not_picked":["TheCursedMod:CursedMace","TheCursedMod:CircleOfCorruption+1","TheCursedMod:RapidMovement"],"picked":"SKIP","floor":47},{"not_picked":["TheCursedMod:ManaBullet+1","TheCursedMod:SoulCrush+1","TheCursedMod:BloodBarrier+1"],"picked":"SKIP","floor":54}],"player_experience":308506,"relics_obtained":[{"floor":6,"key":"Akabeko"},{"floor":8,"key":"Centennial Puzzle"},{"floor":23,"key":"Blue Candle"},{"floor":25,"key":"Vajra"},{"floor":26,"key":"HornCleat"},{"floor":29,"key":"White Beast Statue"},{"floor":41,"key":"Blood Vial"},{"floor":43,"key":"Sundial"},{"floor":46,"key":"TheCursedMod:Tack"},{"floor":54,"key":"Bottled Flame"}],"event_choices":[{"damage_healed":0,"gold_gain":0,"player_choice":"Forge","damage_taken":0,"max_hp_gain":0,"max_hp_loss":0,"event_name":"Accursed Blacksmith","floor":12,"gold_loss":0,"cards_upgraded":["TheCursedMod:CursedRelics"]},{"damage_healed":0,"gold_gain":0,"player_choice":"Opened","damage_taken":0,"relics_obtained":["Bag of Marbles"],"max_hp_gain":0,"max_hp_loss":0,"event_name":"The Mausoleum","floor":24,"gold_loss":0},{"damage_healed":0,"gold_gain":0,"player_choice":"Stole Relic","damage_taken":0,"relics_obtained":["conspire:DecoderRing"],"max_hp_gain":0,"max_hp_loss":0,"event_name":"Addict","floor":27,"gold_loss":0,"cards_obtained":["Shame"]},{"damage_healed":0,"gold_gain":0,"player_choice":"Ignored","damage_taken":0,"max_hp_gain":0,"max_hp_loss":0,"event_name":"NoteForYourself","floor":28,"gold_loss":0}],"is_beta":false,"boss_relics":[{"not_picked":["Busted Crown","conspire:SlowCooker"],"picked":"Sozu"},{"not_picked":["conspire:RoyalGoblet","Empty Cage"],"picked":"TheCursedMod:FourLeafCloverCharm"}],"items_purged_floors":[0,0,0,0,0,0,0,0,48,48,48,48,48,48,48,52,52],"is_endless":false,"potions_floor_spawned":[1,10,13,14,18,22,25,29,30,31,33,35,36,37,38,39,41,42,45,46,47,54],"ascension_level":0}}