{"host":"lhth1efayex2023z","time":1608620356,"event":{"mods":["BaseMod","Colored Map","Googly Eyes","Minty Spire (QoL Compilation)","StSLib"],"gold_per_floor":[109,184,184,184,207,247,283,326,338,350,381,393,449,481,493,628,640,652,652],"floor_reached":18,"playtime":787,"items_purged":[],"score":308,"play_id":"f59f9f0e-8d81-44c7-a026-ce9ae9d00954","local_time":"20201221235916","is_ascension_mode":true,"campfire_choices":[{"data":"Neutralize","floor":10,"key":"SMITH"},{"floor":12,"key":"REST"},{"floor":15,"key":"REST"}],"circlet_count":0,"master_deck":["AscendersBane","Strike_G","Strike_G","Strike_G","Strike_G","Strike_G","Defend_G","Defend_G","Defend_G","Defend_G","Defend_G","Survivor","Neutralize+1","Deadly Poison","Purity","Corpse Explosion","Well Laid Plans","Deflect","Dodge and Roll","Phantasmal Killer+1","Burst+1","Bullet Time+1"],"relics":["Ring of the Snake","NeowsBlessing","Golden Idol","MawBank","Toxic Egg 2","Pen Nib","Mummified Hand","SacredBark"],"acts_visited":["Exordium","TheCity"],"potions_floor_usage":[8,8,11,16,18],"damage_taken":[{"damage":0,"enemies":"Small Slimes","floor":1,"turns":1},{"damage":0,"enemies":"Jaw Worm","floor":5,"turns":1},{"damage":0,"enemies":"Lagavulin","floor":6,"turns":1},{"damage":1,"enemies":"Cultist","floor":7,"turns":4},{"damage":10,"enemies":"3 Sentries","floor":8,"turns":3},{"damage":2,"enemies":"Looter","floor":11,"turns":4},{"damage":31,"enemies":"Lagavulin","floor":13,"turns":8},{"damage":12,"enemies":"Red Slaver","floor":14,"turns":6},{"damage":28,"enemies":"The Guardian","floor":16,"turns":12},{"damage":54,"enemies":"Chosen","floor":18,"turns":8}],"seed_played":"-4510599466290630309","potions_obtained":[{"floor":5,"key":"CunningPotion"},{"floor":6,"key":"Fire Potion"},{"floor":7,"key":"ColorlessPotion"},{"floor":8,"key":"ColorlessPotion"},{"floor":13,"key":"FearPotion"}],"is_trial":false,"path_per_floor":["M","?","?","?","M","E","M","E","T","R","M","R","E","M","R","B",null,"M"],"character_chosen":"THE_SILENT","items_purchased":[],"campfire_rested":2,"item_purchase_floors":[],"current_hp_per_floor":[63,52,52,52,52,52,51,41,41,41,39,58,27,15,34,6,50,0,0],"gold":652,"neow_bonus":"THREE_ENEMY_KILL","is_daily":false,"chose_seed":false,"campfire_upgraded":1,"win_rate":0.0,"timestamp":1608620356,"path_taken":["M","?","?","?","M","E","M","E","T","R","?","R","E","M","R","BOSS","M"],"items_purchased_type":[],"build_version":"2020-12-13","purchased_purges":0,"victory":false,"max_hp_per_floor":[70,70,65,65,65,65,65,65,65,65,65,65,65,65,65,65,65,65,65],"card_choices":[{"not_picked":["Dagger Throw","Masterful Stab"],"picked":"Deadly Poison","floor":1},{"not_picked":["Dodge and Roll","Sucker Punch"],"picked":"Well Laid Plans","floor":5},{"not_picked":["Concentrate","Flying Knee"],"picked":"Deflect","floor":6},{"not_picked":["Deflect","Masterful Stab"],"picked":"Dodge and Roll","floor":7},{"not_picked":["Distraction+1","Acrobatics+1"],"picked":"Phantasmal Killer+1","floor":8},{"not_picked":["Underhanded Strike","Quick Slash","Setup+1"],"picked":"SKIP","floor":11},{"not_picked":["Flying Knee","Phantasmal Killer+1"],"picked":"Burst+1","floor":13},{"not_picked":["Eviscerate","Skewer","Acrobatics+1"],"picked":"SKIP","floor":14},{"not_picked":["Die Die Die","Grand Finale"],"picked":"Bullet Time+1","floor":16}],"player_experience":384993,"relics_obtained":[{"floor":6,"key":"MawBank"},{"floor":8,"key":"Toxic Egg 2"},{"floor":9,"key":"Pen Nib"},{"floor":13,"key":"Mummified Hand"}],"event_choices":[{"damage_healed":0,"gold_gain":75,"player_choice":"Gather Gold","damage_taken":11,"max_hp_gain":0,"max_hp_loss":0,"event_name":"World of Goop","floor":2,"gold_loss":0},{"damage_healed":0,"gold_gain":0,"player_choice":"Lose Max HP","damage_taken":0,"relics_obtained":["Golden Idol"],"max_hp_gain":0,"max_hp_loss":5,"event_name":"Golden Idol","floor":3,"gold_loss":0},{"damage_healed":0,"gold_gain":0,"player_choice":"2 cards matched","damage_taken":0,"max_hp_gain":0,"max_hp_loss":0,"event_name":"Match and Keep!","floor":4,"gold_loss":0,"cards_obtained":["Purity","Corpse Explosion"]}],"is_beta":false,"boss_relics":[{"not_picked":["Runic Dome","Velvet Choker"],"picked":"SacredBark"}],"items_purged_floors":[],"is_endless":false,"potions_floor_spawned":[5,6,7,8,13],"killed_by":"Chosen","ascension_level":10}}