{"host":"gbop6m4qugddaz18","time":1608649694,"event":{"mods":["2.2 Compatiblity","BaseMod","Better Third Choice","Block Reminder","Downfall","GifTheSpireLib","Highlight Path","Minty Spire (QoL Compilation)","Replay The Spire","StSLib"],"gold_per_floor":[99,114,144,144,144,174,174,204,219,219,234,249,264,279,294,394,394,394,424,424,439,454,45,70,85,100,100,115,130,130,145,160,160,160],"floor_reached":33,"playtime":2074,"items_purged":["Pain"],"score":395,"play_id":"43e82a68-f195-4ae4-9f5f-4ffdc23913f6","local_time":"20201222100814","daily_mods":["Insanity","Time Dilation","Binary"],"is_ascension_mode":false,"campfire_choices":[{"data":"Blade Dance","floor":1,"key":"SMITH"},{"data":"Accuracy","floor":5,"key":"SMITH"},{"data":"Catalyst","floor":10,"key":"SMITH"},{"data":"Cloak And Dagger","floor":18,"key":"SMITH"},{"floor":27,"key":"REST"}],"circlet_count":0,"master_deck":["Accuracy+1","Slice","Blur","ReplayTheSpireMod:Exploit Weakness","Blur","Sucker Punch","Backflip","Caltrops","Deadly Poison","Blade Dance+1","Acrobatics","All Out Attack","Quick Slash","Accuracy","Escape Plan","Noxious Fumes","Dodge and Roll","Underhanded Strike","Hidden Blade","Heel Hook","Blade Dance","Flying Knee","Outmaneuver","Toxin Wave","Dagger Spray","Terror","Quick Slash","Dagger Spray","ReplayTheSpireMod:Tripwire","Underhanded Strike","Outmaneuver","Acrobatics","Skewer","Riddle With Holes","Poisoned Stab","Slice","ReplayTheSpireMod:Tripwire","Sucker Punch","Deflect","Draining Mist","Flechettes","Bouncing Flask","Acrobatics","Dodge and Roll","Hidden Blade","ReplayTheSpireMod:Shiv Toss","Caltrops","Cloak And Dagger+1","Deflect","Sucker Punch","Poisoned Stab","Crippling Poison","Catalyst+1","Deflect","Poisoned Stab","Toxin Wave","Toxin Wave","Footwork+1","Cloak And Dagger","Bane","Backstab","Leg Sweep","Injury","Poisoned Stab","Deadly Poison+1","Cloak And Dagger+1","Phantasmal Killer","Replay:Poison Smokescreen+1","Slice"],"relics":["Ring of the Snake","Replay:WaspNest","Blood Vial","hexamod:BolsterEngine","MealTicket","Cursed Key","StrikeDummy","Replay:Rubber Ducky","HornCleat","ReplayTheSpireMod:TigerMarble"],"acts_visited":["Exordium","TheCity"],"potions_floor_usage":[14,16,16,16,28],"damage_taken":[{"damage":0,"enemies":"Jaw Worm","floor":2,"turns":2},{"damage":21,"enemies":"3 Sentries","floor":3,"turns":4},{"damage":0,"enemies":"Gremlin Nob","floor":6,"turns":2},{"damage":22,"enemies":"Lagavulin","floor":8,"turns":6},{"damage":0,"enemies":"Cultist","floor":9,"turns":2},{"damage":4,"enemies":"Small Slimes","floor":11,"turns":2},{"damage":14,"enemies":"Exordium Thugs","floor":12,"turns":5},{"damage":6,"enemies":"Looter","floor":13,"turns":2},{"damage":0,"enemies":"2 Fungi Beasts","floor":14,"turns":2},{"damage":1,"enemies":"3 Louse","floor":15,"turns":3},{"damage":31,"enemies":"The Guardian","floor":16,"turns":7},{"damage":45,"enemies":"Slavers","floor":19,"turns":4},{"damage":0,"enemies":"Spheric Guardian","floor":21,"turns":3},{"damage":5,"enemies":"3 Byrds","floor":22,"turns":3},{"damage":0,"enemies":"downfall:FleeingMerchant","floor":23,"turns":4},{"damage":0,"enemies":"Centurion and Healer","floor":25,"turns":4},{"damage":12,"enemies":"3 Cultists","floor":26,"turns":4},{"damage":6,"enemies":"Sentry and Sphere","floor":28,"turns":4},{"damage":6,"enemies":"Shelled Parasite and Fungi","floor":29,"turns":3},{"damage":0,"enemies":"3 Cultists","floor":31,"turns":3},{"damage":6,"enemies":"Chosen and Byrds","floor":32,"turns":4},{"damage":44,"enemies":"downfall:Ironclad","floor":33,"turns":4}],"seed_played":"7329645460642280970","potions_obtained":[{"floor":2,"key":"champ:CounterPotion"},{"floor":3,"key":"Elixir"},{"floor":8,"key":"SmokeBomb"},{"floor":13,"key":"Regen Potion"},{"floor":14,"key":"EntropicBrew"},{"floor":26,"key":"Doom Potion"},{"floor":28,"key":"Fruit Juice"},{"floor":32,"key":"Energy Potion"}],"is_trial":false,"path_per_floor":["R","M","E","?","R","E","T","E","M","R","M","M","M","M","M","B",null,"R","E","?","M","M","$","T","M","M","R","M","M","?","M","M","B"],"character_chosen":"THE_SILENT","items_purchased":["HornCleat","Leg Sweep"],"campfire_rested":1,"item_purchase_floors":[23,23],"current_hp_per_floor":[70,70,49,70,70,70,70,48,50,50,48,36,32,43,44,15,70,70,25,25,27,24,41,41,43,33,54,55,51,40,42,38,0,0],"gold":160,"neow_bonus":"","is_daily":true,"chose_seed":false,"campfire_upgraded":4,"win_rate":0.0,"timestamp":1608649694,"path_taken":["R","M","E","?","R","E","T","E","M","R","M","?","?","M","M","BOSS","R","E","?","M","M","$","T","M","M","R","M","?","?","M","M","BOSS"],"items_purchased_type":["Relic","Card"],"build_version":"2020-12-13","purchased_purges":1,"victory":false,"max_hp_per_floor":[70,70,70,70,70,70,70,70,70,70,70,70,70,70,70,70,70,70,70,70,70,70,70,70,70,70,70,75,75,75,75,75,75,75],"card_choices":[{"not_picked":["Sneak Up"],"picked":"Poisoned Stab","floor":2},{"not_picked":["Hidden Blade"],"picked":"Crippling Poison","floor":3},{"not_picked":["Dash","Choke"],"picked":"SKIP","floor":6},{"not_picked":["PiercingWail","Quick Slash"],"picked":"SKIP","floor":8},{"not_picked":["Backflip"],"picked":"Catalyst","floor":9},{"not_picked":["Sucker Punch","PiercingWail"],"picked":"SKIP","floor":11},{"not_picked":["Dagger Spray"],"picked":"Deflect","floor":12},{"not_picked":["Escape Plan"],"picked":"Poisoned Stab","floor":13},{"not_picked":["Footwork"],"picked":"Toxin Wave","floor":14},{"not_picked":["Deadly Poison"],"picked":"Toxin Wave","floor":15},{"not_picked":["Hidden Blade"],"picked":"Footwork+1","floor":19},{"not_picked":["Dagger Throw+1"],"picked":"Cloak And Dagger","floor":21},{"not_picked":["ReplayTheSpireMod:Shiv Toss"],"picked":"Bane","floor":22},{"not_picked":["Escape Plan"],"picked":"Backstab","floor":23},{"not_picked":["Outmaneuver"],"picked":"Poisoned Stab","floor":25},{"not_picked":["Blur+1"],"picked":"Deadly Poison+1","floor":26},{"not_picked":["Deflect"],"picked":"Cloak And Dagger+1","floor":28},{"not_picked":["Dash+1"],"picked":"Phantasmal Killer","floor":29},{"not_picked":["Terror"],"picked":"Replay:Poison Smokescreen+1","floor":31},{"not_picked":["Backflip"],"picked":"Slice","floor":32}],"player_experience":579056,"relics_obtained":[{"floor":3,"key":"Replay:WaspNest"},{"floor":6,"key":"Blood Vial"},{"floor":7,"key":"hexamod:BolsterEngine"},{"floor":8,"key":"MealTicket"},{"floor":19,"key":"StrikeDummy"},{"floor":24,"key":"ReplayTheSpireMod:TigerMarble"}],"event_choices":[{"damage_healed":21,"gold_gain":0,"player_choice":"Full Heal","damage_taken":0,"max_hp_gain":0,"max_hp_loss":0,"event_name":"Wheel of Change","floor":4,"gold_loss":0}],"is_beta":false,"boss_relics":[{"not_picked":["Busted Crown","Replay:Drink Me"],"picked":"Cursed Key"}],"items_purged_floors":[23],"is_endless":false,"potions_floor_spawned":[2,3,8,13,14,21,26,28,32],"killed_by":"downfall:Ironclad","ascension_level":0}}