{"host":"mt3nndg5ku536gxi","time":1608619911,"event":{"mods":["BaseMod","Colored Powertips","Minty Spire (QoL Compilation)","Permanent Neow","Quick Restart","StSLib","UnlockEverythingMod"],"gold_per_floor":[114,128,145,70,80,80,111,11,11,26,26,40,71,88,88,167,167,184,197,197,232,31,31,63,63,63,82,82,96,96,121,121,200,200,210,230,230,230,105,138,155,188,188,217,217,227,244,257,257,257,257,257,257,22,47,47],"floor_reached":57,"playtime":4806,"items_purged":["Strike_R","Strike_R","Strike_R","Strike_R"],"score":2838,"play_id":"51d566dd-7d81-439e-9577-75f4d54fbfa8","local_time":"20201222145151","is_ascension_mode":true,"campfire_choices":[{"data":"Armaments","floor":6.0,"key":"SMITH"},{"data":"Dark Embrace","floor":11.0,"key":"SMITH"},{"data":"Shockwave","floor":15.0,"key":"SMITH"},{"data":"Deep Breath","floor":23.0,"key":"SMITH"},{"data":"Demon Form","floor":25.0,"key":"SMITH"},{"data":"Berserk","floor":32.0,"key":"SMITH"},{"data":"True Grit","floor":45.0,"key":"SMITH"},{"floor":49.0,"key":"RECALL"},{"data":"Feel No Pain","floor":53,"key":"SMITH"}],"circlet_count":0,"master_deck":["AscendersBane","Defend_R","Defend_R","Defend_R","Defend_R","Bash","Feel No Pain+1","Armaments+1","Pommel Strike","Shockwave+1","Shrug It Off","Battle Trance","Dark Embrace+1","True Grit+1","Demon Form+1","Reaper","Feel No Pain","Sword Boomerang+1","Deep Breath+1","Berserk+1","Ghostly","Ghostly","Ghostly","Seeing Red+1","Limit Break+1","Flex+1","Offering+1","Finesse+1","Panacea+1","Rage+1","Injury","Second Wind+1","Bloodletting+1"],"relics":["Coffee Dripper","Pen Nib","White Beast Statue","StrikeDummy","Runic Pyramid","Enchiridion","Red Mask","PreservedInsect","Singing Bowl","Toxic Egg 2","Cursed Key","Kunai","Potion Belt","HornCleat","Strawberry"],"acts_visited":["Exordium","TheCity","TheBeyond","TheEnding"],"potions_floor_usage":[56,56,56,56],"damage_taken":[{"damage":1.0,"enemies":"Cultist","floor":1.0,"turns":3.0},{"damage":3.0,"enemies":"2 Louse","floor":2.0,"turns":3.0},{"damage":3.0,"enemies":"Small Slimes","floor":3.0,"turns":4.0},{"damage":3.0,"enemies":"Blue Slaver","floor":5.0,"turns":3.0},{"damage":7.0,"enemies":"3 Sentries","floor":7.0,"turns":9.0},{"damage":10.0,"enemies":"Exordium Thugs","floor":10.0,"turns":5.0},{"damage":5.0,"enemies":"Exordium Wildlife","floor":12.0,"turns":5.0},{"damage":24.0,"enemies":"Gremlin Nob","floor":13.0,"turns":4.0},{"damage":0.0,"enemies":"Large Slime","floor":14.0,"turns":8.0},{"damage":8.0,"enemies":"The Guardian","floor":16.0,"turns":8.0},{"damage":12.0,"enemies":"Shell Parasite","floor":18.0,"turns":8.0},{"damage":3.0,"enemies":"3 Byrds","floor":19.0,"turns":6.0},{"damage":26.0,"enemies":"Masked Bandits","floor":21.0,"turns":4.0},{"damage":18.0,"enemies":"Gremlin Leader","floor":24.0,"turns":8.0},{"damage":20.0,"enemies":"Centurion and Healer","floor":27.0,"turns":9.0},{"damage":26.0,"enemies":"Snecko","floor":29.0,"turns":7.0},{"damage":5.0,"enemies":"Book of Stabbing","floor":31.0,"turns":5.0},{"damage":13.0,"enemies":"Champ","floor":33.0,"turns":9.0},{"damage":0.0,"enemies":"3 Shapes","floor":35.0,"turns":5.0},{"damage":0.0,"enemies":"3 Darklings","floor":36.0,"turns":4.0},{"damage":4.0,"enemies":"Reptomancer","floor":40.0,"turns":5.0},{"damage":20.0,"enemies":"4 Shapes","floor":41.0,"turns":4.0},{"damage":6.0,"enemies":"Giant Head","floor":42.0,"turns":6.0},{"damage":38.0,"enemies":"Nemesis","floor":44.0,"turns":5.0},{"damage":13.0,"enemies":"Writhing Mass","floor":46.0,"turns":6.0},{"damage":10.0,"enemies":"3 Darklings","floor":47.0,"turns":4.0},{"damage":6.0,"enemies":"Maw","floor":48.0,"turns":5.0},{"damage":23.0,"enemies":"Awakened One","floor":50.0,"turns":7.0},{"damage":13,"enemies":"Donu and Deca","floor":51,"turns":7},{"damage":19,"enemies":"Shield and Spear","floor":55,"turns":4},{"damage":72,"enemies":"The Heart","floor":56,"turns":10}],"seed_played":"-1525547096453266173","potions_obtained":[{"floor":1.0,"key":"Fire Potion"},{"floor":3.0,"key":"SpeedPotion"},{"floor":10.0,"key":"FearPotion"},{"floor":13.0,"key":"Energy Potion"},{"floor":16.0,"key":"Strength Potion"},{"floor":18.0,"key":"Energy Potion"},{"floor":19.0,"key":"ColorlessPotion"},{"floor":21.0,"key":"Fire Potion"},{"floor":24.0,"key":"Regen Potion"},{"floor":27.0,"key":"Block Potion"},{"floor":29.0,"key":"Ancient Potion"},{"floor":33.0,"key":"Energy Potion"},{"floor":35.0,"key":"SteroidPotion"},{"floor":38.0,"key":"HeartOfIron"},{"floor":42.0,"key":"FearPotion"},{"floor":44.0,"key":"Fire Potion"},{"floor":48.0,"key":"SkillPotion"},{"floor":55,"key":"DuplicationPotion"}],"is_trial":false,"path_per_floor":["M","M","M","$","M","R","E","$","T","M","R","M","E","M","R","B",null,"M","M","?","?","$","R","E","R","T","M","?","M","?","E","R","B",null,"M","M","?","?","$","E","M","E","T","E","R","M","M","M","R","B","B",null,"R","$","E","B",null],"character_chosen":"IRONCLAD","items_purchased":["Shrug It Off","Battle Trance","Deep Breath","EssenceOfSteel"],"campfire_rested":0,"item_purchase_floors":[8,8,22,54],"current_hp_per_floor":[67,64,61,61,58,58,51,51,51,41,41,36,12,12,12,4,57,51,64,43,38,38,38,43,43,43,75,75,51,38,33,33,38,38,38,38,30,30,30,40,28,44,44,26,26,46,48,44,44,50,50,50,50,50,57,4],"gold":47,"neow_bonus":"BOSS_RELIC","is_daily":false,"chose_seed":false,"campfire_upgraded":8,"win_rate":0.0,"timestamp":1608619911,"path_taken":["M","?","M","?","M","R","E","?","T","M","R","M","E","M","R","BOSS","M","M","?","?","$","R","E","R","T","M","?","?","?","E","R","BOSS","M","M","?","?","$","E","M","E","T","E","R","M","M","?","R","BOSS","BOSS","R","$","E","BOSS"],"items_purchased_type":["Card","Card","Card","Potion"],"build_version":"2020-12-13","purchased_purges":4,"victory":true,"max_hp_per_floor":[75,75,75,75,75,75,75,75,75,75,75,75,75,75,75,75,75,75,75,75,75,75,75,75,75,75,75,75,77,38,38,38,38,38,38,38,40,40,40,40,42,44,44,46,46,46,48,50,50,50,50,50,50,50,57,57],"card_choices":[{"not_picked":["Warcry","Sword Boomerang"],"picked":"Feel No Pain","floor":1.0},{"not_picked":["True Grit","Flame Barrier"],"picked":"Armaments","floor":2.0},{"not_picked":["Perfected Strike","Disarm"],"picked":"Pommel Strike","floor":3.0},{"not_picked":["Searing Blow","Iron Wave","Heavy Blade"],"picked":"SKIP","floor":5.0},{"not_picked":["Infernal Blade","Entrench"],"picked":"Shockwave","floor":7.0},{"not_picked":["Armaments","True Grit"],"picked":"Dark Embrace","floor":10.0},{"not_picked":["Metallicize","Heavy Blade"],"picked":"True Grit","floor":12.0},{"not_picked":["Perfected Strike","Sword Boomerang","Warcry"],"picked":"SKIP","floor":13.0},{"not_picked":["Anger","Shockwave"],"picked":"Demon Form","floor":14.0},{"not_picked":["Bludgeon","Limit Break"],"picked":"Reaper","floor":16.0},{"not_picked":["Uppercut","Clash","Hemokinesis"],"picked":"SKIP","floor":18.0},{"not_picked":["Uppercut","Clash","Hemokinesis"],"picked":"SKIP","floor":18.0},{"not_picked":["Fire Breathing+1","Anger"],"picked":"Feel No Pain","floor":19.0},{"not_picked":["Flame Barrier+1","Thunderclap"],"picked":"Sword Boomerang+1","floor":21.0},{"not_picked":["Cleave","Sword Boomerang+1","Heavy Blade"],"picked":"SKIP","floor":24.0},{"not_picked":["Armaments","Thunderclap"],"picked":"Berserk","floor":27.0},{"not_picked":["Warcry+1","Flame Barrier+1","Pommel Strike"],"picked":"Singing Bowl","floor":29.0},{"not_picked":["Uppercut+1","Spot Weakness+1"],"picked":"Seeing Red+1","floor":31.0},{"not_picked":["Demon Form","Brutality"],"picked":"Limit Break+1","floor":33.0},{"not_picked":["Armaments+1","Clothesline"],"picked":"Flex+1","floor":35.0},{"not_picked":["Warcry+1","Shrug It Off+1"],"picked":"Offering+1","floor":36.0},{"not_picked":["Blind+1","Forethought+1"],"picked":"Finesse+1","floor":37.0},{"not_picked":["Bandage Up+1","Dark Shackles+1","Metamorphosis+1"],"picked":"Singing Bowl","floor":37.0},{"not_picked":["Secret Technique+1","Forethought+1"],"picked":"Panacea+1","floor":37.0},{"not_picked":["Demon Form","Metallicize"],"picked":"Rage+1","floor":40.0},{"not_picked":["Flex+1","Rage+1","Wild Strike"],"picked":"Singing Bowl","floor":41.0},{"not_picked":["Perfected Strike","Entrench+1","Armaments+1"],"picked":"Singing Bowl","floor":42.0},{"not_picked":["Fire Breathing+1","Battle Trance+1","Intimidate+1"],"picked":"Singing Bowl","floor":44.0},{"not_picked":["Warcry+1","Headbutt+1"],"picked":"Second Wind+1","floor":46.0},{"not_picked":["Thunderclap","Pommel Strike","Shockwave+1"],"picked":"Singing Bowl","floor":47.0},{"not_picked":["Wild Strike","Dark Embrace","Spot Weakness+1"],"picked":"Singing Bowl","floor":48.0},{"not_picked":["Shrug It Off+1","Havoc+1"],"picked":"Bloodletting+1","floor":55}],"player_experience":133697,"relics_obtained":[{"floor":7.0,"key":"Pen Nib"},{"floor":9.0,"key":"White Beast Statue"},{"floor":13.0,"key":"StrikeDummy"},{"floor":20.0,"key":"Enchiridion"},{"floor":21.0,"key":"Red Mask"},{"floor":24.0,"key":"PreservedInsect"},{"floor":26.0,"key":"Singing Bowl"},{"floor":31.0,"key":"Toxic Egg 2"},{"floor":40.0,"key":"Kunai"},{"floor":42.0,"key":"Potion Belt"},{"floor":44.0,"key":"HornCleat"},{"floor":55,"key":"Strawberry"}],"event_choices":[{"damage_healed":0.0,"max_hp_gain":0.0,"max_hp_loss":0.0,"gold_gain":0.0,"event_name":"Cursed Tome","player_choice":"Obtained Book","floor":20.0,"gold_loss":0.0,"damage_taken":21.0},{"damage_healed":0.0,"max_hp_gain":0.0,"max_hp_loss":0.0,"gold_gain":0.0,"event_name":"Masked Bandits","player_choice":"Fought Bandits","floor":21.0,"gold_loss":0.0,"damage_taken":0.0},{"cards_removed":["Strike_R"],"damage_healed":0.0,"max_hp_gain":0.0,"max_hp_loss":0.0,"gold_gain":0.0,"event_name":"Purifier","player_choice":"Purged","floor":28.0,"gold_loss":0.0,"damage_taken":0.0},{"damage_healed":0.0,"max_hp_gain":0.0,"max_hp_loss":39.0,"gold_gain":0.0,"event_name":"Ghosts","player_choice":"Became a Ghost","floor":30.0,"gold_loss":0.0,"damage_taken":0.0,"cards_obtained":["Ghostly","Ghostly","Ghostly"]},{"damage_healed":0.0,"max_hp_gain":0.0,"max_hp_loss":0.0,"gold_gain":0.0,"event_name":"SensoryStone","player_choice":"Memory 3","floor":37.0,"gold_loss":0.0,"damage_taken":10.0},{"damage_healed":0.0,"max_hp_gain":0.0,"max_hp_loss":0.0,"gold_gain":0.0,"event_name":"Lab","player_choice":"Got Potions","floor":38.0,"gold_loss":0.0,"damage_taken":0.0}],"is_beta":false,"boss_relics":[{"not_picked":["Astrolabe","SlaversCollar"],"picked":"Runic Pyramid"},{"not_picked":["Pandora\u0027s Box","Sozu"],"picked":"Cursed Key"}],"items_purged_floors":[4,22,39,54],"is_endless":false,"potions_floor_spawned":[1,3,10,12,13,14,16,18,19,21,24,27,29,31,33,35,36,40,41,42,44,46,47,48,55],"ascension_level":20}}