{"host":"o7j6aatxjwpw1421","time":1608665261,"event":{"mods":["2.2 Compatiblity","BaseMod","Colored Map","DeckTracker","Highlight Path","Keyboard Shortcuts","Minty Spire (QoL Compilation)","Permanent Neow","Quick Restart","StSLib","SuperFastMode","everything is the same but u backflip on backflip"],"gold_per_floor":[110,128,138,151,151,151,176,188,188,188,188,188,188,222,222,222,222],"floor_reached":16,"playtime":434,"items_purged":[],"score":165,"play_id":"be47ec51-ce60-459b-9b64-8fbaa25b23d8","local_time":"20201223042741","is_ascension_mode":true,"campfire_choices":[{"data":"Fire Breathing","floor":6.0,"key":"SMITH"},{"data":"1","floor":11.0,"key":"LIFT"},{"floor":13.0,"key":"REST"},{"data":"2","floor":15.0,"key":"LIFT"}],"circlet_count":0,"master_deck":["AscendersBane","Strike_R","Strike_R","Defend_R+1","Defend_R","Defend_R","Defend_R+1","Bash","Dual Wield","True Grit","Wild Strike","Fire Breathing+1","Second Wind","Double Tap"],"relics":["Burning Blood","Kunai","Girya","Ornamental Fan"],"acts_visited":["Exordium"],"potions_floor_usage":[],"damage_taken":[{"damage":6.0,"enemies":"2 Louse","floor":1.0,"turns":4.0},{"damage":12.0,"enemies":"Jaw Worm","floor":2.0,"turns":3.0},{"damage":0.0,"enemies":"Cultist","floor":3.0,"turns":3.0},{"damage":28.0,"enemies":"Exordium Thugs","floor":4.0,"turns":7.0},{"damage":18.0,"enemies":"3 Sentries","floor":7.0,"turns":5.0},{"damage":4.0,"enemies":"3 Louse","floor":8.0,"turns":3.0},{"damage":5.0,"enemies":"Lagavulin","floor":14.0,"turns":7.0},{"damage":48,"enemies":"Hexaghost","floor":16,"turns":9}],"seed_played":"7885094484290335821","potions_obtained":[{"floor":2.0,"key":"PowerPotion"},{"floor":14.0,"key":"FearPotion"}],"is_trial":false,"path_per_floor":["M","M","M","M","?","R","E","M","T","?","R","?","R","E","R","B"],"character_chosen":"IRONCLAD","items_purchased":[],"campfire_rested":1,"item_purchase_floors":[],"current_hp_per_floor":[72,66,72,50,55,55,43,45,45,38,38,23,46,47,47,0,0],"gold":222,"neow_bonus":"TRANSFORM_TWO_CARDS","is_daily":false,"chose_seed":false,"campfire_upgraded":1,"win_rate":0.0,"timestamp":1608665261,"path_taken":["M","M","M","M","?","R","E","M","T","?","R","?","R","E","R","BOSS"],"items_purchased_type":[],"build_version":"2020-12-13","purchased_purges":0,"victory":false,"max_hp_per_floor":[72,72,72,72,77,77,77,77,77,77,77,77,77,77,77,77,77],"card_choices":[{"not_picked":["Body Slam","Flex"],"picked":"Wild Strike","floor":1.0},{"not_picked":["Combust","Inflame","Headbutt"],"picked":"SKIP","floor":2.0},{"not_picked":["Warcry","Ghostly Armor"],"picked":"Fire Breathing","floor":3.0},{"not_picked":["Ghostly Armor","Hemokinesis"],"picked":"Second Wind","floor":4.0},{"not_picked":["True Grit","Flex"],"picked":"Double Tap","floor":7.0},{"not_picked":["Rupture","Warcry","True Grit"],"picked":"SKIP","floor":8.0},{"not_picked":["Flame Barrier","Perfected Strike","Headbutt"],"picked":"SKIP","floor":14.0}],"player_experience":326556,"relics_obtained":[{"floor":7.0,"key":"Kunai"},{"floor":9.0,"key":"Girya"},{"floor":14.0,"key":"Ornamental Fan"}],"event_choices":[{"damage_healed":0.0,"max_hp_gain":5.0,"max_hp_loss":0.0,"gold_gain":0.0,"event_name":"Big Fish","player_choice":"Donut","floor":5.0,"gold_loss":0.0,"damage_taken":0.0},{"cards_removed":["Strike_R"],"damage_healed":0.0,"max_hp_gain":0.0,"max_hp_loss":0.0,"gold_gain":0.0,"event_name":"Golden Wing","player_choice":"Card Removal","floor":10.0,"gold_loss":0.0,"damage_taken":7.0},{"damage_healed":0.0,"max_hp_gain":0.0,"max_hp_loss":0.0,"gold_gain":0.0,"event_name":"Shining Light","player_choice":"Entered Light","floor":12.0,"gold_loss":0.0,"damage_taken":15.0,"cards_upgraded":["Defend_R","Defend_R"]}],"is_beta":false,"boss_relics":[],"items_purged_floors":[],"is_endless":false,"potions_floor_spawned":[2,14],"killed_by":"Hexaghost","ascension_level":10}}