{"host":"51f0ad793vly1w6u","time":1608618636,"event":{"mods":["BaseMod","Colored Map","DeckTracker","Minty Spire (QoL Compilation)","StSLib","SuperFastMode"],"gold_per_floor":[115,115,12,12,12,12,30,30,80,107,107,32,46,46,46,122,122,136,156,172,185,185,185,185,185],"floor_reached":24,"playtime":319,"items_purged":["Strike_B"],"score":438,"play_id":"605e64ba-385d-4a6e-8016-268768e882c3","local_time":"20201222153036","is_ascension_mode":true,"campfire_choices":[{"data":"Dualcast","floor":6,"key":"SMITH"},{"data":"Coolheaded","floor":8,"key":"SMITH"},{"data":"Melter","floor":11,"key":"SMITH"},{"data":"Darkness","floor":15,"key":"SMITH"},{"data":"Loop","floor":23,"key":"SMITH"}],"circlet_count":0,"master_deck":["AscendersBane","Strike_B","Strike_B","Defend_B","Defend_B","Defend_B","Zap+1","Dualcast+1","Melter+1","Coolheaded+1","Conserve Battery","Darkness+1","Rainbow","Lockon","Loop+1"],"relics":["Cracked Core","NeowsBlessing","Mercury Hourglass","Art of War","Letter Opener","SacredBark"],"acts_visited":["Exordium","TheCity"],"potions_floor_usage":[16,21,24],"damage_taken":[{"damage":0.0,"enemies":"Small Slimes","floor":1.0,"turns":1.0},{"damage":0,"enemies":"Jaw Worm","floor":7,"turns":1},{"damage":0,"enemies":"3 Sentries","floor":10,"turns":1},{"damage":0,"enemies":"2 Louse","floor":13,"turns":1},{"damage":18,"enemies":"Slime Boss","floor":16,"turns":8},{"damage":5,"enemies":"3 Byrds","floor":18,"turns":4},{"damage":19,"enemies":"Chosen","floor":19,"turns":5},{"damage":22,"enemies":"3 Cultists","floor":20,"turns":5},{"damage":21,"enemies":"Cultist and Chosen","floor":21,"turns":5},{"damage":34,"enemies":"Slavers","floor":24,"turns":1}],"seed_played":"1397145481015004078","potions_obtained":[{"floor":1.0,"key":"GamblersBrew"},{"floor":16,"key":"Regen Potion"},{"floor":19,"key":"FearPotion"}],"is_trial":false,"path_per_floor":["M","?","$","?","?","R","M","R","T","E","R","?","M","$","R","B",null,"M","M","M","M","?","R","E"],"character_chosen":"DEFECT","items_purchased":["Coolheaded"],"campfire_rested":0,"item_purchase_floors":[3],"current_hp_per_floor":[64,38,38,43,43,43,43,43,43,43,43,43,43,43,43,25,63,58,39,17,30,30,30,0,0],"gold":185,"neow_bonus":"THREE_ENEMY_KILL","is_daily":false,"chose_seed":false,"campfire_upgraded":5,"win_rate":0.0,"timestamp":1608618636,"path_taken":["M","?","$","?","?","R","M","R","T","E","R","?","M","?","R","BOSS","M","M","?","M","?","R","E"],"items_purchased_type":["Card"],"build_version":"2020-12-13","purchased_purges":1,"victory":false,"max_hp_per_floor":[71,71,71,76,76,76,76,76,76,76,76,76,76,76,76,76,76,76,76,76,76,76,76,76,76],"card_choices":[{"not_picked":["Go for the Eyes","Compile Driver"],"picked":"Melter","floor":1.0},{"not_picked":["Steam","Coolheaded","Stack"],"picked":"SKIP","floor":7},{"not_picked":["Hello World","Hologram"],"picked":"Conserve Battery","floor":10},{"not_picked":["Streamline","Hologram"],"picked":"Darkness","floor":13},{"not_picked":["Meteor Strike","Amplify"],"picked":"Rainbow","floor":16},{"not_picked":["Self Repair","Chill"],"picked":"Lockon","floor":18},{"not_picked":["Go for the Eyes","Gash","Conserve Battery"],"picked":"SKIP","floor":19},{"not_picked":["Steam","Consume","Rebound"],"picked":"SKIP","floor":20},{"not_picked":["Steam","Consume","Rebound"],"picked":"SKIP","floor":20},{"not_picked":["Steam","Cold Snap"],"picked":"Loop","floor":21}],"player_experience":1374533,"relics_obtained":[{"floor":9,"key":"Art of War"},{"floor":10,"key":"Letter Opener"}],"event_choices":[{"damage_healed":0,"gold_gain":0,"player_choice":"Success","damage_taken":26,"relics_obtained":["Mercury Hourglass"],"max_hp_gain":0,"max_hp_loss":0,"event_name":"Scrap Ooze","floor":2,"gold_loss":0},{"damage_healed":0,"gold_gain":0,"player_choice":"Donut","damage_taken":0,"max_hp_gain":5,"max_hp_loss":0,"event_name":"Big Fish","floor":4,"gold_loss":0},{"damage_healed":0,"gold_gain":0,"player_choice":"Grow","damage_taken":0,"max_hp_gain":0,"max_hp_loss":0,"event_name":"Living Wall","floor":5,"gold_loss":0,"cards_upgraded":["Zap"]},{"cards_removed":["Defend_B"],"damage_healed":0,"gold_gain":0,"player_choice":"Card Removal","damage_taken":0,"max_hp_gain":0,"max_hp_loss":0,"event_name":"The Cleric","floor":12,"gold_loss":75},{"cards_removed":["Strike_B"],"damage_healed":0,"gold_gain":0,"player_choice":"Purged","damage_taken":0,"max_hp_gain":0,"max_hp_loss":0,"event_name":"Purifier","floor":22,"gold_loss":0}],"is_beta":false,"boss_relics":[{"not_picked":["Tiny House","SlaversCollar"],"picked":"SacredBark"}],"items_purged_floors":[3],"is_endless":false,"potions_floor_spawned":[1,16,19],"killed_by":"Slavers","ascension_level":20}}