{"host":"1c52r9kaxdyo25eq","time":1608622958,"event":{"mods":["AchievementEnabler","BaseMod","Minty Spire (QoL Compilation)","Rare Cards Sparkle","SuperFastMode","everything is the same but u backflip on backflip"],"gold_per_floor":[111,111,125,50,50,50,69,69,123,136,171,198,32,44,44,115,115,128,28,44,54,54,54,54],"floor_reached":23,"playtime":511,"items_purged":["Strike_G","Strike_G"],"score":382,"play_id":"3affc94f-eaed-4076-9c7c-6e881d8c9b64","local_time":"20201222164238","is_ascension_mode":true,"campfire_choices":[{"data":"Flechettes","floor":6.0,"key":"SMITH"},{"data":"Choke","floor":8.0,"key":"SMITH"},{"data":"A Thousand Cuts","floor":15.0,"key":"SMITH"}],"circlet_count":0,"master_deck":["AscendersBane","Strike_G","Defend_G","Defend_G","Defend_G","Survivor","Neutralize","Choke+1","Reflex","Flechettes+1","Acrobatics","Bouncing Flask","A Thousand Cuts+1","Backflip","Backstab","Prepared","Blade Dance","Terror","Grand Finale","Prepared","Phantasmal Killer","Outmaneuver"],"relics":["Ring of the Snake","Pantograph","Tiny Chest","Anchor","Odd Mushroom","Orrery","Fusion Hammer"],"acts_visited":["Exordium","TheCity"],"potions_floor_usage":[16,21,23,23],"damage_taken":[{"damage":4.0,"enemies":"Small Slimes","floor":1.0,"turns":4.0},{"damage":0.0,"enemies":"2 Louse","floor":3.0,"turns":3.0},{"damage":1.0,"enemies":"Cultist","floor":7.0,"turns":3.0},{"damage":9.0,"enemies":"2 Fungi Beasts","floor":10.0,"turns":3.0},{"damage":6.0,"enemies":"Gremlin Nob","floor":11.0,"turns":3.0},{"damage":0.0,"enemies":"The Mushroom Lair","floor":12.0,"turns":4.0},{"damage":0.0,"enemies":"Large Slime","floor":14.0,"turns":3.0},{"damage":26,"enemies":"Slime Boss","floor":16,"turns":6},{"damage":16,"enemies":"Shell Parasite","floor":18,"turns":3},{"damage":15,"enemies":"2 Thieves","floor":20,"turns":3},{"damage":11,"enemies":"Centurion and Healer","floor":21,"turns":6},{"damage":0,"enemies":"Book of Stabbing","floor":23,"turns":3}],"seed_played":"-5264027562671119243","potions_obtained":[{"floor":3.0,"key":"Block Potion"},{"floor":7.0,"key":"Explosive Potion"},{"floor":16,"key":"Fruit Juice"},{"floor":20,"key":"SpeedPotion"},{"floor":21,"key":"GhostInAJar"}],"is_trial":false,"path_per_floor":["M","?","M","$","?","R","M","R","T","M","E","?","$","M","R","B",null,"M","$","M","M","?","E"],"character_chosen":"THE_SILENT","items_purchased":["Orrery"],"campfire_rested":0,"item_purchase_floors":[13],"current_hp_per_floor":[55,55,55,55,37,37,36,36,36,27,21,21,21,21,21,20,55,39,39,24,13,13,18,18],"gold":54,"neow_bonus":"TRANSFORM_CARD","is_daily":false,"chose_seed":false,"campfire_upgraded":3,"win_rate":0.0,"timestamp":1608622958,"path_taken":["M","?","M","$","?","R","M","R","T","M","E","?","?","M","R","BOSS","M","$","M","M","?","E"],"items_purchased_type":["Relic"],"build_version":"2020-12-13","purchased_purges":2,"victory":false,"max_hp_per_floor":[66,66,66,66,66,66,66,66,66,66,66,66,66,66,66,66,66,66,66,66,66,66,71,71],"card_choices":[{"not_picked":["PiercingWail","Bouncing Flask"],"picked":"Reflex","floor":1.0},{"not_picked":["Dagger Throw","Quick Slash"],"picked":"Acrobatics","floor":3.0},{"not_picked":["Underhanded Strike","Flechettes"],"picked":"Bouncing Flask","floor":7.0},{"not_picked":["Backstab","PiercingWail"],"picked":"A Thousand Cuts","floor":10.0},{"not_picked":["Backflip","Leg Sweep","Tools of the Trade"],"picked":"SKIP","floor":11.0},{"not_picked":["Corpse Explosion","Dagger Throw"],"picked":"Backflip","floor":13.0},{"not_picked":["Well Laid Plans","Dodge and Roll"],"picked":"Backstab","floor":13.0},{"not_picked":["Poisoned Stab","Quick Slash"],"picked":"Prepared","floor":13.0},{"not_picked":["Poisoned Stab","Slice"],"picked":"Blade Dance","floor":13.0},{"not_picked":["Terror","Concentrate","Poisoned Stab"],"picked":"SKIP","floor":14.0},{"not_picked":["Concentrate","Poisoned Stab"],"picked":"Terror","floor":14.0},{"not_picked":["Malaise","Bullet Time"],"picked":"Grand Finale","floor":16},{"not_picked":["Deadly Poison","Blur"],"picked":"Prepared","floor":18},{"not_picked":["Caltrops","Riddle With Holes+1","Finisher"],"picked":"SKIP","floor":20},{"not_picked":["Flechettes","Dagger Spray","Backstab"],"picked":"SKIP","floor":21}],"player_experience":505131,"relics_obtained":[{"floor":9.0,"key":"Tiny Chest"},{"floor":11.0,"key":"Anchor"},{"floor":12.0,"key":"Odd Mushroom"}],"event_choices":[{"damage_healed":0.0,"max_hp_gain":0.0,"max_hp_loss":0.0,"gold_gain":0.0,"cards_transformed":["Defend_G"],"event_name":"Living Wall","player_choice":"Change","floor":2.0,"gold_loss":0.0,"damage_taken":0.0,"cards_obtained":["Flechettes"]},{"damage_healed":0.0,"max_hp_gain":0.0,"max_hp_loss":0.0,"gold_gain":0.0,"event_name":"Scrap Ooze","player_choice":"Success","floor":5.0,"gold_loss":0.0,"damage_taken":18.0,"relics_obtained":["Pantograph"]},{"damage_healed":0.0,"max_hp_gain":0.0,"max_hp_loss":0.0,"gold_gain":0.0,"event_name":"Mushrooms","player_choice":"Fought Mushrooms","floor":12.0,"gold_loss":0.0,"damage_taken":0.0},{"damage_healed":0,"gold_gain":0,"cards_transformed":["Strike_G","Defend_G"],"player_choice":"Became Test Subject","damage_taken":0,"max_hp_gain":0,"max_hp_loss":0,"event_name":"Drug Dealer","floor":22,"gold_loss":0,"cards_obtained":["Phantasmal Killer","Outmaneuver"]}],"is_beta":false,"boss_relics":[{"not_picked":["Ectoplasm","Runic Dome"],"picked":"Fusion Hammer"}],"items_purged_floors":[4,19],"is_endless":false,"potions_floor_spawned":[3,7,10,11,16,20,21],"killed_by":"Book of Stabbing","ascension_level":20}}