{"host":"63yhhrjweyj22b0v","time":1608667790,"event":{"mods":["BaseMod","Minty Spire (QoL Compilation)","Quick Restart"],"gold_per_floor":[110,110,28,48,48,48,48,59,59,72,89,89,89,89,89,186,186,203,4,14,34,34,34,54,80,104,104,104,180,56,71,71,169,219,234,111,111,111],"floor_reached":37,"playtime":1082,"items_purged":[],"score":402,"play_id":"f4cf1cee-766c-4436-9038-22d57ef8e90f","local_time":"20201222140950","is_ascension_mode":false,"campfire_choices":[{"data":"Eruption","floor":6,"key":"SMITH"},{"data":"PathToVictory","floor":12,"key":"SMITH"},{"data":"LikeWater","floor":15,"key":"SMITH"},{"floor":23,"key":"REST"},{"floor":28,"key":"REST"},{"data":"Alpha","floor":32,"key":"SMITH"}],"circlet_count":0,"master_deck":["Strike_P","Strike_P","Strike_P","Strike_P","Defend_P+1","Defend_P","Defend_P","Defend_P","Eruption+1","Vigilance","FearNoEvil+1","ReachHeaven","Prostrate+1","PathToVictory+1","ClearTheMind","LikeWater+1","Alpha+1","Swivel","EmptyFist","PathToVictory+1","Consecrate","Prostrate+1","JustLucky+1","Alpha","Crescendo","Prostrate+1"],"relics":["HolyWater","NeowsBlessing","Calipers","Shovel","Vajra","PreservedInsect","Nunchaku","Toy Ornithopter","Mango","The Courier","Dream Catcher","Tiny House","Regal Pillow"],"acts_visited":["Exordium","TheCity","TheBeyond"],"potions_floor_usage":[10,11,20,24,33,33,37,37],"damage_taken":[{"damage":0,"enemies":"Jaw Worm","floor":1,"turns":1},{"damage":0,"enemies":"Small Slimes","floor":4,"turns":1},{"damage":0,"enemies":"2 Louse","floor":8,"turns":1},{"damage":0,"enemies":"Blue Slaver","floor":10,"turns":1},{"damage":0,"enemies":"2 Fungi Beasts","floor":11,"turns":3},{"damage":19,"enemies":"Hexaghost","floor":16,"turns":8},{"damage":8,"enemies":"Chosen","floor":18,"turns":4},{"damage":5,"enemies":"3 Byrds","floor":20,"turns":3},{"damage":20,"enemies":"Shelled Parasite and Fungi","floor":21,"turns":5},{"damage":14,"enemies":"Snecko","floor":24,"turns":4},{"damage":16,"enemies":"Book of Stabbing","floor":25,"turns":5},{"damage":10,"enemies":"Snake Plant","floor":31,"turns":4},{"damage":51,"enemies":"Champ","floor":33,"turns":8},{"damage":78,"enemies":"3 Shapes","floor":35,"turns":4},{"damage":32,"enemies":"3 Darklings","floor":37,"turns":2}],"seed_played":"-2069895024522515044","potions_obtained":[{"floor":4,"key":"BlessingOfTheForge"},{"floor":10,"key":"Weak Potion"},{"floor":18,"key":"LiquidBronze"},{"floor":20,"key":"LiquidMemories"},{"floor":25,"key":"DistilledChaos"},{"floor":31,"key":"FearPotion"},{"floor":34,"key":"StancePotion"},{"floor":35,"key":"Block Potion"}],"is_trial":false,"path_per_floor":["M","?","$","M","?","R","?","M","T","M","M","R","?","?","R","B",null,"M","$","M","M","?","R","M","E","T","?","R","T","$","M","R","B",null,"M","$","M"],"character_chosen":"WATCHER","items_purchased":["ReachHeaven","EmptyFist","PreservedInsect","Dream Catcher","Regal Pillow"],"campfire_rested":2,"item_purchase_floors":[3,19,19,30,36],"current_hp_per_floor":[72,58,58,58,55,55,60,60,60,60,60,60,60,60,60,41,77,69,69,64,44,44,67,53,37,37,51,78,78,78,68,68,27,96,18,18,0,0],"gold":111,"neow_bonus":"THREE_ENEMY_KILL","is_daily":false,"chose_seed":false,"campfire_upgraded":4,"win_rate":0.0,"timestamp":1608667790,"path_taken":["M","?","$","M","?","R","?","M","T","M","?","R","?","?","R","BOSS","M","$","M","M","?","R","M","E","T","?","R","?","?","M","R","BOSS","M","$","?"],"items_purchased_type":["Card","Card","Relic","Relic","Relic"],"build_version":"2020-12-13","purchased_purges":0,"victory":false,"max_hp_per_floor":[72,72,72,72,72,72,77,77,77,77,77,77,77,77,77,77,77,77,77,77,77,77,77,77,77,77,91,91,91,91,91,91,91,96,96,96,96,96],"card_choices":[{"not_picked":["Halt","FlyingSleeves"],"picked":"FearNoEvil","floor":1},{"not_picked":["ThirdEye","Swivel"],"picked":"Prostrate","floor":4},{"not_picked":["FollowUp","FlurryOfBlows"],"picked":"PathToVictory","floor":8},{"not_picked":["FlyingSleeves","EmptyBody"],"picked":"ClearTheMind","floor":10},{"not_picked":["FollowUp","JustLucky"],"picked":"LikeWater","floor":11},{"not_picked":["Omniscience","MasterReality"],"picked":"Alpha","floor":16},{"not_picked":["ClearTheMind","Fasting2"],"picked":"Swivel","floor":18},{"not_picked":["EmptyBody+1","WreathOfFlame"],"picked":"PathToVictory+1","floor":20},{"not_picked":["EmptyFist","FearNoEvil"],"picked":"Consecrate","floor":21},{"not_picked":["ReachHeaven","Nirvana"],"picked":"Prostrate+1","floor":24},{"not_picked":["Evaluate","LessonLearned","ThirdEye+1"],"picked":"SKIP","floor":25},{"not_picked":["Nirvana+1","Evaluate"],"picked":"JustLucky","floor":31},{"not_picked":["Ragnarok","Scrawl"],"picked":"Alpha","floor":33},{"not_picked":["Adaptation","Perseverance"],"picked":"Crescendo","floor":34},{"not_picked":["FollowUp","Nirvana"],"picked":"Prostrate+1","floor":35}],"player_experience":631478,"relics_obtained":[{"floor":9,"key":"Shovel"},{"floor":25,"key":"Nunchaku"},{"floor":26,"key":"Toy Ornithopter"},{"floor":29,"key":"The Courier"}],"event_choices":[{"damage_healed":0,"gold_gain":0,"player_choice":"Entered Light","damage_taken":14,"max_hp_gain":0,"max_hp_loss":0,"event_name":"Shining Light","floor":2,"gold_loss":0,"cards_upgraded":["FearNoEvil","Defend_P"]},{"damage_healed":0,"gold_gain":0,"player_choice":"Success","damage_taken":3,"relics_obtained":["Calipers"],"max_hp_gain":0,"max_hp_loss":0,"event_name":"Scrap Ooze","floor":5,"gold_loss":0},{"damage_healed":0,"gold_gain":0,"player_choice":"Donut","damage_taken":0,"max_hp_gain":5,"max_hp_loss":0,"event_name":"Big Fish","floor":7,"gold_loss":0},{"damage_healed":0,"gold_gain":0,"player_choice":"Grow","damage_taken":0,"max_hp_gain":0,"max_hp_loss":0,"event_name":"Living Wall","floor":13,"gold_loss":0,"cards_upgraded":["Prostrate"]},{"damage_healed":0,"gold_gain":0,"player_choice":"Searched \u00271\u0027 times","damage_taken":0,"relics_obtained":["Vajra"],"max_hp_gain":0,"max_hp_loss":0,"event_name":"Dead Adventurer","floor":14,"gold_loss":0},{"damage_healed":0,"gold_gain":0,"player_choice":"Opened","damage_taken":0,"relics_obtained":["Mango"],"max_hp_gain":0,"max_hp_loss":0,"event_name":"The Mausoleum","floor":27,"gold_loss":0}],"is_beta":false,"boss_relics":[{"not_picked":["Astrolabe","VioletLotus"],"picked":"HolyWater"},{"not_picked":["Empty Cage","Sozu"],"picked":"Tiny House"}],"items_purged_floors":[],"is_endless":false,"potions_floor_spawned":[4,10,18,20,25,31,35],"killed_by":"3 Darklings","ascension_level":0}}