{"host":"4ia4wmtvbzfrqeuq","time":1608668003,"event":{"mods":["A Magickal Journey","Aspiration","BaseMod","Beaked The Cultist","Better Skull","Better Third Choice","BetterRewards","Card Forge","Conspire","Dio Mod","Downfall","Duelist Mod","Halation","Hermit","Hubris","Infinite Spire","Jorbs\u0027s Wanderer Trilogy","Koishi","KomeijiMod","Lobotomy","LobotomyExtend","Luminous","Mimic Mod","Minty Spire (QoL Compilation)","Prisma Mod","Replay The Spire","Robot Space Explorer","Shop Mod","Spicy Shops","StSLib","The Animator","The Cursed","The Disciple","The Elementalist","The Hierophant","The Necromancer","The Runesmith","The Wild Card","Wandering Minibosses","vexMod"],"gold_per_floor":[118,128,128,128,3356,3388,3388,3398,3493,3528,3545,3545,3573,3603,3603,3701,3701,3718,3718,2699,1598,1613,1613,1613,1613,1648,1748,1779,1895,1906,1937,1937,2040,2140,2159,2159,1457,1432,855,855],"floor_reached":39,"playtime":3302,"items_purged":["Luminous:Defend_Luminous","Luminous:Light_Flash_Shower","Luminous:Light_Flash_Shower","Luminous:Light_Flash_Shower","Luminous:Dark_Abyssal_Drop","Luminous:Dark_Abyssal_Drop","Luminous:Dark_Abyssal_Drop","Luminous:Defend_Luminous","Luminous:Defend_Luminous","Luminous:Defend_Luminous","Luminous:Dark_Extract+1"],"score":867,"play_id":"7ad6e3d5-cc96-46fd-b805-bf61a53b800f","local_time":"20201222121323","is_ascension_mode":true,"campfire_choices":[{"floor":15.0,"key":"RECALL"},{"data":"Luminous:Phantom_Treasure_Luminous","floor":23.0,"key":"SMITH"},{"data":"Luminous:Phantom_Treasure_Luminous","floor":23.0,"key":"SMITH"}],"circlet_count":0,"master_deck":["Luminous:Switch_Luminous","Luminous:Dark_Pressure_Void","Luminous:Dark_Pressure_Void+1","Luminous:Dark_Moonlight_Spear","Luminous:Phantom_Treasure_Luminous+1","Luminous:Dark_Pressure_Void","Luminous:Lunar_Tide_Luminous","Luminous:Dark_Pressure_Void","Luminous:Dark_Apocalypse+1","Luminous:Balance_Baptism","Luminous:Phantom_Treasure_Luminous+1","Luminous:Arcane_Rage_Luminous","Luminous:Balance_Ender","hubris:Fate","Luminous:Balance_Aether_Conduit","Luminous:Arcane_Rage_Luminous","Luminous:Ethereal_Form_Luminous+1","Luminous:Dark_Pressure_Void","Luminous:Darkness_Mastery_Luminous","Luminous:Freud_Wisdom1_Luminous+1","Luminous:Dark_Pressure_Void+1","Luminous:Dark_Pressure_Void+1","Luminous:Dark_Moonlight_Spear+1","Luminous:Dark_Moonlight_Spear+1","Luminous:Dark_Moonlight_Spear+1","Luminous:Dark_Moonlight_Spear+1","Luminous:Dark_Moonlight_Spear+1","Luminous:Dark_Moonlight_Spear+1","Luminous:Dark_Moonlight_Spear+1","Luminous:Dark_Moonlight_Spear+1","Luminous:Dark_Moonlight_Spear+1","Luminous:Dark_Moonlight_Spear+1","Luminous:Dark_Moonlight_Spear+1","Luminous:Dark_Moonlight_Spear+1","Luminous:Dark_Moonlight_Spear+1","Luminous:Dark_Moonlight_Spear+1","Luminous:Dark_Moonlight_Spear+1","Luminous:Dark_Moonlight_Spear+1","Luminous:Dark_Moonlight_Spear+1","Luminous:Dark_Moonlight_Spear+1","Luminous:Dark_Moonlight_Spear+1","Luminous:Dark_Moonlight_Spear+1"],"relics":["Luminous:MirrorRelic","Hammer of Thor","Seething Fire","Anvil of the Gods","Tiny Chest","halation:NonexistentMirror","Juzu Bracelet","Replay:Arrowhead","Happy Flower","hubris:TenFootPole","HandDrill","Replay:Multitool","Chemical X","aspiration:TomeofQuesting","Whetstone","ClockworkSouvenir","hubris:Potato","LetterFromLob","infinitespire:EmpoweringShard","vexMod:Cooldron","conspire:TreasureMap","Art of War","vexMod:Dragonfruit","Mirror","Strawberry","Replay:Ringing Soul","hubris:HollowSoul","Orichalcum","vexMod:RetaliationKit","Ancient Tea Set","infinitespire:Joker Card","DollysMirror","Golden Egg","MagicBullet_r","conspire:Boomerang","halation:PromiseList","vexMod:PlasmaPancake","Replay:Wanted Poster","Lee\u0027s Waffle","Sundial","PreservedInsect"],"acts_visited":["Exordium","TheCity","TheBeyond"],"potions_floor_usage":[],"damage_taken":[{"damage":3.0,"enemies":"Jaw Worm","floor":1.0,"turns":2.0},{"damage":0.0,"enemies":"Cultist","floor":2.0,"turns":2.0},{"damage":10.0,"enemies":"Lagavulin","floor":6.0,"turns":4.0},{"damage":0.0,"enemies":"2 Louse","floor":8.0,"turns":2.0},{"damage":0.0,"enemies":"Lots of Slimes","floor":9.0,"turns":6.0},{"damage":14.0,"enemies":"Gremlin Nob","floor":10.0,"turns":3.0},{"damage":17.0,"enemies":"Lots of Slimes","floor":11.0,"turns":5.0},{"damage":0.0,"enemies":"Lagavulin","floor":13.0,"turns":3.0},{"damage":0.0,"enemies":"Large Slime","floor":14.0,"turns":1.0},{"damage":25.0,"enemies":"Fading Forest","floor":16.0,"turns":11.0},{"damage":0.0,"enemies":"2 Thieves","floor":18.0,"turns":2.0},{"damage":6.0,"enemies":"Shell Parasite","floor":22.0,"turns":2.0},{"damage":0.0,"enemies":"Centurion and Healer","floor":26.0,"turns":2.0},{"damage":9.0,"enemies":"Book of Stabbing","floor":28.0,"turns":2.0},{"damage":2.0,"enemies":"Centurion and Healer","floor":29.0,"turns":5.0},{"damage":0.0,"enemies":"Cultist and Chosen","floor":30.0,"turns":1.0},{"damage":0.0,"enemies":"Shelled Parasite and Fungi","floor":31.0,"turns":1.0},{"damage":13.0,"enemies":"conspire:MysteriousRune","floor":33.0,"turns":3.0},{"damage":26,"enemies":"3 Shapes","floor":35,"turns":2}],"seed_played":"-6461248126456430630","potions_obtained":[{"floor":2.0,"key":"BlessingOfTheForge"},{"floor":6.0,"key":"EntropicBrew"},{"floor":11.0,"key":"EntropicBrew"},{"floor":13.0,"key":"EntropicBrew"},{"floor":18.0,"key":"EntropicBrew"},{"floor":22.0,"key":"EntropicBrew"},{"floor":29.0,"key":"EntropicBrew"},{"floor":33.0,"key":"EntropicBrew"}],"is_trial":false,"path_per_floor":["M","M","?","T","$","E","R","M","MIM","E","M","?","E","MIM","R","B",null,"M","AVR","$","$","M","R","M","?","MIM","?","E","M","M","MIM","R","B",null,"M","?","$","?","$"],"character_chosen":"LuminousClass","items_purchased":["Tiny Chest","halation:NonexistentMirror","Fruit Juice","Juzu Bracelet","Replay:Arrowhead","Happy Flower","hubris:TenFootPole","Luminous:Dark_Pressure_Void","HandDrill","Luminous:Dark_Extract","Replay:Multitool","Chemical X","Luminous:Dark_Moonlight_Spear","aspiration:TomeofQuesting","Whetstone","ClockworkSouvenir","hubris:Potato","infinitespire:EmpoweringShard","vexMod:Cooldron","conspire:TreasureMap","Luminous:Balance_Aether_Conduit","Orichalcum","vexMod:RetaliationKit","Ancient Tea Set","infinitespire:Joker Card","DollysMirror","Golden Egg","Luminous:Ethereal_Form_Luminous","Lee\u0027s Waffle","Sundial","PreservedInsect","Luminous:Dark_Moonlight_Spear"],"campfire_rested":0,"item_purchase_floors":[0,0,0,0,0,0,0,0,0,0,0,0,0,0,0,0,0,5,5,5,20,20,20,20,21,21,21,21,37,37,39,39],"current_hp_per_floor":[25,30,30,30,30,20,44,44,49,35,18,85,92,95,95,73,98,101,104,107,110,104,104,104,107,107,107,98,99,99,108,111,101,131,108,108,141,141,144,144],"gold":855,"neow_bonus":"","is_daily":false,"chose_seed":false,"campfire_upgraded":2,"win_rate":0.0,"timestamp":1608668003,"path_taken":["M","M","?","?","$","E","R","M","MIM","E","M","?","E","?","R","BOSS","M","AVR","?","$","M","R","M","?","MIM","?","E","M","M","?","R","BOSS","M","?","$","?","$"],"items_purchased_type":["Relic","Relic","Potion","Relic","Relic","Relic","Relic","Card","Relic","Card","Relic","Relic","Card","Relic","Relic","Relic","Relic","Relic","Relic","Relic","Card","Relic","Relic","Relic","Relic","Relic","Relic","Card","Relic","Relic","Relic","Card"],"build_version":"2020-12-13","purchased_purges":11,"victory":false,"max_hp_per_floor":[75,80,80,80,80,80,80,80,85,85,85,85,92,95,95,98,98,101,104,107,110,110,110,110,113,113,113,113,116,116,125,128,131,131,134,134,141,141,144,144],"card_choices":[{"not_picked":["Luminous:Accumulation_Luminous","Luminous:Blinding_Pillar_Luminous"],"picked":"Luminous:Phantom_Treasure_Luminous","floor":1.0},{"not_picked":["Luminous:Light_Disperse","Luminous:Accumulation_Luminous","Luminous:Dark_Dim_Erosion"],"picked":"SKIP","floor":2.0},{"not_picked":["Luminous:Blinding_Pillar_Luminous","Luminous:Light_Wash_Luminous"],"picked":"Luminous:Dark_Pressure_Void","floor":6.0},{"not_picked":["Luminous:Dark_Dim_Erosion","Luminous:Date_of_Light_Luminous"],"picked":"Luminous:Lunar_Tide_Luminous","floor":8.0},{"not_picked":["Luminous:Light_Disperse","Luminous:Tune_Luminous"],"picked":"Luminous:Dark_Pressure_Void","floor":9.0},{"not_picked":["Luminous:Sympathy_Luminous","Luminous:Light_Gather","Luminous:Light_Disperse"],"picked":"SKIP","floor":10.0},{"not_picked":["Luminous:Sympathy_Luminous","Luminous:Light_Glare"],"picked":"Luminous:Dark_Apocalypse","floor":11.0},{"not_picked":["Luminous:Accumulation_Luminous","Luminous:Dark_Raid"],"picked":"Luminous:Balance_Baptism","floor":13.0},{"not_picked":["Luminous:Dark_Raid","Luminous:Light_Wash_Luminous"],"picked":"Luminous:Phantom_Treasure_Luminous","floor":14.0},{"not_picked":["Luminous:Balance_Baptism","Luminous:Mirror_Force_Luminous"],"picked":"Luminous:Arcane_Rage_Luminous","floor":16.0},{"not_picked":["Luminous:Light_Sylvan_Lance","Luminous:Concentrate_Luminous","Luminous:Balance_Ender"],"picked":"SKIP","floor":18.0},{"not_picked":["Luminous:Light_Sylvan_Lance","Luminous:Concentrate_Luminous"],"picked":"Luminous:Balance_Ender","floor":18.0},{"not_picked":["Luminous:Light_Wash_Luminous","Luminous:Light_Sylvan_Lance+1","Luminous:Light_Glare"],"picked":"SKIP","floor":22.0},{"not_picked":["Luminous:Light_Sylvan_Lance+1","Luminous:Light_Track","Luminous:Blinding_Pillar_Luminous"],"picked":"SKIP","floor":28.0},{"not_picked":["Luminous:Light_Sylvan_Lance+1","Luminous:Light_Track","Luminous:Blinding_Pillar_Luminous"],"picked":"SKIP","floor":28.0},{"not_picked":["Luminous:Accumulation_Luminous","Luminous:Light_Disperse"],"picked":"Luminous:Dark_Pressure_Void","floor":29.0},{"not_picked":["Luminous:Abyss_Heart_Luminous","Luminous:Light_Disperse","Luminous:Light_Wash_Luminous"],"picked":"SKIP","floor":30.0},{"not_picked":["Luminous:Mana_Well_Luminous","Luminous:Dark_Extract+1"],"picked":"Luminous:Darkness_Mastery_Luminous","floor":31.0},{"not_picked":["Luminous:Balance_Aether_Conduit","Luminous:Lania_Blessing_Luminous"],"picked":"Luminous:Freud_Wisdom1_Luminous","floor":33.0},{"not_picked":["Luminous:Blinding_Pillar_Luminous","Luminous:Dark_Raid+1"],"picked":"Luminous:Dark_Pressure_Void+1","floor":35}],"player_experience":860764,"relics_obtained":[{"floor":1.0,"key":"LetterFromLob"},{"floor":6.0,"key":"Art of War"},{"floor":9.0,"key":"vexMod:Dragonfruit"},{"floor":10.0,"key":"Mirror"},{"floor":13.0,"key":"Strawberry"},{"floor":14.0,"key":"Replay:Ringing Soul"},{"floor":26.0,"key":"conspire:Boomerang"},{"floor":28.0,"key":"halation:PromiseList"},{"floor":31.0,"key":"vexMod:PlasmaPancake"}],"event_choices":[{"cards_removed":["Luminous:Dark_Extract"],"damage_healed":67.0,"max_hp_gain":0.0,"max_hp_loss":0.0,"gold_gain":0.0,"event_name":"Bonfire Elementals","player_choice":"Offered Uncommon","floor":12.0,"gold_loss":0.0,"damage_taken":0.0},{"damage_healed":0.0,"max_hp_gain":0.0,"max_hp_loss":0.0,"gold_gain":0.0,"event_name":"The Library","player_choice":"Read","floor":25.0,"gold_loss":0.0,"damage_taken":0.0,"cards_obtained":["TheCursedMod:FleshFromBone"]},{"damage_healed":0.0,"max_hp_gain":0.0,"max_hp_loss":0.0,"gold_gain":100.0,"event_name":"Golden Shrine","player_choice":"Pray","floor":27.0,"gold_loss":0.0,"damage_taken":0.0},{"damage_healed":0,"gold_gain":0,"player_choice":"Upgraded","damage_taken":0,"max_hp_gain":0,"max_hp_loss":0,"event_name":"Upgrade Shrine","floor":36,"gold_loss":0,"cards_upgraded":["Luminous:Dark_Apocalypse"]}],"is_beta":false,"boss_relics":[{"not_picked":["hubris:RunicObelisk","Runic Dome"],"picked":"hubris:HollowSoul"},{"not_picked":["aspiration:FutureDiary","ChewingGum"],"picked":"Replay:Wanted Poster"}],"items_purged_floors":[0,0,0,0,0,0,5,20,21,37,39],"is_endless":false,"potions_floor_spawned":[2,6,11,13,18,22,29,33],"ascension_level":1}}