{"host":"nmjik3bzoelmmajy","time":1608636194,"event":{"mods":["BaseMod","Better Third Choice","Colored Map","DeckTracker","Minty Spire (QoL Compilation)","Quick Restart","Say the Spire","StSLib","SuperFastMode"],"gold_per_floor":[117,135,154,79,79,109,109,109,109,125,143,143,157,157,157,157,157],"floor_reached":16,"playtime":626,"items_purged":[],"score":191,"play_id":"c6b4ed4b-325b-4c59-9696-c6de4136dff2","local_time":"20201222202314","is_ascension_mode":true,"campfire_choices":[{"data":"Neutralize","floor":7,"key":"SMITH"},{"floor":12,"key":"REST"},{"data":"Bullet Time","floor":15,"key":"SMITH"}],"circlet_count":0,"master_deck":["AscendersBane","Strike_G","Strike_G","Strike_G","Strike_G","Defend_G","Defend_G","Defend_G","Defend_G","Defend_G","Survivor","Neutralize+1","Bullet Time+1","Poisoned Stab","Blade Dance","Backflip","Decay","Well Laid Plans","Leg Sweep","Catalyst"],"relics":["Ring of the Snake","Paper Crane","Ninja Scroll"],"acts_visited":["Exordium"],"potions_floor_usage":[6,8,14],"damage_taken":[{"damage":0.0,"enemies":"2 Louse","floor":1.0,"turns":3.0},{"damage":0.0,"enemies":"Cultist","floor":2.0,"turns":4.0},{"damage":4.0,"enemies":"Small Slimes","floor":3.0,"turns":4.0},{"damage":21,"enemies":"Gremlin Nob","floor":6,"turns":4},{"damage":0,"enemies":"3 Louse","floor":8,"turns":1},{"damage":7,"enemies":"Looter","floor":10,"turns":4},{"damage":8,"enemies":"Large Slime","floor":11,"turns":7},{"damage":0,"enemies":"Blue Slaver","floor":13,"turns":4},{"damage":0,"enemies":"Lots of Slimes","floor":14,"turns":1},{"damage":41,"enemies":"The Guardian","floor":16,"turns":19}],"seed_played":"3414524400476396249","potions_obtained":[{"floor":1.0,"key":"SmokeBomb"},{"floor":2.0,"key":"SteroidPotion"},{"floor":10,"key":"SmokeBomb"}],"is_trial":false,"path_per_floor":["M","M","M","?","?","E","R","M","T","M","M","R","M","M","R","B"],"character_chosen":"THE_SILENT","items_purchased":[],"campfire_rested":1,"item_purchase_floors":[],"current_hp_per_floor":[59,59,55,55,55,34,34,34,34,27,19,38,38,38,38,0,0],"gold":157,"neow_bonus":"ONE_RANDOM_RARE_CARD","is_daily":false,"chose_seed":false,"campfire_upgraded":2,"win_rate":0.0,"timestamp":1608636194,"path_taken":["M","M","M","?","?","E","R","M","T","M","M","R","M","M","R","BOSS"],"items_purchased_type":[],"build_version":"2020-12-13","purchased_purges":0,"victory":false,"max_hp_per_floor":[66,66,66,66,66,66,66,66,66,66,66,66,66,66,66,66,66],"card_choices":[{"not_picked":["Distraction","Bane"],"picked":"Poisoned Stab","floor":1.0},{"not_picked":["Acrobatics","Underhanded Strike"],"picked":"Blade Dance","floor":2.0},{"not_picked":["Crippling Poison","Underhanded Strike"],"picked":"Backflip","floor":3.0},{"not_picked":["Reflex","Prepared"],"picked":"Well Laid Plans","floor":6},{"not_picked":["Flying Knee","Storm of Steel"],"picked":"Leg Sweep","floor":10},{"not_picked":["Blade Dance","Dagger Throw"],"picked":"Catalyst","floor":11},{"not_picked":["Slice","Deflect","Blade Dance"],"picked":"SKIP","floor":13}],"player_experience":821092,"relics_obtained":[{"floor":6,"key":"Paper Crane"},{"floor":9,"key":"Ninja Scroll"}],"event_choices":[{"cards_removed":["Strike_G"],"damage_healed":0.0,"max_hp_gain":0.0,"max_hp_loss":0.0,"gold_gain":0.0,"event_name":"The Cleric","player_choice":"Card Removal","floor":4.0,"gold_loss":75.0,"damage_taken":0.0},{"damage_healed":0,"gold_gain":0,"player_choice":"Cursed","damage_taken":0,"max_hp_gain":0,"max_hp_loss":0,"event_name":"Wheel of Change","floor":5,"gold_loss":0,"cards_obtained":["Decay"]}],"is_beta":false,"boss_relics":[],"items_purged_floors":[],"is_endless":false,"potions_floor_spawned":[1,2,10],"killed_by":"The Guardian","ascension_level":16}}