{"host":"na09lpbrez4gbfiz","time":1608674016,"event":{"mods":["Act Like it!","BaseMod","BetterRewards","Colored Map","Colored Powertips","DeckTracker","Googly Eyes","Highlight Path","Minty Spire (QoL Compilation)","Quick Restart","Spicy Shops","StSLib","SuperFastMode","Synergy Search"],"gold_per_floor":[113,36,55,73,73,73,116,144,156,247,259,271,317,345,357,369,369],"floor_reached":16,"playtime":416,"items_purged":[],"score":224,"play_id":"2060ee78-157a-4782-9240-d68a3c080bf7","local_time":"20201222225336","is_ascension_mode":true,"campfire_choices":[{"data":"Bludgeon","floor":6,"key":"SMITH"},{"floor":11,"key":"REST"},{"data":"Feel No Pain","floor":15,"key":"SMITH"}],"circlet_count":0,"master_deck":["Strike_R","Strike_R","Strike_R","Strike_R","Strike_R","Defend_R","Defend_R","Defend_R","Defend_R","Bash","Sword Boomerang","Hemokinesis","Bludgeon+1","Flex","Flex","Power Through","Flame Barrier","Feel No Pain+1","Second Wind"],"relics":["Burning Blood","NeowsBlessing","Orrery","Golden Idol","MawBank","Pen Nib","Eternal Feather","Dream Catcher"],"acts_visited":["Exordium"],"potions_floor_usage":[13,16,16],"damage_taken":[{"damage":0,"enemies":"Cultist","floor":1,"turns":1},{"damage":0,"enemies":"Small Slimes","floor":3,"turns":1},{"damage":0,"enemies":"2 Louse","floor":4,"turns":1},{"damage":24,"enemies":"3 Sentries","floor":7,"turns":6},{"damage":4,"enemies":"Red Slaver","floor":8,"turns":3},{"damage":29,"enemies":"3 Sentries","floor":10,"turns":7},{"damage":0,"enemies":"Gremlin Nob","floor":13,"turns":1},{"damage":7,"enemies":"Large Slime","floor":14,"turns":5},{"damage":70,"enemies":"Hexaghost","floor":16,"turns":9}],"seed_played":"-8422786146281320484","potions_obtained":[{"floor":4,"key":"LiquidBronze"},{"floor":8,"key":"SmokeBomb"},{"floor":10,"key":"Weak Potion"},{"floor":12,"key":"Block Potion"},{"floor":12,"key":"LiquidMemories"},{"floor":12,"key":"SpeedPotion"}],"is_trial":false,"path_per_floor":["M","$","M","M","?","R","E","M","T","?","R","?","E","M","R","B"],"character_chosen":"IRONCLAD","items_purchased":["Orrery"],"campfire_rested":1,"item_purchase_floors":[2],"current_hp_per_floor":[78,78,80,80,60,60,42,44,44,21,54,54,60,59,68,0,0],"gold":369,"neow_bonus":"THREE_ENEMY_KILL","is_daily":false,"chose_seed":false,"campfire_upgraded":2,"win_rate":0.0,"timestamp":1608674016,"path_taken":["M","?","M","M","?","R","E","M","T","?","R","?","E","M","R","BOSS"],"items_purchased_type":["Relic"],"build_version":"2020-12-13","purchased_purges":0,"victory":false,"max_hp_per_floor":[80,80,80,80,80,80,80,80,80,80,80,80,80,80,80,80,80],"card_choices":[{"not_picked":["Warcry","Heavy Blade"],"picked":"Sword Boomerang","floor":1},{"not_picked":["Sword Boomerang","Warcry"],"picked":"Hemokinesis","floor":2},{"not_picked":["Battle Trance","Perfected Strike"],"picked":"Bludgeon","floor":2},{"not_picked":["Twin Strike","Cleave"],"picked":"Flex","floor":2},{"not_picked":["Perfected Strike","Headbutt"],"picked":"Flex","floor":2},{"not_picked":["Perfected Strike","Havoc"],"picked":"Power Through","floor":2},{"not_picked":["Twin Strike","Pommel Strike","Anger"],"picked":"SKIP","floor":3},{"not_picked":["Anger","Dark Embrace"],"picked":"Flame Barrier","floor":4},{"not_picked":["Flex","Pommel Strike","Flame Barrier"],"picked":"SKIP","floor":7},{"not_picked":["Cleave","Combust"],"picked":"Feel No Pain","floor":8},{"not_picked":["Inflame","Barricade","Searing Blow"],"picked":"SKIP","floor":13},{"not_picked":["Headbutt","Cleave"],"picked":"Second Wind","floor":14}],"player_experience":232414,"relics_obtained":[{"floor":7,"key":"MawBank"},{"floor":9,"key":"Pen Nib"},{"floor":10,"key":"Eternal Feather"},{"floor":13,"key":"Dream Catcher"}],"event_choices":[{"damage_healed":0,"gold_gain":0,"player_choice":"Take Damage","damage_taken":20,"relics_obtained":["Golden Idol"],"max_hp_gain":0,"max_hp_loss":0,"event_name":"Golden Idol","floor":5,"gold_loss":0},{"damage_healed":0,"gold_gain":0,"player_choice":"Searched \u00271\u0027 times","damage_taken":0,"max_hp_gain":0,"max_hp_loss":0,"event_name":"Dead Adventurer","floor":10,"gold_loss":0},{"damage_healed":0,"gold_gain":0,"player_choice":"Got Potions","damage_taken":0,"max_hp_gain":0,"max_hp_loss":0,"event_name":"Lab","floor":12,"gold_loss":0}],"is_beta":false,"boss_relics":[],"items_purged_floors":[],"is_endless":false,"potions_floor_spawned":[4,8,10],"killed_by":"Hexaghost","ascension_level":8}}