{"host":"tq8kpcuy61iyan90","time":1608672515,"event":{"mods":["AchievementEnabler","BaseMod","Block Reminder","Colored Map","Colored Powertips","Highlight Path","Minty Spire (QoL Compilation)","Relic Stats","StSLib"],"gold_per_floor":[119,119,135,135,82,94,94,107,153,153,167,186,261,277,277,374,374,386,386,386],"floor_reached":19,"playtime":2009,"items_purged":[],"score":161,"play_id":"6b5a5560-cd34-45ee-b350-3927ed378d9b","local_time":"20201222162835","is_ascension_mode":false,"campfire_choices":[{"floor":15.0,"key":"REST"}],"circlet_count":0,"master_deck":["Strike_G","Strike_G","Strike_G","Strike_G","Defend_G","Defend_G","Defend_G","Defend_G","Survivor","Neutralize","Acrobatics","Dagger Spray","Underhanded Strike","Deflect","Outmaneuver","Predator","Terror","PiercingWail","Bane","Phantasmal Killer","Prepared+1"],"relics":["Ring of the Snake","Anchor","SlaversCollar"],"acts_visited":["TheCity"],"potions_floor_usage":[],"damage_taken":[{"damage":0.0,"enemies":"Jaw Worm","floor":1.0,"turns":6.0},{"damage":0.0,"enemies":"Small Slimes","floor":3.0,"turns":3.0},{"damage":0.0,"enemies":"Cultist","floor":6.0,"turns":4.0},{"damage":0.0,"enemies":"Blue Slaver","floor":8.0,"turns":4.0},{"damage":8.0,"enemies":"Lots of Slimes","floor":11.0,"turns":3.0},{"damage":1.0,"enemies":"2 Fungi Beasts","floor":12.0,"turns":3.0},{"damage":1.0,"enemies":"Looter","floor":14.0,"turns":3.0},{"damage":65.0,"enemies":"Hexaghost","floor":16.0,"turns":16.0},{"damage":38,"enemies":"Chosen","floor":18,"turns":6},{"damage":50,"enemies":"3 Byrds","floor":19,"turns":4}],"seed_played":"9051764338792669103","potions_obtained":[{"floor":1.0,"key":"Swift Potion"},{"floor":3.0,"key":"GhostInAJar"},{"floor":14.0,"key":"FearPotion"},{"floor":16.0,"key":"GhostInAJar"},{"floor":18,"key":"Fire Potion"}],"is_trial":false,"path_per_floor":["M","?","M","?","$","M","?","M","T","?","M","M","?","M","R","B",null,"M","M"],"character_chosen":"THE_SILENT","items_purchased":["Underhanded Strike"],"campfire_rested":1,"item_purchase_floors":[5],"current_hp_per_floor":[77,77,77,77,77,77,77,77,77,77,69,68,57,56,77,12,77,39,0,0],"gold":386,"neow_bonus":"TEN_PERCENT_HP_BONUS","is_daily":false,"chose_seed":false,"campfire_upgraded":0,"win_rate":0.0,"timestamp":1608672515,"path_taken":["M","?","M","?","?","M","?","?","T","?","M","?","?","M","R","BOSS","M","M"],"items_purchased_type":["Card"],"build_version":"2020-12-13","purchased_purges":0,"victory":false,"max_hp_per_floor":[77,77,77,77,77,77,77,77,77,77,77,77,77,77,77,77,77,77,77,77],"relic_stats":{"counters":[10,52],"obtain_stats":[{"SlaversCollar":17,"Anchor":9,"Ring of the Snake":0},{"SlaversCollar":8,"Anchor":4,"Ring of the Snake":0},{"SlaversCollar":42,"Anchor":17,"Ring of the Snake":0}],"Ring of the Snake":[20]},"card_choices":[{"not_picked":["Endless Agony","Finisher"],"picked":"Acrobatics","floor":1.0},{"not_picked":["Skewer","Well Laid Plans"],"picked":"Dagger Spray","floor":3.0},{"not_picked":["Underhanded Strike","Bouncing Flask"],"picked":"Deflect","floor":6.0},{"not_picked":["Blade Dance","Footwork"],"picked":"Outmaneuver","floor":8.0},{"not_picked":["Dodge and Roll","Backflip"],"picked":"Terror","floor":11.0},{"not_picked":["Bouncing Flask","Caltrops"],"picked":"PiercingWail","floor":12.0},{"not_picked":["Wraith Form v2","Acrobatics"],"picked":"Bane","floor":14.0},{"not_picked":["Tools of the Trade","Malaise"],"picked":"Phantasmal Killer","floor":16.0},{"not_picked":["Backflip","Dodge and Roll+1"],"picked":"Prepared+1","floor":18}],"player_experience":88601,"relics_obtained":[{"floor":9.0,"key":"Anchor"}],"event_choices":[{"damage_healed":0.0,"max_hp_gain":0.0,"max_hp_loss":0.0,"gold_gain":0.0,"event_name":"Golden Idol","player_choice":"Ignored","floor":2.0,"gold_loss":0.0,"damage_taken":0.0},{"damage_healed":0.0,"max_hp_gain":0.0,"max_hp_loss":0.0,"gold_gain":0.0,"event_name":"The Cleric","player_choice":"Leave","floor":4.0,"gold_loss":0.0,"damage_taken":0.0},{"cards_removed":["Strike_G"],"damage_healed":0.0,"max_hp_gain":0.0,"max_hp_loss":0.0,"gold_gain":0.0,"event_name":"Purifier","player_choice":"Purged","floor":7.0,"gold_loss":0.0,"damage_taken":0.0},{"damage_healed":0.0,"max_hp_gain":0.0,"max_hp_loss":0.0,"gold_gain":0.0,"cards_transformed":["Defend_G"],"event_name":"Transmorgrifier","player_choice":"Transformed","floor":10.0,"gold_loss":0.0,"damage_taken":0.0,"cards_obtained":["Predator"]},{"damage_healed":0.0,"max_hp_gain":0.0,"max_hp_loss":0.0,"gold_gain":75.0,"event_name":"World of Goop","player_choice":"Gather Gold","floor":13.0,"gold_loss":0.0,"damage_taken":11.0}],"is_beta":false,"boss_relics":[{"not_picked":["Black Star","Snecko Eye"],"picked":"SlaversCollar"}],"items_purged_floors":[],"is_endless":false,"potions_floor_spawned":[1,3,14,16,18],"killed_by":"3 Byrds","ascension_level":0}}