{"host":"vyt5ne9ydo1z9gg1","time":1608637448,"event":{"mods":["BaseMod","Curses Come First","DeckTracker","GifTheSpireLib","Minty Spire (QoL Compilation)","StSLib"],"gold_per_floor":[109,122,132,147,158,158,176,176,176,202,202,230,246,226,226,326,326,340,340,353,353,387,387,414,414,414,446,46,57,57,71,71,71,71],"floor_reached":33,"playtime":1609,"items_purged":[],"score":403,"play_id":"1abede7c-8fe7-4c9e-b7ff-4e4eb362d51b","local_time":"20201222224408","is_ascension_mode":true,"campfire_choices":[{"data":"Searing Blow","floor":6,"key":"SMITH"},{"data":"Searing Blow+1","floor":8,"key":"SMITH"},{"data":"Searing Blow+2","floor":11,"key":"SMITH"},{"floor":15,"key":"REST"},{"floor":23,"key":"REST"},{"floor":25,"key":"RECALL"},{"floor":32,"key":"REST"}],"circlet_count":0,"master_deck":["Strike_R+1","Strike_R+1","Strike_R+1","Strike_R+1","Strike_R+1","Defend_R+1","Defend_R+1","Defend_R+1","Defend_R+1","Bash","Thunderclap","Searing Blow+3","Perfected Strike","Evolve","Wild Strike","Inflame","Shrug It Off","Shrug It Off","Offering","Cleave","Wild Strike","Ghostly Armor","Double Tap","Wild Strike+1","Iron Wave+1","Dramatic Entrance+1","Warcry+1","Pommel Strike+1"],"relics":["Cursed Key","Torii","Prayer Wheel","Black Star","Red Mask","Centennial Puzzle","Molten Egg 2","Bag of Preparation","Tiny Chest","Meat on the Bone"],"acts_visited":["Exordium","TheCity"],"potions_floor_usage":[10,16,22,24,24,28,31],"damage_taken":[{"damage":7,"enemies":"Jaw Worm","floor":1,"turns":3},{"damage":0,"enemies":"Cultist","floor":2,"turns":3},{"damage":0,"enemies":"Small Slimes","floor":3,"turns":2},{"damage":0,"enemies":"Exordium Wildlife","floor":4,"turns":3},{"damage":6,"enemies":"Looter","floor":5,"turns":2},{"damage":8,"enemies":"Blue Slaver","floor":7,"turns":3},{"damage":0,"enemies":"Gremlin Nob","floor":10,"turns":2},{"damage":25,"enemies":"Lagavulin","floor":12,"turns":4},{"damage":6,"enemies":"Exordium Thugs","floor":13,"turns":3},{"damage":8,"enemies":"Slime Boss","floor":16,"turns":5},{"damage":7,"enemies":"Chosen","floor":18,"turns":2},{"damage":8,"enemies":"Shell Parasite","floor":20,"turns":4},{"damage":7,"enemies":"Masked Bandits","floor":22,"turns":3},{"damage":31,"enemies":"Gremlin Leader","floor":24,"turns":5},{"damage":33,"enemies":"Slavers","floor":27,"turns":6},{"damage":0,"enemies":"Centurion and Healer","floor":29,"turns":6},{"damage":11,"enemies":"Snecko","floor":31,"turns":4},{"damage":78,"enemies":"Champ","floor":33,"turns":10}],"seed_played":"3579235767649387848","potions_obtained":[{"floor":5,"key":"HeartOfIron"},{"floor":7,"key":"LiquidMemories"},{"floor":12,"key":"EssenceOfSteel"},{"floor":14,"key":"BlessingOfTheForge"},{"floor":18,"key":"AttackPotion"},{"floor":20,"key":"Energy Potion"},{"floor":29,"key":"EssenceOfSteel"}],"is_trial":false,"path_per_floor":["M","M","M","M","M","R","M","R","T","E","R","E","M","?","R","B",null,"M","?","M","?","?","R","E","R","T","E","$","M","?","M","R","B"],"character_chosen":"IRONCLAD","items_purchased":["Meat on the Bone","BloodPotion","Dramatic Entrance+1"],"campfire_rested":3,"item_purchase_floors":[28,28,28],"current_hp_per_floor":[73,73,73,73,67,67,59,59,59,59,59,34,28,28,52,44,71,64,64,56,56,49,73,42,42,42,9,25,37,37,38,62,0,0],"gold":71,"neow_bonus":"BOSS_RELIC","is_daily":false,"chose_seed":false,"campfire_upgraded":3,"win_rate":0.0,"timestamp":1608637448,"path_taken":["M","M","M","M","M","R","M","R","T","E","R","E","M","?","R","BOSS","M","?","M","?","?","R","E","R","T","E","$","?","?","M","R","BOSS"],"items_purchased_type":["Relic","Potion","Card"],"build_version":"2020-12-13","purchased_purges":0,"victory":false,"max_hp_per_floor":[80,80,80,80,80,80,80,80,80,80,80,80,80,80,80,80,80,80,80,80,80,80,80,80,80,80,80,80,80,80,80,80,80,80],"card_choices":[{"not_picked":["Heavy Blade","Rupture"],"picked":"Thunderclap","floor":1},{"not_picked":["Fire Breathing","True Grit"],"picked":"Searing Blow","floor":2},{"not_picked":["Anger","Body Slam","Carnage"],"picked":"SKIP","floor":3},{"not_picked":["Berserk","Thunderclap"],"picked":"Perfected Strike","floor":4},{"not_picked":["Heavy Blade","Seeing Red"],"picked":"Evolve","floor":5},{"not_picked":["Anger","Flex"],"picked":"Wild Strike","floor":7},{"not_picked":["Body Slam","Rage"],"picked":"Inflame","floor":10},{"not_picked":["Sword Boomerang","Heavy Blade","Rupture"],"picked":"SKIP","floor":12},{"not_picked":["Iron Wave","Anger"],"picked":"Shrug It Off","floor":13},{"not_picked":["Wild Strike","Havoc"],"picked":"Shrug It Off","floor":13},{"not_picked":["Juggernaut","Impervious"],"picked":"Offering","floor":16},{"not_picked":["Spot Weakness","Searing Blow+1"],"picked":"Cleave","floor":18},{"not_picked":["Inflame","Cleave"],"picked":"Wild Strike","floor":18},{"not_picked":["Bloodletting+1","Rupture"],"picked":"Double Tap","floor":20},{"not_picked":["Blood for Blood+1","Headbutt+1","Bloodletting"],"picked":"SKIP","floor":20},{"not_picked":["Heavy Blade+1","Rampage+1"],"picked":"Wild Strike+1","floor":24},{"not_picked":["Limit Break","Body Slam+1"],"picked":"Iron Wave+1","floor":27},{"not_picked":["Flex","Shrug It Off"],"picked":"Warcry+1","floor":29},{"not_picked":["Armaments","Uppercut+1","Rampage+1"],"picked":"SKIP","floor":29},{"not_picked":["Flex+1","Clothesline+1"],"picked":"Pommel Strike+1","floor":31},{"not_picked":["Headbutt+1","Pummel+1","Pommel Strike+1"],"picked":"SKIP","floor":31}],"player_experience":135132,"relics_obtained":[{"floor":10,"key":"Torii"},{"floor":12,"key":"Prayer Wheel"},{"floor":22,"key":"Red Mask"},{"floor":24,"key":"Centennial Puzzle"},{"floor":24,"key":"Molten Egg 2"},{"floor":27,"key":"Bag of Preparation"},{"floor":27,"key":"Tiny Chest"}],"event_choices":[{"damage_healed":0,"gold_gain":0,"player_choice":"Bought 1 Potion","damage_taken":0,"max_hp_gain":0,"max_hp_loss":0,"event_name":"The Woman in Blue","floor":14,"gold_loss":0},{"damage_healed":0,"gold_gain":0,"player_choice":"Read","damage_taken":0,"max_hp_gain":0,"max_hp_loss":0,"event_name":"The Library","floor":19,"gold_loss":0,"cards_obtained":["Ghostly Armor"]},{"damage_healed":0,"gold_gain":0,"player_choice":"Simplicity","damage_taken":0,"max_hp_gain":0,"max_hp_loss":0,"event_name":"Back to Basics","floor":21,"gold_loss":0,"cards_upgraded":["Strike_R","Strike_R","Strike_R","Strike_R","Strike_R","Defend_R","Defend_R","Defend_R","Defend_R"]},{"damage_healed":0,"gold_gain":0,"player_choice":"Fought Bandits","damage_taken":0,"max_hp_gain":0,"max_hp_loss":0,"event_name":"Masked Bandits","floor":22,"gold_loss":0},{"damage_healed":0,"gold_gain":0,"player_choice":"Ignored","damage_taken":0,"max_hp_gain":0,"max_hp_loss":0,"event_name":"Cursed Tome","floor":30,"gold_loss":0}],"is_beta":false,"boss_relics":[{"not_picked":["Runic Cube","Tiny House"],"picked":"Black Star"}],"items_purged_floors":[],"is_endless":false,"potions_floor_spawned":[5,7,12,18,20,29],"killed_by":"Champ","ascension_level":5}}