{"host":"99ad87xtd5ypi7ii","time":1608643885,"event":{"mods":["BaseMod","Hermit","Highlight Path","Marisa????????","Minty Spire (QoL Compilation)","Robot Space Explorer","StSLib","The Bladedancer","The Construct","The Cursed","The Disciple","The Gatherer","The Hierophant","The Runesmith","The Servant 0.9.4","TheVacant"],"gold_per_floor":[116,191,191,210,175,175,204,204,204,233,243,243,254,254,254,354,354,374,16,50,62,362,362,377,377,377,377,394,394,408,421,421,518,568,583,252,269,242,254,279,279,279,352,386,403,456,476,156,156,156,156],"floor_reached":50,"playtime":3393,"items_purged":["hermit:Defend_Hermit"],"score":535,"play_id":"1229b425-4273-499c-85fc-17a400022a1d","local_time":"20201222143125","is_ascension_mode":false,"campfire_choices":[{"data":"hermit:Maintenance","floor":6,"key":"SMITH"},{"data":"hermit:Showdown","floor":8,"key":"SMITH"},{"data":"1","floor":15,"key":"LIFT"},{"floor":23,"key":"REST"},{"data":"2","floor":25,"key":"LIFT"},{"data":"3","floor":27,"key":"LIFT"},{"data":"hermit:Showdown","floor":29,"key":"SMITH"},{"floor":32,"key":"REST"},{"floor":41,"key":"REST"},{"floor":49,"key":"REST"}],"circlet_count":0,"master_deck":["hermit:Strike_Hermit","hermit:Strike_Hermit","hermit:Strike_Hermit","hermit:Strike_Hermit","hermit:Defend_Hermit","hermit:Defend_Hermit+1","hermit:Defend_Hermit+1","hermit:Snapshot","hermit:Covet","Writhe","Sadistic Nature","hermit:Maintenance+1","hermit:Showdown+1","hermit:CursedWeapon","hermit:Shortfuse","hermit:Quickdraw","hermit:HeroicBravado+1","hermit:Reprieve+1","hermit:FlashPowder+1","Shame","hermit:Showdown+1","hermit:Magnum+1","hermit:Glare+1","Secret Technique+1","hermit:HighCaliber","hermit:WideOpen+1","hermit:Gambit+1","hermit:HighCaliber"],"relics":["hermit:Momento","Toxic Egg 2","Girya","War Paint","Bronze Scales","Gremlin Horn","Busted Crown","Ice Cream","Red Mask","Old Coin","Ornamental Fan","Tiny House","Bag of Preparation","White Beast Statue","Frozen Egg 2","Happy Flower","CatCart","Medical Kit"],"acts_visited":["Exordium","TheCity","TheBeyond"],"potions_floor_usage":[16,20,24,44,47,50],"damage_taken":[{"damage":5,"enemies":"Small Slimes","floor":1,"turns":4},{"damage":0,"enemies":"2 Louse","floor":4,"turns":3},{"damage":9,"enemies":"3 Sentries","floor":7,"turns":8},{"damage":17,"enemies":"Lagavulin","floor":10,"turns":8},{"damage":0,"enemies":"Cultist","floor":11,"turns":2},{"damage":3,"enemies":"Blue Slaver","floor":13,"turns":2},{"damage":15,"enemies":"Hexaghost","floor":16,"turns":8},{"damage":8,"enemies":"Chosen","floor":18,"turns":4},{"damage":15,"enemies":"Masked Bandits","floor":20,"turns":4},{"damage":16,"enemies":"2 Thieves","floor":21,"turns":4},{"damage":11,"enemies":"Centurion and Healer","floor":24,"turns":6},{"damage":5,"enemies":"Snecko","floor":28,"turns":3},{"damage":23,"enemies":"Snake Plant","floor":30,"turns":4},{"damage":3,"enemies":"Chosen and Byrds","floor":31,"turns":6},{"damage":9,"enemies":"Automaton","floor":33,"turns":11},{"damage":23,"enemies":"3 Darklings","floor":35,"turns":5},{"damage":8,"enemies":"Orb Walker","floor":37,"turns":3},{"damage":2,"enemies":"4 Shapes","floor":39,"turns":4},{"damage":15,"enemies":"Reptomancer","floor":40,"turns":6},{"damage":33,"enemies":"Nemesis","floor":44,"turns":7},{"damage":10,"enemies":"Transient","floor":45,"turns":5},{"damage":51,"enemies":"Orin","floor":46,"turns":11},{"damage":13,"enemies":"Writhing Mass","floor":47,"turns":2},{"damage":54,"enemies":"Donu and Deca","floor":50,"turns":4}],"seed_played":"266958626359571049","potions_obtained":[{"floor":1,"key":"CultistPotion"},{"floor":3,"key":"FairyPotion"},{"floor":3,"key":"Swift Potion"},{"floor":16,"key":"FearPotion"},{"floor":20,"key":"LiquidMemories"},{"floor":33,"key":"Energy Potion"},{"floor":37,"key":"LiquidBronze"},{"floor":44,"key":"SpeedPotion"},{"floor":46,"key":"LiquidBronze"},{"floor":47,"key":"Strength Potion"}],"is_trial":false,"path_per_floor":["M","?","?","M","?","R","E","R","T","E","M","?","M","T","R","B",null,"M","$","?","M","?","R","M","R","T","R","M","R","M","M","R","B",null,"M","$","M","$","M","E","R","?","T","E","M","?","M","$","R","B"],"character_chosen":"HERMIT","items_purchased":["Ice Cream","hermit:Reprieve+1","Bag of Preparation","Secret Technique+1","hermit:HighCaliber","PowerPotion","hermit:HighCaliber","Medical Kit"],"campfire_rested":4,"item_purchase_floors":[19,19,36,36,38,48,48,48],"current_hp_per_floor":[70,59,59,59,75,75,66,66,66,49,49,46,43,43,43,28,75,67,67,52,36,36,58,55,55,55,55,58,58,35,36,58,57,80,57,57,49,49,55,48,72,72,72,39,41,23,10,10,34,0,0],"gold":156,"neow_bonus":"RANDOM_COLORLESS_2","is_daily":false,"chose_seed":false,"campfire_upgraded":3,"win_rate":0.0,"timestamp":1608643885,"path_taken":["M","?","?","?","?","R","E","R","T","E","M","?","M","?","R","BOSS","M","$","?","M","?","R","M","R","T","R","M","R","M","M","R","BOSS","M","$","M","$","M","E","R","?","T","E","?","?","M","$","R","BOSS"],"items_purchased_type":["Relic","Card","Relic","Card","Card","Potion","Card","Relic"],"build_version":"2020-12-13","purchased_purges":1,"victory":false,"max_hp_per_floor":[75,75,75,75,75,75,75,75,75,75,75,75,75,75,75,75,75,75,75,75,75,75,75,75,75,75,75,75,75,75,75,75,75,80,80,80,80,80,80,80,80,80,80,80,80,80,80,80,80,80,80],"card_choices":[{"not_picked":["HandOfGreed","Secret Weapon"],"picked":"Sadistic Nature","floor":0},{"not_picked":["hermit:ItchyTrigger","hermit:Desperado"],"picked":"hermit:Maintenance","floor":1},{"not_picked":["hermit:Manifest","hermit:Malice"],"picked":"hermit:Showdown","floor":4},{"not_picked":["hermit:Desperado","hermit:ShadowCloak"],"picked":"hermit:CursedWeapon","floor":7},{"not_picked":["hermit:CursedWeapon","hermit:Maintenance+1"],"picked":"hermit:Shortfuse","floor":10},{"not_picked":["hermit:Manifest+1","hermit:Snipe+1"],"picked":"hermit:Quickdraw","floor":11},{"not_picked":["hermit:LowProfile+1","hermit:SprayPray","hermit:Dive+1"],"picked":"SKIP","floor":13},{"not_picked":["hermit:RoundhouseKick","hermit:Dissolve+1"],"picked":"hermit:HeroicBravado+1","floor":16},{"not_picked":["hermit:Manifest+1"],"picked":"SKIP","floor":18},{"not_picked":[],"picked":"hermit:FlashPowder+1","floor":21},{"not_picked":[],"picked":"hermit:Showdown","floor":24},{"not_picked":["hermit:Showdown"],"picked":"SKIP","floor":28},{"not_picked":["hermit:Roulette"],"picked":"SKIP","floor":30},{"not_picked":["hermit:Feint+1"],"picked":"SKIP","floor":31},{"not_picked":[],"picked":"hermit:Magnum","floor":33},{"not_picked":[],"picked":"hermit:Glare+1","floor":34},{"not_picked":["hermit:Dive+1"],"picked":"SKIP","floor":35},{"not_picked":["hermit:Scavenge+1"],"picked":"SKIP","floor":37},{"not_picked":["hermit:Manifest+1"],"picked":"SKIP","floor":39},{"not_picked":["hermit:CalledShot+1"],"picked":"SKIP","floor":40},{"not_picked":["hermit:GoldenBullet"],"picked":"SKIP","floor":44},{"not_picked":["hermit:CalledShot"],"picked":"SKIP","floor":45},{"not_picked":[],"picked":"hermit:WideOpen+1","floor":46},{"not_picked":[],"picked":"hermit:Gambit+1","floor":47}],"player_experience":819837,"relics_obtained":[{"floor":7,"key":"Toxic Egg 2"},{"floor":9,"key":"Girya"},{"floor":10,"key":"War Paint"},{"floor":14,"key":"Gremlin Horn"},{"floor":20,"key":"Red Mask"},{"floor":26,"key":"Ornamental Fan"},{"floor":40,"key":"White Beast Statue"},{"floor":43,"key":"Frozen Egg 2"},{"floor":44,"key":"Happy Flower"},{"floor":46,"key":"CatCart"}],"event_choices":[{"damage_healed":0,"gold_gain":75,"player_choice":"Gather Gold","damage_taken":11,"max_hp_gain":0,"max_hp_loss":0,"event_name":"World of Goop","floor":2,"gold_loss":0},{"damage_healed":0,"gold_gain":0,"player_choice":"Got Potions","damage_taken":0,"max_hp_gain":0,"max_hp_loss":0,"event_name":"Lab","floor":3,"gold_loss":0},{"damage_healed":18,"gold_gain":0,"player_choice":"Healed","damage_taken":0,"max_hp_gain":0,"max_hp_loss":0,"event_name":"The Cleric","floor":5,"gold_loss":35},{"damage_healed":0,"gold_gain":0,"player_choice":"Success","damage_taken":3,"relics_obtained":["Bronze Scales"],"max_hp_gain":0,"max_hp_loss":0,"event_name":"Scrap Ooze","floor":12,"gold_loss":0},{"damage_healed":0,"gold_gain":0,"player_choice":"Fought Bandits","damage_taken":0,"max_hp_gain":0,"max_hp_loss":0,"event_name":"Masked Bandits","floor":20,"gold_loss":0},{"damage_healed":0,"gold_gain":0,"player_choice":"Stole Relic","damage_taken":0,"relics_obtained":["Old Coin"],"max_hp_gain":0,"max_hp_loss":0,"event_name":"Addict","floor":22,"gold_loss":0,"cards_obtained":["Shame"]},{"damage_healed":0,"gold_gain":0,"player_choice":"Ignored","damage_taken":0,"max_hp_gain":0,"max_hp_loss":0,"event_name":"Fountain of Cleansing","floor":42,"gold_loss":0},{"damage_healed":0,"gold_gain":0,"player_choice":"Fight","damage_taken":0,"max_hp_gain":0,"max_hp_loss":0,"event_name":"OrinTheCat","floor":46,"gold_loss":0}],"is_beta":false,"boss_relics":[{"not_picked":["Runic Pyramid","SacredBark"],"picked":"Busted Crown"},{"not_picked":["Astrolabe","Runesmith:UraniumAnvil"],"picked":"Tiny House"}],"items_purged_floors":[48],"is_endless":false,"potions_floor_spawned":[1,4,13,16,20,33,37,39,44,45,46,47],"killed_by":"Donu and Deca","ascension_level":0}}