{"host":"kdt6w7ix8lwe69i9","time":1608605749,"event":{"mods":["Bartender","BaseMod","Downfall","Fiend Mod","Jorbs\u0027s Wanderer Trilogy","Minty Spire (QoL Compilation)","Reimu（博丽灵梦）","Robot Space Explorer","StSLib","The Cursed","The Disciple","The Dragon Tamer","The Druid","The Elementalist","The Forsaken","The Gatherer","The Judge","TheBandit"],"gold_per_floor":[113,129,129,129,153,153,166,206,259,275,275,293,293,293,293,421,421,442,103,103,64,114,114,127,165,220,220,220,30,30,50,50,175,175,190,253,253,277,302,327,327,342,342,381,406,440,29,54,54,54,54,54,20,59,59,59],"floor_reached":55,"playtime":6288,"items_purged":[],"score":797,"play_id":"c4430dab-30c0-4ebc-8418-117b6c125a80","local_time":"20201221215549","is_ascension_mode":false,"campfire_choices":[{"data":"RobotSpaceExplorer:StarDust","floor":6.0,"key":"SMITH"},{"floor":11.0,"key":"REST"},{"data":"RobotSpaceExplorer:PowerGlove","floor":15.0,"key":"SMITH"},{"data":"RobotSpaceExplorer:MiniBoosters","floor":23.0,"key":"SMITH"},{"floor":28.0,"key":"REST"},{"floor":32.0,"key":"RECALL"},{"floor":41.0,"key":"REST"},{"data":"RobotSpaceExplorer:StarDust","floor":49.0,"key":"SMITH"},{"data":"RobotSpaceExplorer:ChargingLaser","floor":52,"key":"SMITH"}],"circlet_count":0,"master_deck":["RobotSpaceExplorer:Scan","RobotSpaceExplorer:MiniLasers","RobotSpaceExplorer:MiniDrones","RobotSpaceExplorer:ShovelStrike","RobotSpaceExplorer:StarDust+1","RobotSpaceExplorer:Probe","RobotSpaceExplorer:Probe","RobotSpaceExplorer:MiniDrones","RobotSpaceExplorer:PowerGlove+1","RobotSpaceExplorer:Accelerator+1","RobotSpaceExplorer:DualCore","RobotSpaceExplorer:FreezingShield","RobotSpaceExplorer:Asteroid","RobotSpaceExplorer:MiniDrones","RobotSpaceExplorer:FreezeRay","RobotSpaceExplorer:JunkDive","RobotSpaceExplorer:ImprovisedAttack","RobotSpaceExplorer:JunkDive","RobotSpaceExplorer:Pulsar+1","RobotSpaceExplorer:ShovelStrike","RobotSpaceExplorer:MiniBoosters+1","RobotSpaceExplorer:ScrapMissile+1","RobotSpaceExplorer:MiniDrones","RobotSpaceExplorer:MetalStrike+1","RobotSpaceExplorer:Calculate","RobotSpaceExplorer:LuckyStrike","RobotSpaceExplorer:Multitool","RobotSpaceExplorer:GlueShot","RobotSpaceExplorer:MiniDrones+1","RobotSpaceExplorer:Fix+1","RobotSpaceExplorer:ChargingLaser+1","RobotSpaceExplorer:FranticSearch","RobotSpaceExplorer:StunGrenade","RobotSpaceExplorer:TrailblazerForm","RobotSpaceExplorer:Ammunition+1","RobotSpaceExplorer:StarDust+1","RobotSpaceExplorer:FreezeRay+1","RobotSpaceExplorer:GlueShot","RobotSpaceExplorer:StarDust+1","RobotSpaceExplorer:MiniBoosters","RobotSpaceExplorer:ShockMissile"],"relics":["RobotSpaceExplorer:RoboCore","StoneCalendar","Golden Idol","Kunai","Blood Vial","Pandora\u0027s Box","RuthlessExorcism:ReiMu","ClockworkSouvenir","Cleaning_Rag","Dream Catcher","theForsaken:Lifeblossom","MutagenicStrength","Black Star","Ice Cream","Bird Faced Urn","Juzu Bracelet","CaptainsWheel","Blue Candle","PreservedInsect","TentaclePot:ReiMu","CrazyTorch:ReiMu","Centennial Puzzle"],"acts_visited":["Exordium","TheCity","TheBeyond","TheEnding"],"potions_floor_usage":[50,50,50,50,50,50],"damage_taken":[{"damage":0.0,"enemies":"Small Slimes","floor":1.0,"turns":2.0},{"damage":0.0,"enemies":"Jaw Worm","floor":2.0,"turns":5.0},{"damage":0.0,"enemies":"2 Louse","floor":5.0,"turns":3.0},{"damage":0.0,"enemies":"Looter","floor":7.0,"turns":3.0},{"damage":19.0,"enemies":"Lagavulin","floor":8.0,"turns":5.0},{"damage":10.0,"enemies":"3 Louse","floor":10.0,"turns":3.0},{"damage":2.0,"enemies":"Exordium Thugs","floor":12.0,"turns":4.0},{"damage":22.0,"enemies":"Hexaghost","floor":16.0,"turns":6.0},{"damage":13.0,"enemies":"Spheric Guardian","floor":18.0,"turns":4.0},{"damage":0.0,"enemies":"Chosen","floor":24.0,"turns":3.0},{"damage":32.0,"enemies":"Slavers","floor":25.0,"turns":3.0},{"damage":0.0,"enemies":"3 Cultists","floor":31.0,"turns":2.0},{"damage":13.0,"enemies":"Automaton","floor":33.0,"turns":7.0},{"damage":7.0,"enemies":"Orb Walker","floor":35.0,"turns":3.0},{"damage":49.0,"enemies":"2 Orb Walkers","floor":36.0,"turns":4.0},{"damage":18.0,"enemies":"3 Darklings","floor":38.0,"turns":4.0},{"damage":12.0,"enemies":"Transient","floor":39.0,"turns":5.0},{"damage":7.0,"enemies":"Sphere and 2 Shapes","floor":40.0,"turns":4.0},{"damage":5.0,"enemies":"Jaw Worm Horde","floor":42.0,"turns":3.0},{"damage":23.0,"enemies":"Nemesis","floor":44.0,"turns":5.0},{"damage":7.0,"enemies":"Maw","floor":45.0,"turns":6.0},{"damage":0.0,"enemies":"Reptomancer","floor":46.0,"turns":4.0},{"damage":0.0,"enemies":"Transient","floor":48.0,"turns":5.0},{"damage":21,"enemies":"Donu and Deca","floor":50,"turns":6},{"damage":54,"enemies":"Shield and Spear","floor":54,"turns":5},{"damage":46,"enemies":"The Heart","floor":55,"turns":2}],"seed_played":"-7427215503533335826","potions_obtained":[{"floor":1.0,"key":"FearPotion"},{"floor":5.0,"key":"Block Potion"},{"floor":8.0,"key":"LiquidMemories"},{"floor":12.0,"key":"Swift Potion"},{"floor":24.0,"key":"FairyPotion"},{"floor":36.0,"key":"GrandPatriotsElixir:ReiMu"},{"floor":40.0,"key":"DuplicationPotion"},{"floor":42.0,"key":"Explosive Potion"},{"floor":48.0,"key":"sneckomod:MuddlingPotion"}],"is_trial":false,"path_per_floor":["M","M","?","?","M","R","M","E","T","M","R","M","?","T","R","B",null,"M","$","?","$","?","R","M","E","T","?","R","$","?","M","R","B",null,"M","?","?","M","M","M","R","M","T","E","M","E","$","M","R","B",null,"R","$","E","B"],"character_chosen":"RobotSpaceExplorer","items_purchased":["RuthlessExorcism:ReiMu","ClockworkSouvenir","RobotSpaceExplorer:ShovelStrike","RobotSpaceExplorer:MiniBoosters","theForsaken:Lifeblossom","RobotSpaceExplorer:Calculate","TentaclePot:ReiMu","RobotSpaceExplorer:GlueShot","Slimebound:ThreeZeroPotion","EntropicBrew","RobotSpaceExplorer:MiniBoosters"],"campfire_rested":3,"item_purchase_floors":[19,19,19,21,29,29,47,47,47,47,53],"current_hp_per_floor":[68,68,68,68,68,68,68,49,49,41,61,61,61,61,61,41,68,55,55,55,55,55,55,57,27,27,49,68,68,68,68,68,56,68,61,20,20,10,12,13,33,35,35,30,49,68,68,68,68,63,68,68,68,23,0,0],"gold":59,"neow_bonus":"ONE_RARE_RELIC","is_daily":false,"chose_seed":false,"campfire_upgraded":5,"win_rate":0.0,"timestamp":1608605749,"path_taken":["M","M","?","?","M","R","M","E","T","M","R","M","?","?","R","BOSS","M","$","?","?","?","R","M","E","T","?","R","$","?","M","R","BOSS","M","?","?","M","M","?","R","?","T","E","M","E","$","M","R","BOSS","R","$","E","BOSS"],"items_purchased_type":["Relic","Relic","Card","Card","Relic","Card","Relic","Card","Potion","Potion","Card"],"build_version":"2020-12-13","purchased_purges":0,"victory":false,"max_hp_per_floor":[68,68,68,68,68,68,68,68,68,68,68,68,68,68,68,68,68,68,68,68,68,68,68,68,68,68,68,68,68,68,68,68,68,68,68,68,68,68,68,68,68,68,68,68,68,68,68,68,68,68,68,68,68,68,68,68],"card_choices":[{"not_picked":["RobotSpaceExplorer:Ammunition","RobotSpaceExplorer:SlimeMissile"],"picked":"RobotSpaceExplorer:MiniDrones","floor":1.0},{"not_picked":["RobotSpaceExplorer:DoubleFind","RobotSpaceExplorer:ToxicBomb"],"picked":"RobotSpaceExplorer:ShovelStrike","floor":2.0},{"not_picked":["RobotSpaceExplorer:SelfCleaning","RobotSpaceExplorer:FranticSearch"],"picked":"RobotSpaceExplorer:StarDust","floor":5.0},{"not_picked":["RobotSpaceExplorer:MakeshiftVolley","RobotSpaceExplorer:SurgingStrike"],"picked":"RobotSpaceExplorer:Probe","floor":7.0},{"not_picked":["RobotSpaceExplorer:LaserBurst","RobotSpaceExplorer:Pulsar"],"picked":"RobotSpaceExplorer:Probe","floor":8.0},{"not_picked":["RobotSpaceExplorer:Ammunition","RobotSpaceExplorer:StunGrenade"],"picked":"RobotSpaceExplorer:MiniDrones","floor":10.0},{"not_picked":["RobotSpaceExplorer:Ammunition","RobotSpaceExplorer:SwiftStep"],"picked":"RobotSpaceExplorer:PowerGlove","floor":12.0},{"not_picked":["RobotSpaceExplorer:Arsenal","RobotSpaceExplorer:Asteroid"],"picked":"RobotSpaceExplorer:Accelerator","floor":16.0},{"not_picked":["RobotSpaceExplorer:DoubleBlock","RobotSpaceExplorer:Blitz"],"picked":"RobotSpaceExplorer:Pulsar+1","floor":18.0},{"not_picked":["RobotSpaceExplorer:LaserBurst","RobotSpaceExplorer:ShockKick"],"picked":"RobotSpaceExplorer:ScrapMissile+1","floor":24.0},{"not_picked":["RobotSpaceExplorer:FreezingShield","RobotSpaceExplorer:Arsenal"],"picked":"RobotSpaceExplorer:MiniDrones","floor":25.0},{"not_picked":["RobotSpaceExplorer:Ammunition","RobotSpaceExplorer:FrostMissile"],"picked":"RobotSpaceExplorer:MetalStrike+1","floor":28.0},{"not_picked":["RobotSpaceExplorer:SurgingShield","RobotSpaceExplorer:JunkDive"],"picked":"RobotSpaceExplorer:LuckyStrike","floor":31.0},{"not_picked":["RobotSpaceExplorer:Comet","RobotSpaceExplorer:Accelerator"],"picked":"RobotSpaceExplorer:Multitool","floor":33.0},{"not_picked":["RobotSpaceExplorer:FrostMissile+1","RobotSpaceExplorer:MetalStrike"],"picked":"RobotSpaceExplorer:GlueShot","floor":35.0},{"not_picked":["RobotSpaceExplorer:StunGrenade+1","RobotSpaceExplorer:SurgingShield+1"],"picked":"RobotSpaceExplorer:MiniDrones+1","floor":36.0},{"not_picked":["RobotSpaceExplorer:ShockKick","RobotSpaceExplorer:SelfCleaning+1"],"picked":"RobotSpaceExplorer:Fix+1","floor":38.0},{"not_picked":["RobotSpaceExplorer:ScrapMissile","RobotSpaceExplorer:MiniDrones+1"],"picked":"RobotSpaceExplorer:ChargingLaser","floor":39.0},{"not_picked":["RobotSpaceExplorer:TurboDodge+1","RobotSpaceExplorer:Counterblock+1"],"picked":"RobotSpaceExplorer:FranticSearch","floor":40.0},{"not_picked":["RobotSpaceExplorer:Counterblock","RobotSpaceExplorer:MakeshiftVolley"],"picked":"RobotSpaceExplorer:StunGrenade","floor":41.0},{"not_picked":["RobotSpaceExplorer:ImprovisedAttack","RobotSpaceExplorer:SwiftStep+1"],"picked":"RobotSpaceExplorer:TrailblazerForm","floor":42.0},{"not_picked":["RobotSpaceExplorer:SlimeMissile+1","RobotSpaceExplorer:ImprovisedAttack"],"picked":"RobotSpaceExplorer:Ammunition+1","floor":44.0},{"not_picked":["RobotSpaceExplorer:DoubleFind+1","RobotSpaceExplorer:TurboDodge"],"picked":"RobotSpaceExplorer:StarDust+1","floor":45.0},{"not_picked":["RobotSpaceExplorer:Counterblock","RobotSpaceExplorer:FranticSearch"],"picked":"RobotSpaceExplorer:FreezeRay+1","floor":46.0},{"not_picked":["RobotSpaceExplorer:ShockKick+1","RobotSpaceExplorer:LuckyStrike"],"picked":"RobotSpaceExplorer:StarDust","floor":48.0},{"not_picked":["RobotSpaceExplorer:ImprovisedAttack+1","RobotSpaceExplorer:Probe"],"picked":"RobotSpaceExplorer:ShockMissile","floor":54}],"player_experience":1557168,"relics_obtained":[{"floor":8.0,"key":"Kunai"},{"floor":9.0,"key":"Blood Vial"},{"floor":25.0,"key":"Cleaning_Rag"},{"floor":26.0,"key":"Dream Catcher"},{"floor":36.0,"key":"Ice Cream"},{"floor":43.0,"key":"Bird Faced Urn"},{"floor":44.0,"key":"Juzu Bracelet"},{"floor":44.0,"key":"CaptainsWheel"},{"floor":46.0,"key":"Blue Candle"},{"floor":46.0,"key":"PreservedInsect"},{"floor":54,"key":"CrazyTorch:ReiMu"},{"floor":54,"key":"Centennial Puzzle"}],"event_choices":[{"damage_healed":0.0,"max_hp_gain":0.0,"max_hp_loss":0.0,"gold_gain":0.0,"event_name":"Golden Idol","player_choice":"Take Wound","floor":3.0,"gold_loss":0.0,"damage_taken":0.0,"relics_obtained":["Golden Idol"],"cards_obtained":["Injury"]},{"damage_healed":0.0,"max_hp_gain":0.0,"max_hp_loss":0.0,"gold_gain":0.0,"event_name":"The Cleric","player_choice":"Leave","floor":13.0,"gold_loss":0.0,"damage_taken":0.0},{"damage_healed":0.0,"max_hp_gain":0.0,"max_hp_loss":0.0,"gold_gain":0.0,"event_name":"Accursed Blacksmith","player_choice":"Forge","floor":20.0,"gold_loss":0.0,"damage_taken":0.0,"cards_upgraded":["RobotSpaceExplorer:Accelerator"]},{"damage_healed":22.0,"max_hp_gain":0.0,"max_hp_loss":0.0,"gold_gain":0.0,"event_name":"The Library","player_choice":"Heal","floor":27.0,"gold_loss":0.0,"damage_taken":0.0},{"damage_healed":0.0,"max_hp_gain":0.0,"max_hp_loss":0.0,"gold_gain":0.0,"event_name":"Drug Dealer","player_choice":"Inject Mutagens","floor":30.0,"gold_loss":0.0,"damage_taken":0.0,"relics_obtained":["MutagenicStrength"]},{"damage_healed":0.0,"max_hp_gain":0.0,"max_hp_loss":0.0,"gold_gain":0.0,"event_name":"Mysterious Sphere","player_choice":"Fight","floor":36.0,"gold_loss":0.0,"damage_taken":0.0},{"cards_removed":["Injury"],"damage_healed":0.0,"max_hp_gain":0.0,"max_hp_loss":0.0,"gold_gain":0.0,"event_name":"Wheel of Change","player_choice":"Card Removal","floor":37.0,"gold_loss":0.0,"damage_taken":0.0}],"is_beta":false,"boss_relics":[{"not_picked":["theForsaken:PaleLantern","Fusion Hammer"],"picked":"Pandora\u0027s Box"},{"not_picked":["Tiny House","Cursed Key"],"picked":"Black Star"}],"items_purged_floors":[],"is_endless":false,"potions_floor_spawned":[1,5,8,12,24,36,40,42,48],"killed_by":"The Heart","ascension_level":0}}