{"host":"kdt6w7ix8lwe69i9","time":1608611950,"event":{"mods":["Bartender","BaseMod","Downfall","Fiend Mod","Jorbs\u0027s Wanderer Trilogy","Minty Spire (QoL Compilation)","Reimu（博丽灵梦）","Robot Space Explorer","StSLib","The Cursed","The Disciple","The Dragon Tamer","The Druid","The Elementalist","The Forsaken","The Gatherer","The Judge","TheBandit"],"gold_per_floor":[111,35,85,85,95,120,120,130,153,153,180,25,39,68,68,167,167,178,197,197,197,117,117,128,128,207,220,220,220,220,0,0,98,98,110,0,14,41,54,54,65,93,166,183,183,213,228,246,246,246,246],"floor_reached":50,"playtime":3689,"items_purged":[],"score":570,"play_id":"7215b63f-e1a3-42fd-9c84-ada86bfc9181","local_time":"20201221233910","is_ascension_mode":false,"campfire_choices":[{"floor":7,"key":"REST"},{"data":"RobotSpaceExplorer:StarDust","floor":10,"key":"SMITH"},{"floor":15,"key":"REST"},{"data":"RobotSpaceExplorer:PowerCollector","floor":23,"key":"SMITH"},{"data":"RobotSpaceExplorer:DoubleFind","floor":25,"key":"SMITH"},{"floor":30,"key":"REST"},{"data":"RobotSpaceExplorer:Discharger","floor":32,"key":"SMITH"},{"floor":40,"key":"REST"},{"floor":49,"key":"RECALL"}],"circlet_count":0,"master_deck":["RobotSpaceExplorer:Defend+1","RobotSpaceExplorer:Defend+1","RobotSpaceExplorer:Defend+1","RobotSpaceExplorer:Defend+1","RobotSpaceExplorer:Scan","RobotSpaceExplorer:MiniLasers","RobotSpaceExplorer:StunGrenade","RobotSpaceExplorer:StarDust+1","RobotSpaceExplorer:Fix","RobotSpaceExplorer:MakeshiftVolley","RobotSpaceExplorer:ShovelStrike","RobotSpaceExplorer:MiniDrones","RobotSpaceExplorer:DoubleFind+1","RobotSpaceExplorer:ChargingLaser","RobotSpaceExplorer:Accelerator","RobotSpaceExplorer:PlasmaMissile","RobotSpaceExplorer:SwiftStep","Slimebound:Tackle+1","Slimebound:Tackle+1","Slimebound:Tackle+1","RobotSpaceExplorer:DualCore","RobotSpaceExplorer:PowerCollector+1","RobotSpaceExplorer:ScrapToss","RobotSpaceExplorer:PowerCollector+1","Bite","Bite","Bite","Bite","Bite","RobotSpaceExplorer:Discharger+1","RobotSpaceExplorer:Probe+1","RobotSpaceExplorer:SelfCleaning","RobotSpaceExplorer:Jetpack","RobotSpaceExplorer:MiniDrones+1","RobotSpaceExplorer:SlimeMissile","RobotSpaceExplorer:StarLightning+1","RobotSpaceExplorer:ShovelStrike+1","RobotSpaceExplorer:MetalStrike+1","RobotSpaceExplorer:Autoloader"],"relics":["Fiend:Scarf","Omamori","RobotSpaceExplorer:ClockworkSextant","Lizard Tail","Sling","theForsaken:Lifeblossom","Calling Bell","RobotSpaceExplorer:FoglandsKnife","RobotSpaceExplorer:RingOfTheNewt","Blue Candle","Smiling Mask","Tea:ReiMu","Strawberry","Philosopher\u0027s Stone","Red Mask","Nunchaku","Torii","Peace Pipe","Question Card","Pen Nib"],"acts_visited":["Exordium","TheCity","TheBeyond"],"potions_floor_usage":[8,8,11,11,11,11,24,37,37,39,44,46,47,48,50],"damage_taken":[{"damage":0,"enemies":"Cultist","floor":1,"turns":3},{"damage":3,"enemies":"Jaw Worm","floor":5,"turns":4},{"damage":32,"enemies":"Gremlin Nob","floor":6,"turns":5},{"damage":0,"enemies":"Small Slimes","floor":8,"turns":3},{"damage":19,"enemies":"3 Sentries","floor":11,"turns":4},{"damage":11,"enemies":"Exordium Wildlife","floor":13,"turns":5},{"damage":9,"enemies":"Gremlin Nob","floor":14,"turns":5},{"damage":27,"enemies":"The Guardian","floor":16,"turns":8},{"damage":0,"enemies":"3 Byrds","floor":18,"turns":4},{"damage":24,"enemies":"2 Thieves","floor":19,"turns":4},{"damage":3,"enemies":"Snecko","floor":24,"turns":3},{"damage":30,"enemies":"Sentry and Sphere","floor":27,"turns":4},{"damage":33,"enemies":"Automaton","floor":33,"turns":6},{"damage":43,"enemies":"3 Darklings","floor":35,"turns":5},{"damage":8,"enemies":"Orb Walker","floor":37,"turns":2},{"damage":46,"enemies":"Sphere and 2 Shapes","floor":39,"turns":6},{"damage":7,"enemies":"Maw","floor":41,"turns":6},{"damage":7,"enemies":"Giant Head","floor":42,"turns":5},{"damage":20,"enemies":"Transient","floor":44,"turns":5},{"damage":26,"enemies":"Nemesis","floor":46,"turns":5},{"damage":16,"enemies":"Jaw Worm Horde","floor":47,"turns":3},{"damage":0,"enemies":"3 Darklings","floor":48,"turns":4},{"damage":68,"enemies":"Awakened One","floor":50,"turns":3}],"seed_played":"-7127788328593389887","potions_obtained":[{"floor":5,"key":"SkillPotion"},{"floor":8,"key":"EntropicBrew"},{"floor":11,"key":"Fruit Juice"},{"floor":19,"key":"RobotSpaceExplorer:LiquidFusion"},{"floor":35,"key":"Fire Potion"},{"floor":37,"key":"SkillPotion"},{"floor":41,"key":"hexamod:EctoCoolerPotion"},{"floor":44,"key":"Fire Potion"},{"floor":46,"key":"Swift Potion"},{"floor":48,"key":"Regen Potion"}],"is_trial":false,"path_per_floor":["M","$","?","?","M","E","R","M","T","R","E","$","M","E","R","B",null,"M","M","?","?","$","R","M","R","T","M","?","?","R","$","R","B",null,"M","?","M","T","M","R","M","E","T","M","?","E","M","M","R","B"],"character_chosen":"RobotSpaceExplorer","items_purchased":["RobotSpaceExplorer:StarDust","Sling","RobotSpaceExplorer:PowerCollector","Strawberry","RobotSpaceExplorer:Discharger"],"campfire_rested":4,"item_purchase_floors":[2,12,22,31,31],"current_hp_per_floor":[75,75,75,60,57,29,51,55,55,55,45,45,34,29,53,36,80,80,57,57,57,57,57,59,59,59,35,35,35,51,58,63,43,63,23,23,18,18,23,41,52,63,63,54,54,42,31,41,41,0,0],"gold":246,"neow_bonus":"BOSS_RELIC","is_daily":false,"chose_seed":false,"campfire_upgraded":4,"win_rate":0.0,"timestamp":1608611950,"path_taken":["M","?","?","?","M","E","R","M","T","R","E","$","?","E","R","BOSS","M","M","?","?","$","R","?","R","T","M","?","?","R","$","R","BOSS","M","?","M","?","M","R","M","E","T","M","?","E","M","M","R","BOSS"],"items_purchased_type":["Card","Relic","Card","Relic","Card"],"build_version":"2020-12-13","purchased_purges":0,"victory":false,"max_hp_per_floor":[75,75,75,75,75,75,75,75,75,75,80,80,80,80,80,80,80,80,80,80,80,80,80,80,80,80,80,56,56,56,63,63,63,63,63,63,63,63,63,63,63,63,63,63,63,63,63,63,63,63,63],"card_choices":[{"not_picked":["RobotSpaceExplorer:FrostMissile","RobotSpaceExplorer:GlueShot"],"picked":"RobotSpaceExplorer:StunGrenade","floor":1},{"not_picked":["RobotSpaceExplorer:Pulsar","RobotSpaceExplorer:Probe"],"picked":"RobotSpaceExplorer:Fix","floor":5},{"not_picked":["RobotSpaceExplorer:TurboDodge","RobotSpaceExplorer:Counterblock"],"picked":"RobotSpaceExplorer:MakeshiftVolley","floor":6},{"not_picked":["RobotSpaceExplorer:Pulsar","RobotSpaceExplorer:Ammunition"],"picked":"RobotSpaceExplorer:ShovelStrike","floor":8},{"not_picked":["RobotSpaceExplorer:SurgingShield","RobotSpaceExplorer:Electropulse"],"picked":"RobotSpaceExplorer:MiniDrones","floor":11},{"not_picked":["RobotSpaceExplorer:MiniDrones","RobotSpaceExplorer:StarDust"],"picked":"RobotSpaceExplorer:DoubleFind","floor":13},{"not_picked":["RobotSpaceExplorer:GlueShot","RobotSpaceExplorer:Pulsar"],"picked":"RobotSpaceExplorer:ChargingLaser","floor":14},{"not_picked":["RobotSpaceExplorer:Wormhole","RobotSpaceExplorer:BlastShield"],"picked":"RobotSpaceExplorer:Accelerator","floor":16},{"not_picked":["RobotSpaceExplorer:MakeshiftVolley","RobotSpaceExplorer:SurgingStrike+1"],"picked":"RobotSpaceExplorer:PlasmaMissile","floor":18},{"not_picked":["RobotSpaceExplorer:ScrapMissile","RobotSpaceExplorer:ShockKick+1"],"picked":"RobotSpaceExplorer:SwiftStep","floor":19},{"not_picked":["RobotSpaceExplorer:BigMissile","RobotSpaceExplorer:Ammunition+1"],"picked":"RobotSpaceExplorer:ScrapToss","floor":24},{"not_picked":["RobotSpaceExplorer:Counterblock","RobotSpaceExplorer:SwiftStep"],"picked":"RobotSpaceExplorer:PowerCollector+1","floor":27},{"not_picked":["RobotSpaceExplorer:Accelerator","RobotSpaceExplorer:Scanner"],"picked":"RobotSpaceExplorer:Exploration","floor":33},{"not_picked":["RobotSpaceExplorer:LaserBurst","RobotSpaceExplorer:GlueShot+1"],"picked":"RobotSpaceExplorer:Probe+1","floor":35},{"not_picked":["RobotSpaceExplorer:MiniDrones","RobotSpaceExplorer:StunGrenade"],"picked":"RobotSpaceExplorer:SelfCleaning","floor":37},{"not_picked":["RobotSpaceExplorer:FreezingShield","RobotSpaceExplorer:ShovelStrike"],"picked":"RobotSpaceExplorer:Jetpack","floor":39},{"not_picked":["RobotSpaceExplorer:FreezingShield","RobotSpaceExplorer:StunGrenade+1"],"picked":"RobotSpaceExplorer:MiniDrones+1","floor":41},{"not_picked":["RobotSpaceExplorer:Counterblock","RobotSpaceExplorer:MetalStrike"],"picked":"RobotSpaceExplorer:SlimeMissile","floor":42},{"not_picked":["RobotSpaceExplorer:Calculate+1","RobotSpaceExplorer:GlueShot","RobotSpaceExplorer:Pulsar"],"picked":"RobotSpaceExplorer:StarLightning+1","floor":44},{"not_picked":["RobotSpaceExplorer:MetalStrike+1","RobotSpaceExplorer:ScrapMissile","RobotSpaceExplorer:SurgingShield"],"picked":"RobotSpaceExplorer:ShovelStrike+1","floor":46},{"not_picked":["RobotSpaceExplorer:GlueShot+1","RobotSpaceExplorer:GlueSpray","RobotSpaceExplorer:PlasmaMissile"],"picked":"RobotSpaceExplorer:MetalStrike+1","floor":47},{"not_picked":["RobotSpaceExplorer:SelfCleaning+1","RobotSpaceExplorer:Reload+1","RobotSpaceExplorer:StunGrenade"],"picked":"RobotSpaceExplorer:Autoloader","floor":48}],"player_experience":1565787,"relics_obtained":[{"floor":6,"key":"Omamori"},{"floor":9,"key":"RobotSpaceExplorer:ClockworkSextant"},{"floor":11,"key":"Lizard Tail"},{"floor":14,"key":"theForsaken:Lifeblossom"},{"floor":17,"key":"RobotSpaceExplorer:FoglandsKnife"},{"floor":17,"key":"RobotSpaceExplorer:RingOfTheNewt"},{"floor":17,"key":"Blue Candle"},{"floor":24,"key":"Smiling Mask"},{"floor":26,"key":"Tea:ReiMu"},{"floor":38,"key":"Nunchaku"},{"floor":39,"key":"Torii"},{"floor":42,"key":"Peace Pipe"},{"floor":43,"key":"Question Card"},{"floor":46,"key":"Pen Nib"}],"event_choices":[{"damage_healed":0,"gold_gain":0,"player_choice":"Entered Light","damage_taken":15,"max_hp_gain":0,"max_hp_loss":0,"event_name":"Shining Light","floor":4,"gold_loss":0,"cards_upgraded":["RobotSpaceExplorer:Defend","RobotSpaceExplorer:Defend"]},{"damage_healed":0,"gold_gain":0,"player_choice":"2 cards matched","damage_taken":0,"max_hp_gain":0,"max_hp_loss":0,"event_name":"Match and Keep!","floor":21,"gold_loss":0,"cards_obtained":["RobotSpaceExplorer:LuckyFind","RobotSpaceExplorer:DualCore"]},{"damage_healed":0,"gold_gain":0,"player_choice":"Became a vampire","damage_taken":0,"max_hp_gain":0,"max_hp_loss":24,"event_name":"Vampires","floor":28,"gold_loss":0,"cards_obtained":["Bite","Bite","Bite","Bite","Bite"]},{"damage_healed":0,"gold_gain":0,"player_choice":"Simplicity","damage_taken":0,"max_hp_gain":0,"max_hp_loss":0,"event_name":"Back to Basics","floor":29,"gold_loss":0,"cards_upgraded":["RobotSpaceExplorer:Defend","RobotSpaceExplorer:Defend"]},{"damage_healed":0,"gold_gain":0,"player_choice":"Paid","damage_taken":0,"relics_obtained":["Red Mask"],"max_hp_gain":0,"max_hp_loss":0,"event_name":"Tomb of Lord Red Mask","floor":36,"gold_loss":110}],"is_beta":false,"boss_relics":[{"not_picked":["Black Star","Astrolabe"],"picked":"Calling Bell"},{"not_picked":["Velvet Choker","Empty Cage"],"picked":"Philosopher\u0027s Stone"}],"items_purged_floors":[],"is_endless":false,"potions_floor_spawned":[5,8,11,19,35,37,41,44,46,48],"killed_by":"Awakened One","ascension_level":0}}