{"host":"ohugux5wi6kc4oge","time":1608640243,"event":{"mods":["BaseMod","Beaked The Cultist","Better Third Choice","Colored Powertips","Downfall","GifTheSpireLib","Minty Spire (QoL Compilation)","Quick Restart","Replay The Spire","StSLib","Stuff the Spire","The Construct","The IronCluck","egg","everything is the same but u backflip on backflip"],"gold_per_floor":[99,99,171,171,191,191,218,228,228,228,247,247,259,290,290,387,387,402,402,477,477,496,496,507,422,445,457,457,382,307,407,407,511,511,531,431,431,286,286,286,314,314,314,314,314],"floor_reached":46,"playtime":1382,"items_purged":["CommonCold","Strike_R+1"],"score":1306,"play_id":"b6fdeb1c-690f-4478-b007-d16668b0e0a9","local_time":"20201222133043","is_ascension_mode":true,"campfire_choices":[{"data":"Rampage","floor":6,"key":"SMITH"},{"data":"Bash","floor":10,"key":"SMITH"},{"floor":15,"key":"REST"},{"floor":23,"key":"REST"},{"floor":28,"key":"REST"},{"floor":32,"key":"REST"},{"data":"Demonic Infusion","floor":40,"key":"SMITH"},{"data":"StuffTheSpire:CelestialWarden","floor":42,"key":"SMITH"}],"circlet_count":0,"master_deck":["Defend_R+1","Defend_R+1","Rampage+1","Demonic Infusion+1","StuffTheSpire:CelestialWarden+1","Dark Echo"],"relics":["Burning Blood","NeowsBlessing","StuffTheSpire:SapphireSignet","StuffTheSpire:Nightcore","Kintsugi","Bag of Preparation","MutagenicStrength","Dream Catcher","Juzu Bracelet","beaked:SacredDeck","Simple Rune","Meat on the Bone","Replay:Bottled Flurry"],"acts_visited":["Exordium","TheCity","TheBeyond"],"potions_floor_usage":[27,45,45],"damage_taken":[{"damage":0,"enemies":"Small Slimes","floor":1,"turns":1},{"damage":0,"enemies":"Jaw Worm","floor":5,"turns":1},{"damage":0,"enemies":"Lagavulin","floor":7,"turns":1},{"damage":0,"enemies":"2 Louse","floor":8,"turns":3},{"damage":18,"enemies":"Exordium Thugs","floor":11,"turns":5},{"damage":14,"enemies":"Exordium Wildlife","floor":13,"turns":4},{"damage":8,"enemies":"Gremlin Nob","floor":14,"turns":3},{"damage":0,"enemies":"Slime Boss","floor":16,"turns":6},{"damage":37,"enemies":"Spheric Guardian","floor":18,"turns":5},{"damage":2,"enemies":"Chosen","floor":22,"turns":4},{"damage":33,"enemies":"Snecko","floor":24,"turns":7},{"damage":24,"enemies":"Snake Plant","floor":27,"turns":5},{"damage":55,"enemies":"Pondfish","floor":33,"turns":8},{"damage":0,"enemies":"Orb Walker","floor":35,"turns":2},{"damage":0,"enemies":"Giant Head","floor":41,"turns":5},{"damage":5,"enemies":"Donu and Deca","floor":45,"turns":2}],"seed_played":"5037042087644610043","potions_obtained":[{"floor":5,"key":"Venom Potion"},{"floor":8,"key":"SpeedPotion"},{"floor":22,"key":"Guardian:BlockOnCardUsePotion"},{"floor":33,"key":"Strength Potion"}],"is_trial":false,"path_per_floor":["M","?","T","?","M","R","E","M","T","R","M","?","M","E","R","B",null,"M","?","?","?","M","R","M","?","T","M","R","?","$","?","R","B",null,"M","$","?","$","?","R","E","R","T","?","B",null],"character_chosen":"IRONCLAD","items_purchased":["Simple Rune"],"campfire_rested":4,"item_purchase_floors":[38],"current_hp_per_floor":[80,80,80,80,80,80,80,80,80,80,68,61,53,51,75,80,80,51,51,31,31,35,59,32,32,32,18,42,42,42,42,66,19,65,71,71,71,71,71,71,76,76,76,76,76],"gold":314,"neow_bonus":"THREE_ENEMY_KILL","is_daily":false,"chose_seed":false,"campfire_upgraded":4,"win_rate":0.0,"timestamp":1608640243,"path_taken":["M","?","?","?","?","R","E","M","T","R","M","?","M","E","R","BOSS","M","?","?","?","M","R","M","?","T","M","R","?","$","?","R","BOSS","M","$","?","$","?","R","E","R","T","?","BOSS"],"items_purchased_type":["Relic"],"build_version":"2020-12-13","purchased_purges":2,"victory":true,"max_hp_per_floor":[80,80,80,80,80,80,80,80,80,80,80,80,80,80,80,80,80,80,80,80,80,80,80,80,80,80,80,80,80,80,80,80,80,80,80,80,80,80,76,76,76,76,76,76,76],"card_choices":[{"not_picked":["Body Slam","Anger","ReplayReversal"],"picked":"SKIP","floor":1},{"not_picked":["Reckless Charge","Heavy Blade"],"picked":"Rampage","floor":5},{"not_picked":["Body Slam","Sword Boomerang","Feel No Pain"],"picked":"SKIP","floor":7},{"not_picked":["Clash","Spot Weakness","Twin Strike"],"picked":"SKIP","floor":8},{"not_picked":["True Grit","StuffTheSpire:RockThrow","StuffTheSpire:Slingshot"],"picked":"SKIP","floor":11},{"not_picked":["Run Through","Bloodletting","Sever Soul"],"picked":"SKIP","floor":13},{"not_picked":["Flame Barrier","Replay:Undeath\u0027s Touch","Dropkick"],"picked":"SKIP","floor":14},{"not_picked":["Brutality","Eclipse"],"picked":"Demonic Infusion","floor":16},{"not_picked":["Iron Wave+1","Sword Boomerang","Thunderclap"],"picked":"SKIP","floor":18},{"not_picked":["StuffTheSpire:Innocence","StuffTheSpire:Harmony"],"picked":"StuffTheSpire:CelestialWarden","floor":19},{"not_picked":["ReplayReversal","ReplayTheSpireMod:Muscle Training","Rage"],"picked":"SKIP","floor":22},{"not_picked":["Shrug It Off","StuffTheSpire:RagingBull+1","Pommel Strike"],"picked":"SKIP","floor":24},{"not_picked":["StuffTheSpire:Incineration","Headbutt","Flex"],"picked":"SKIP","floor":27},{"not_picked":["Ghostly Armor","Flex+1","Perfected Strike"],"picked":"SKIP","floor":35},{"not_picked":["Perfected Strike","Sword Boomerang","Shrug It Off+1"],"picked":"SKIP","floor":41}],"player_experience":512408,"relics_obtained":[{"floor":7,"key":"StuffTheSpire:SapphireSignet"},{"floor":9,"key":"StuffTheSpire:Nightcore"},{"floor":14,"key":"Whetstone"},{"floor":20,"key":"Bag of Preparation"},{"floor":26,"key":"Juzu Bracelet"},{"floor":41,"key":"Meat on the Bone"},{"floor":43,"key":"Replay:Bottled Flurry"}],"event_choices":[{"cards_removed":["Strike_R"],"damage_healed":0,"gold_gain":0,"player_choice":"Card Removal","damage_taken":7,"max_hp_gain":0,"max_hp_loss":0,"event_name":"Golden Wing","floor":12,"gold_loss":0},{"damage_healed":0,"gold_gain":0,"player_choice":"Inject Mutagens","damage_taken":0,"relics_obtained":["MutagenicStrength"],"max_hp_gain":0,"max_hp_loss":0,"event_name":"Drug Dealer","floor":21,"gold_loss":0},{"damage_healed":0,"gold_gain":0,"player_choice":"Obtained Relic","damage_taken":0,"relics_obtained":["Dream Catcher"],"max_hp_gain":0,"max_hp_loss":0,"event_name":"Addict","floor":25,"gold_loss":85},{"cards_removed":["Sickly"],"damage_healed":0,"gold_gain":0,"player_choice":"Gave Gold","damage_taken":0,"max_hp_gain":0,"max_hp_loss":0,"event_name":"Beggar","floor":29,"gold_loss":75},{"damage_healed":0,"gold_gain":100,"player_choice":"Pray","damage_taken":0,"max_hp_gain":0,"max_hp_loss":0,"event_name":"Golden Shrine","floor":31,"gold_loss":0},{"damage_healed":0,"gold_gain":0,"player_choice":"Memory 1","damage_taken":0,"max_hp_gain":0,"max_hp_loss":0,"event_name":"SensoryStone","floor":37,"gold_loss":0},{"damage_healed":0,"gold_gain":0,"player_choice":"Max HP","damage_taken":0,"max_hp_gain":0,"max_hp_loss":4,"event_name":"Winding Halls","floor":39,"gold_loss":0},{"damage_healed":0,"gold_gain":0,"player_choice":"Portal","damage_taken":0,"max_hp_gain":0,"max_hp_loss":0,"event_name":"betterThird:BetterPortal","floor":44,"gold_loss":0}],"is_beta":false,"boss_relics":[{"not_picked":["ReplayTheSpireMod:DimensionalGlitch","Abe\u0027s Treasure"],"picked":"Kintsugi"},{"not_picked":["construct:WeddingRing","Runic Dome"],"picked":"beaked:SacredDeck"}],"items_purged_floors":[30,36],"is_endless":false,"potions_floor_spawned":[1,5,8,22,33],"ascension_level":5}}