{"host":"u3vur0jk0faz0no6","time":1608659780,"event":{"mods":["BaseMod","Better Skull","Better Third Choice","BetterRewards","Colored Map","Colored Powertips","Defective Defect","Hermit","Highlight Path","Infinite Spire","Minty Spire (QoL Compilation)","Rare Cards Sparkle","Relic Sorter","Relic Stats","Replay The Spire","Shade Mod","Shop Mod","StSLib","SuperFastMode","The Druid","The Hierophant","The Jungle","The Necromancer","The Runesmith","everything is the same but u backflip on backflip","slay the spire mod where everything is the same but ironclad has a cowboy hat"],"gold_per_floor":[216,216,157,175,31,31,58,58,85,85,99,99,133,150,150,224,224,243,256,256,267,267,267,267],"floor_reached":23,"playtime":691,"items_purged":[],"score":392,"play_id":"91afaa80-413f-4414-8947-0e6301becfd2","local_time":"20201222115620","is_ascension_mode":true,"campfire_choices":[{"floor":6.0,"key":"REST"},{"data":"Replay:Poison Smokescreen","floor":8.0,"key":"SMITH"},{"floor":10.0,"key":"REST"},{"data":"Footwork","floor":15.0,"key":"SMITH"}],"circlet_count":0,"master_deck":["AscendersBane","Strike_G","Strike_G","Strike_G","Strike_G","Strike_G","Defend_G","Defend_G+1","Defend_G","Defend_G","Defend_G","Survivor","Neutralize+1","Poisoned Stab","Backflip","Replay:Poison Smokescreen+1","ReplayTheSpireMod:From All Sides","Footwork+1","Dagger Spray","Malaise","infinitespire:Gouge"],"relics":["Ring of the Snake","Juzu Bracelet","Akabeko","Boot","Shovel","Ring of Chaos"],"acts_visited":["Exordium","TheCity"],"potions_floor_usage":[19,23],"damage_taken":[{"damage":1.0,"enemies":"2 Louse","floor":1.0,"turns":4.0},{"damage":0.0,"enemies":"Small Slimes","floor":4.0,"turns":4.0},{"damage":29.0,"enemies":"Lagavulin","floor":7.0,"turns":11.0},{"damage":0.0,"enemies":"Jaw Worm","floor":11.0,"turns":4.0},{"damage":2.0,"enemies":"Replay:BlueRogue","floor":13.0,"turns":6.0},{"damage":0.0,"enemies":"Red Slaver","floor":14.0,"turns":4.0},{"damage":11.0,"enemies":"The Guardian","floor":16.0,"turns":11.0},{"damage":0.0,"enemies":"3 Byrds","floor":18.0,"turns":3.0},{"damage":0,"enemies":"Spheric Guardian","floor":19,"turns":4},{"damage":22,"enemies":"Centurion and Healer","floor":21,"turns":13},{"damage":44,"enemies":"Gremlin Leader","floor":23,"turns":6}],"seed_played":"-3716809678158545938","potions_obtained":[{"floor":1.0,"key":"Doom Potion"},{"floor":4.0,"key":"Elixir"},{"floor":13.0,"key":"SpeedPotion"},{"floor":20,"key":"Strength Potion"}],"is_trial":false,"path_per_floor":["M","?","?","M","$","R","E","R","T","R","M","$","E","M","R","B",null,"M","M","?","M","AVR","E"],"character_chosen":"THE_SILENT","items_purchased":["Juzu Bracelet"],"campfire_rested":2,"item_purchase_floors":[5],"current_hp_per_floor":[58,38,38,38,38,57,28,28,28,47,47,47,45,45,45,34,58,58,58,58,36,36,0,0],"gold":267,"neow_bonus":"HUNDRED_GOLD","is_daily":false,"chose_seed":false,"campfire_upgraded":2,"win_rate":0.0,"timestamp":1608659780,"path_taken":["M","?","?","M","$","R","E","R","T","R","M","?","E","M","R","BOSS","M","M","?","M","AVR","E"],"items_purchased_type":["Relic"],"build_version":"2020-12-13","purchased_purges":0,"victory":false,"max_hp_per_floor":[66,66,66,66,66,66,66,66,66,66,66,66,66,66,66,66,66,66,66,66,66,66,66,66],"relic_stats":{"Shovel":0,"counters":[11,69],"Juzu Bracelet":0,"Boot":[110],"obtain_stats":[{"Shovel":13,"Ring of Chaos":17,"Juzu Bracelet":5,"Boot":9,"Akabeko":7,"Ring of the Snake":0},{"Shovel":5,"Ring of Chaos":7,"Juzu Bracelet":2,"Boot":3,"Akabeko":3,"Ring of the Snake":0},{"Shovel":28,"Ring of Chaos":43,"Juzu Bracelet":8,"Boot":18,"Akabeko":18,"Ring of the Snake":0}],"Ring of the Snake":[22]},"card_choices":[{"not_picked":["Dagger Throw","Concentrate"],"picked":"Poisoned Stab","floor":1.0},{"not_picked":["Finisher","Bane"],"picked":"Backflip","floor":4.0},{"not_picked":["ReplayTheSpireMod:Exploit Weakness","Acrobatics"],"picked":"Replay:Poison Smokescreen","floor":7.0},{"not_picked":["Tactician","Fluid Movement"],"picked":"ReplayTheSpireMod:From All Sides","floor":11.0},{"not_picked":["Dodge and Roll","Prepared"],"picked":"Footwork","floor":13.0},{"not_picked":["ReplayTheSpireMod:Scrap Shanks","Sucker Punch"],"picked":"Dagger Spray","floor":14.0},{"not_picked":["ReplayTheSpireMod:Necrosis","Glass Knife"],"picked":"Malaise","floor":16.0},{"not_picked":["Terror","Setup","Slice"],"picked":"SKIP","floor":18.0},{"not_picked":["Quick Slash","Sucker Punch","Calculated Gamble"],"picked":"SKIP","floor":19},{"not_picked":["Phantasmal Killer","Quick Slash","Deflect"],"picked":"SKIP","floor":21}],"player_experience":1945909,"relics_obtained":[{"floor":7.0,"key":"Akabeko"},{"floor":9.0,"key":"Boot"},{"floor":13.0,"key":"Shovel"}],"event_choices":[{"damage_healed":58.0,"max_hp_gain":0.0,"max_hp_loss":66.0,"gold_gain":0.0,"event_name":"betterThird:BetterShining","player_choice":"Upgrade","floor":2.0,"gold_loss":0.0,"damage_taken":20.0,"cards_upgraded":["Defend_G","Neutralize"]},{"damage_healed":0.0,"max_hp_gain":0.0,"max_hp_loss":0.0,"gold_gain":0.0,"event_name":"betterThird:BetterGoop","player_choice":"Left","floor":3.0,"gold_loss":59.0,"damage_taken":0.0},{"damage_healed":0,"gold_gain":0,"player_choice":"Got Potions","damage_taken":0,"max_hp_gain":0,"max_hp_loss":0,"event_name":"Lab","floor":20,"gold_loss":0}],"is_beta":false,"boss_relics":[{"not_picked":["Snecko Heart","Snecko Scales"],"picked":"Ring of Chaos"}],"items_purged_floors":[],"is_endless":false,"potions_floor_spawned":[1,4,13,16],"killed_by":"Gremlin Leader","ascension_level":15}}