{"host":"30jsp143e4v19aze","time":1608678180,"event":{"mods":["BaseMod","Colored Map","Colored Powertips","Curses Come First","DeckTracker","Highlight Path","Minty Spire (QoL Compilation)","Quick Restart","Relic Stats","StSLib"],"gold_per_floor":[165,165,165,179,179,179,195,223,271,304,317,317,317,327,327,401,401,321,321,334,4,4,4,15,46,46,74,74,74,89,189,189,261,261,280,280,327,344,20,47,64,64,90,90,90,90,106,133,133,133,133,133,5,40,40],"floor_reached":56,"playtime":3849,"items_purged":["Backstab"],"score":2321,"play_id":"a61e3044-76aa-442a-a5d0-31a5048ba323","local_time":"20201223000300","is_ascension_mode":true,"campfire_choices":[{"floor":6,"key":"REST"},{"data":"Noxious Fumes","floor":13,"key":"SMITH"},{"data":"Bane","floor":15,"key":"SMITH"},{"floor":23,"key":"REST"},{"data":"Night Terror","floor":28,"key":"SMITH"},{"data":"Catalyst","floor":32,"key":"SMITH"},{"floor":42,"key":"REST"},{"floor":46,"key":"RECALL"},{"floor":49,"key":"REST"},{"data":"Well Laid Plans","floor":52,"key":"SMITH"}],"circlet_count":0,"master_deck":["AscendersBane","Survivor","Neutralize+1","PiercingWail","Noxious Fumes+1","Dagger Spray","Venomology","Leg Sweep","Bane+1","Night Terror+1","Dagger Throw","Ghostly","Ghostly","Ghostly","Backflip","Well Laid Plans+1","Master of Strategy","After Image","Catalyst+1","Bouncing Flask+1","Adrenaline+1","Outmaneuver+1","Quick Slash","Caltrops","Slice","Flechettes","Tools of the Trade","Acrobatics+1","Distraction+1","Corpse Explosion+1","Prepared+1","Prepared+1","Bouncing Flask+1","PiercingWail+1","Deadly Poison+1","Acrobatics+1","Night Terror+1","Backflip+1"],"relics":["Tiny House","Bronze Scales","Mango","Lantern","Vajra","SlaversCollar","Enchiridion","Prayer Wheel","Thread and Needle","Tiny Chest","Ice Cream","Toxic Egg 2","Pandora\u0027s Box","Strange Spoon","Blood Vial","Dream Catcher","MealTicket","Darkstone Periapt","Shuriken"],"acts_visited":["Exordium","TheCity","TheBeyond","TheEnding"],"potions_floor_usage":[7,8,16,16,18,24,24,24,30,30,31,33,33,40,47,47,48,48,50,54,54,55,55,55],"damage_taken":[{"damage":4,"enemies":"Small Slimes","floor":1,"turns":6},{"damage":0,"enemies":"Jaw Worm","floor":4,"turns":4},{"damage":0,"enemies":"Cultist","floor":7,"turns":4},{"damage":32,"enemies":"Gremlin Nob","floor":8,"turns":4},{"damage":38,"enemies":"Lagavulin","floor":10,"turns":10},{"damage":0,"enemies":"3 Louse","floor":11,"turns":2},{"damage":4,"enemies":"Large Slime","floor":14,"turns":6},{"damage":4,"enemies":"Hexaghost","floor":16,"turns":8},{"damage":14,"enemies":"2 Thieves","floor":18,"turns":4},{"damage":5,"enemies":"Shell Parasite","floor":20,"turns":6},{"damage":5,"enemies":"Snecko","floor":24,"turns":7},{"damage":1,"enemies":"Book of Stabbing","floor":25,"turns":7},{"damage":0,"enemies":"Slavers","floor":27,"turns":6},{"damage":4,"enemies":"Snake Plant","floor":30,"turns":6},{"damage":2,"enemies":"Colosseum Slavers","floor":31,"turns":6},{"damage":19,"enemies":"Colosseum Nobs","floor":31,"turns":6},{"damage":57,"enemies":"Automaton","floor":33,"turns":7},{"damage":0,"enemies":"Orb Walker","floor":35,"turns":2},{"damage":7,"enemies":"3 Shapes","floor":38,"turns":5},{"damage":6,"enemies":"Reptomancer","floor":40,"turns":5},{"damage":6,"enemies":"Spire Growth","floor":41,"turns":6},{"damage":4,"enemies":"Sphere and 2 Shapes","floor":47,"turns":5},{"damage":15,"enemies":"Giant Head","floor":48,"turns":5},{"damage":0,"enemies":"Time Eater","floor":50,"turns":10},{"damage":0,"enemies":"Shield and Spear","floor":54,"turns":7},{"damage":23,"enemies":"The Heart","floor":55,"turns":8}],"seed_played":"-290894214041157480","potions_obtained":[{"floor":0,"key":"Fruit Juice"},{"floor":1,"key":"Block Potion"},{"floor":7,"key":"FairyPotion"},{"floor":14,"key":"BlessingOfTheForge"},{"floor":20,"key":"DuplicationPotion"},{"floor":30,"key":"SmokeBomb"},{"floor":47,"key":"ColorlessPotion"},{"floor":54,"key":"Poison Potion"}],"is_trial":false,"path_per_floor":["M","?","?","M","?","R","M","E","T","E","M","?","R","M","R","B",null,"M","?","M","$","?","R","M","E","T","E","R","?","M","?","R","B",null,"M","?","T","M","$","E","M","R","T","?","?","R","M","E","R","B",null,"R","$","E","B",null],"character_chosen":"THE_SILENT","items_purchased":["Backflip","Well Laid Plans","Master of Strategy","Strange Spoon","Blood Vial","Swift Potion"],"campfire_rested":4,"item_purchase_floors":[21,21,21,39,39,53],"current_hp_per_floor":[60,25,25,25,18,39,44,26,26,27,27,27,27,23,23,19,72,58,45,40,40,19,32,27,26,26,26,26,26,37,16,16,13,37,37,37,37,30,30,26,22,34,34,34,34,34,32,19,31,33,41,41,43,43,20],"gold":40,"neow_bonus":"BOSS_RELIC","is_daily":false,"chose_seed":false,"campfire_upgraded":5,"win_rate":0.0,"timestamp":1608678180,"path_taken":["M","?","?","?","?","R","M","E","T","E","M","?","R","M","R","BOSS","M","?","M","$","?","R","M","E","T","E","R","?","M","?","R","BOSS","M","?","?","M","$","E","M","R","T","?","?","R","M","E","R","BOSS","R","$","E","BOSS"],"items_purchased_type":["Card","Card","Card","Relic","Relic","Potion"],"build_version":"2020-12-13","purchased_purges":1,"victory":true,"max_hp_per_floor":[71,71,71,71,71,71,76,90,90,90,90,90,90,90,90,90,90,90,45,45,45,45,45,45,45,45,45,45,45,45,45,45,45,45,45,43,43,43,43,43,43,43,43,43,43,43,43,43,43,43,43,43,43,43,43],"relic_stats":{"Blood Vial":10,"Darkstone Periapt":0,"Strange Spoon":[53],"Dream Catcher":2,"counters":[26,152],"Shuriken":[0],"Bronze Scales":[561],"Prayer Wheel":5,"Tiny Chest":1,"Pandora\u0027s Box":["Backstab","Outmaneuver","Quick Slash","Caltrops","Slice","Flechettes","Tools of the Trade","Acrobatics"],"MealTicket":2,"obtain_stats":[{"Ice Cream":31,"Darkstone Periapt":48,"Lantern":9,"Tiny House":0,"Vajra":10,"Enchiridion":22,"Mango":8,"Thread and Needle":26,"Blood Vial":39,"SlaversCollar":17,"Strange Spoon":39,"Dream Catcher":40,"Shuriken":54,"Bronze Scales":2,"Prayer Wheel":25,"Tiny Chest":27,"Pandora\u0027s Box":34,"MealTicket":43,"Toxic Egg 2":31,"Ring of the Snake":0},{"Ice Cream":16,"Darkstone Periapt":23,"Lantern":4,"Tiny House":0,"Vajra":5,"Enchiridion":10,"Mango":4,"Thread and Needle":12,"Blood Vial":19,"SlaversCollar":8,"Strange Spoon":19,"Dream Catcher":20,"Shuriken":25,"Bronze Scales":1,"Prayer Wheel":12,"Tiny Chest":13,"Pandora\u0027s Box":17,"MealTicket":21,"Toxic Egg 2":16,"Ring of the Snake":0},{"Ice Cream":92,"Darkstone Periapt":127,"Lantern":18,"Tiny House":0,"Vajra":28,"Enchiridion":54,"Mango":18,"Thread and Needle":68,"Blood Vial":106,"SlaversCollar":44,"Strange Spoon":106,"Dream Catcher":111,"Shuriken":144,"Bronze Scales":6,"Prayer Wheel":68,"Tiny Chest":74,"Pandora\u0027s Box":99,"MealTicket":117,"Toxic Egg 2":92,"Ring of the Snake":0}]},"card_choices":[{"not_picked":["Expertise","Quick Slash"],"picked":"PiercingWail","floor":0},{"not_picked":["PiercingWail","Acrobatics"],"picked":"Finisher","floor":1},{"not_picked":["Outmaneuver","Crippling Poison"],"picked":"Noxious Fumes","floor":4},{"not_picked":["Predator","Expertise"],"picked":"Dagger Spray","floor":7},{"not_picked":["Well Laid Plans","Choke"],"picked":"Venomology","floor":8},{"not_picked":["Underhanded Strike","Deflect","Skewer"],"picked":"SKIP","floor":10},{"not_picked":["All Out Attack","Concentrate","Skewer"],"picked":"SKIP","floor":11},{"not_picked":["Prepared","Setup"],"picked":"Bane","floor":14},{"not_picked":["Unload","Storm of Steel"],"picked":"Night Terror","floor":16},{"not_picked":["Dodge and Roll","All Out Attack"],"picked":"Dagger Throw","floor":18},{"not_picked":["Cloak And Dagger","Reflex","Backstab+1"],"picked":"SKIP","floor":20},{"not_picked":["Endless Agony","Cloak And Dagger+1","Dagger Throw"],"picked":"SKIP","floor":24},{"not_picked":["Prepared","Blade Dance","Deadly Poison"],"picked":"SKIP","floor":25},{"not_picked":["Dagger Throw","Skewer"],"picked":"After Image","floor":27},{"not_picked":["Acrobatics","Reflex"],"picked":"Catalyst","floor":30},{"not_picked":["Bane","Poisoned Stab","Quick Slash"],"picked":"SKIP","floor":30},{"not_picked":["Underhanded Strike","Acrobatics+1"],"picked":"Bouncing Flask+1","floor":31},{"not_picked":["Envenom","A Thousand Cuts"],"picked":"Adrenaline+1","floor":33},{"not_picked":["Prepared+1","Cloak And Dagger+1"],"picked":"Distraction+1","floor":35},{"not_picked":["Flying Knee","Bane","Cloak And Dagger+1"],"picked":"SKIP","floor":35},{"not_picked":["Deadly Poison+1","Tactician+1"],"picked":"Corpse Explosion+1","floor":38},{"not_picked":["Blur+1","Endless Agony"],"picked":"Prepared+1","floor":38},{"not_picked":["Reflex+1","Prepared+1","Dash"],"picked":"SKIP","floor":40},{"not_picked":["Reflex+1","Dash"],"picked":"Prepared+1","floor":40},{"not_picked":["Quick Slash","Underhanded Strike"],"picked":"Bouncing Flask+1","floor":41},{"not_picked":["Acrobatics+1","Choke"],"picked":"PiercingWail+1","floor":41},{"not_picked":["Blur+1","Finisher"],"picked":"Deadly Poison+1","floor":47},{"not_picked":["Dodge and Roll+1","PiercingWail+1"],"picked":"Acrobatics+1","floor":47},{"not_picked":["Quick Slash","Underhanded Strike"],"picked":"Night Terror+1","floor":48},{"not_picked":["Outmaneuver+1","Expertise+1"],"picked":"Backflip+1","floor":49},{"not_picked":["Poisoned Stab","Dagger Throw","Cloak And Dagger+1"],"picked":"SKIP","floor":54}],"player_experience":3067708,"relics_obtained":[{"floor":8,"key":"Mango"},{"floor":9,"key":"Lantern"},{"floor":10,"key":"Vajra"},{"floor":22,"key":"Enchiridion"},{"floor":25,"key":"Prayer Wheel"},{"floor":26,"key":"Thread and Needle"},{"floor":27,"key":"Tiny Chest"},{"floor":31,"key":"Ice Cream"},{"floor":31,"key":"Toxic Egg 2"},{"floor":40,"key":"Dream Catcher"},{"floor":43,"key":"MealTicket"},{"floor":48,"key":"Darkstone Periapt"},{"floor":54,"key":"Shuriken"}],"event_choices":[{"damage_healed":0,"gold_gain":0,"player_choice":"Success","damage_taken":35,"relics_obtained":["Bronze Scales"],"max_hp_gain":0,"max_hp_loss":0,"event_name":"Scrap Ooze","floor":2,"gold_loss":0},{"damage_healed":0,"gold_gain":0,"player_choice":"Forge","damage_taken":0,"max_hp_gain":0,"max_hp_loss":0,"event_name":"Accursed Blacksmith","floor":3,"gold_loss":0,"cards_upgraded":["Neutralize"]},{"cards_removed":["Strike_G"],"damage_healed":0,"gold_gain":0,"player_choice":"Card Removal","damage_taken":7,"max_hp_gain":0,"max_hp_loss":0,"event_name":"Golden Wing","floor":5,"gold_loss":0},{"damage_healed":0,"gold_gain":0,"cards_transformed":["Strike_G"],"player_choice":"Change","damage_taken":0,"max_hp_gain":0,"max_hp_loss":0,"event_name":"Living Wall","floor":12,"gold_loss":0,"cards_obtained":["Leg Sweep"]},{"damage_healed":0,"gold_gain":0,"player_choice":"Became a Ghost","damage_taken":0,"max_hp_gain":0,"max_hp_loss":45,"event_name":"Ghosts","floor":19,"gold_loss":0,"cards_obtained":["Ghostly","Ghostly","Ghostly"]},{"damage_healed":0,"gold_gain":0,"player_choice":"Obtained Book","damage_taken":21,"max_hp_gain":0,"max_hp_loss":0,"event_name":"Cursed Tome","floor":22,"gold_loss":0},{"damage_healed":0,"gold_gain":0,"player_choice":"Ignored","damage_taken":0,"max_hp_gain":0,"max_hp_loss":0,"event_name":"Vampires","floor":29,"gold_loss":0},{"damage_healed":0,"gold_gain":0,"player_choice":"Fight","damage_taken":0,"max_hp_gain":0,"max_hp_loss":0,"event_name":"Colosseum","floor":31,"gold_loss":0},{"damage_healed":0,"gold_gain":0,"player_choice":"Fought Nobs","damage_taken":0,"max_hp_gain":0,"max_hp_loss":0,"event_name":"Colosseum","floor":31,"gold_loss":0},{"damage_healed":0,"gold_gain":0,"player_choice":"Max HP","damage_taken":0,"max_hp_gain":0,"max_hp_loss":2,"event_name":"Winding Halls","floor":36,"gold_loss":0},{"cards_removed":["Finisher"],"damage_healed":0,"gold_gain":0,"player_choice":"Removed Attack","damage_taken":0,"max_hp_gain":0,"max_hp_loss":0,"event_name":"Falling","floor":44,"gold_loss":0},{"damage_healed":0,"gold_gain":0,"player_choice":"Memory 1","damage_taken":0,"max_hp_gain":0,"max_hp_loss":0,"event_name":"SensoryStone","floor":45,"gold_loss":0}],"is_beta":false,"boss_relics":[{"not_picked":["Snecko Eye","Sozu"],"picked":"SlaversCollar"},{"not_picked":["Calling Bell","Black Star"],"picked":"Pandora\u0027s Box"}],"items_purged_floors":[53],"is_endless":false,"potions_floor_spawned":[1,7,14,20,27,30,31,47,54],"ascension_level":19}}