{"host":"5trcja4hacd149zc","time":1608602829,"event":{"mods":["BaseMod","Colored Map","GifTheSpireLib","Minty Spire (QoL Compilation)","Relic Stats","StSLib"],"gold_per_floor":[112,112,37,49,66,95,95,108,154,154,154,154,186,166,166,237,237,254,179,190,200,200,200,200,200],"floor_reached":24,"playtime":753,"items_purged":["Strike_G"],"score":428,"play_id":"18669ece-2d91-48ff-afe0-ef2ebf744afe","local_time":"20201221200709","is_ascension_mode":true,"campfire_choices":[{"data":"Noxious Fumes","floor":7.0,"key":"SMITH"},{"data":"Deadly Poison","floor":12.0,"key":"SMITH"},{"data":"Deadly Poison","floor":15,"key":"SMITH"},{"data":"Neutralize","floor":23,"key":"SMITH"}],"circlet_count":0,"master_deck":["AscendersBane","Strike_G","Strike_G","Strike_G","Strike_G","Defend_G","Defend_G","Defend_G","Defend_G","Defend_G","Survivor","Neutralize+1","Die Die Die","Noxious Fumes+1","Dagger Throw","Cloak And Dagger","Deadly Poison+1","Noxious Fumes+1","Deadly Poison+1","Burst","Calculated Gamble","PiercingWail","PiercingWail"],"relics":["Ring of the Snake","Paper Crane","Nunchaku","Question Card","Runic Pyramid"],"acts_visited":["Exordium","TheCity"],"potions_floor_usage":[18,21,24],"damage_taken":[{"damage":9.0,"enemies":"Small Slimes","floor":1.0,"turns":3.0},{"damage":0.0,"enemies":"2 Louse","floor":4.0,"turns":2.0},{"damage":2.0,"enemies":"Jaw Worm","floor":5.0,"turns":4.0},{"damage":21.0,"enemies":"3 Sentries","floor":6.0,"turns":7.0},{"damage":0.0,"enemies":"Lots of Slimes","floor":8.0,"turns":1.0},{"damage":6.0,"enemies":"Gremlin Nob","floor":10.0,"turns":3.0},{"damage":11,"enemies":"Lagavulin","floor":13,"turns":6},{"damage":1,"enemies":"Hexaghost","floor":16,"turns":7},{"damage":0,"enemies":"3 Byrds","floor":18,"turns":3},{"damage":0,"enemies":"Chosen","floor":20,"turns":4},{"damage":7,"enemies":"3 Cultists","floor":21,"turns":6},{"damage":55,"enemies":"Gremlin Leader","floor":24,"turns":6}],"seed_played":"-1336190610806919858","potions_obtained":[{"floor":4.0,"key":"SneckoOil"},{"floor":6.0,"key":"SmokeBomb"},{"floor":13,"key":"Weak Potion"},{"floor":14,"key":"DistilledChaos"},{"floor":18,"key":"AttackPotion"},{"floor":20,"key":"DistilledChaos"}],"is_trial":false,"path_per_floor":["M","?","?","M","M","E","R","M","T","E","?","R","E","?","R","B",null,"M","$","M","M","?","R","E"],"character_chosen":"THE_SILENT","items_purchased":[],"campfire_rested":0,"item_purchase_floors":[],"current_hp_per_floor":[50,55,55,55,53,32,32,32,32,26,26,26,15,15,15,14,55,55,55,55,48,48,48,0,0],"gold":200,"neow_bonus":"THREE_RARE_CARDS","is_daily":false,"chose_seed":false,"campfire_upgraded":4,"win_rate":0.0,"timestamp":1608602829,"path_taken":["M","?","?","M","?","E","R","?","T","E","?","R","E","?","R","BOSS","M","$","M","M","?","R","E"],"items_purchased_type":[],"build_version":"2020-12-13","purchased_purges":1,"victory":false,"max_hp_per_floor":[66,71,68,68,68,68,68,68,68,68,68,68,68,68,68,68,68,68,68,68,68,68,68,68,68],"relic_stats":{"Nunchaku":[6],"counters":[12,52],"Question Card":4,"obtain_stats":[{"Nunchaku":9,"Paper Crane":6,"Question Card":13,"Ring of the Snake":0,"Runic Pyramid":17},{"Nunchaku":5,"Paper Crane":4,"Question Card":7,"Ring of the Snake":0,"Runic Pyramid":8},{"Nunchaku":17,"Paper Crane":16,"Question Card":26,"Ring of the Snake":0,"Runic Pyramid":33}],"Ring of the Snake":[24]},"card_choices":[{"not_picked":["Night Terror","Phantasmal Killer"],"picked":"Die Die Die","floor":0.0},{"not_picked":["Acrobatics","Dagger Throw"],"picked":"Noxious Fumes","floor":1.0},{"not_picked":["PiercingWail","Dodge and Roll"],"picked":"Dagger Throw","floor":4.0},{"not_picked":["Slice","Infinite Blades"],"picked":"Cloak And Dagger","floor":5.0},{"not_picked":["Concentrate","Cloak And Dagger"],"picked":"Deadly Poison","floor":6.0},{"not_picked":["Accuracy","Sucker Punch"],"picked":"Noxious Fumes","floor":8.0},{"not_picked":["Concentrate","Distraction"],"picked":"Deadly Poison","floor":13},{"not_picked":["Storm of Steel","Venomology","After Image"],"picked":"Burst","floor":16},{"not_picked":["Flying Knee+1","Slice","Acrobatics"],"picked":"Calculated Gamble","floor":18},{"not_picked":["Skewer","Deadly Poison","Storm of Steel"],"picked":"PiercingWail","floor":20},{"not_picked":["Masterful Stab","Flying Knee","Poisoned Stab"],"picked":"PiercingWail","floor":21}],"player_experience":755817,"relics_obtained":[{"floor":6.0,"key":"Paper Crane"},{"floor":9.0,"key":"Nunchaku"},{"floor":13,"key":"Question Card"}],"event_choices":[{"damage_healed":0.0,"max_hp_gain":5.0,"max_hp_loss":0.0,"gold_gain":0.0,"event_name":"Big Fish","player_choice":"Donut","floor":2.0,"gold_loss":0.0,"damage_taken":0.0},{"cards_removed":["Parasite"],"damage_healed":0.0,"max_hp_gain":0.0,"max_hp_loss":0.0,"gold_gain":0.0,"event_name":"The Cleric","player_choice":"Card Removal","floor":3.0,"gold_loss":75.0,"damage_taken":0.0},{"damage_healed":0.0,"max_hp_gain":0.0,"max_hp_loss":0.0,"gold_gain":0.0,"event_name":"Living Wall","player_choice":"Grow","floor":11.0,"gold_loss":0.0,"damage_taken":0.0,"cards_upgraded":["Noxious Fumes"]},{"damage_healed":0,"gold_gain":0,"player_choice":"Bought 1 Potion","damage_taken":0,"max_hp_gain":0,"max_hp_loss":0,"event_name":"The Woman in Blue","floor":14,"gold_loss":0},{"damage_healed":0,"gold_gain":0,"player_choice":"Ignored","damage_taken":0,"max_hp_gain":0,"max_hp_loss":0,"event_name":"N\u0027loth","floor":22,"gold_loss":0}],"is_beta":false,"boss_relics":[{"not_picked":["HoveringKite","Black Star"],"picked":"Runic Pyramid"}],"items_purged_floors":[19],"is_endless":false,"potions_floor_spawned":[4,6,10,13,16,18,20],"killed_by":"Gremlin Leader","ascension_level":20}}