{"host":"344lv32hnei0mdhu","time":1608678053,"event":{"mods":["Act Like it!","BaseMod","Better Match","Better Sensory Stone","Better Skull","Better Third Choice","Better Vampires","Colored Powertips","Highlight Path","Minty Spire (QoL Compilation)","Quick Restart","Random Character Button","Rare Cards Sparkle","StSLib"],"gold_per_floor":[113,61,61,61,80,123,123,141,196,196,121,137,157,197,197,327,390,409,194,212,212,212,212,235,183,183,206,206,206],"floor_reached":28,"playtime":929,"items_purged":["Injury"],"score":367,"play_id":"a8a9e5fb-4393-4b40-9084-803ce0a38c88","local_time":"20201222170053","is_ascension_mode":true,"campfire_choices":[{"data":"Whirlwind","floor":7,"key":"SMITH"},{"data":"Inflame","floor":10,"key":"SMITH"},{"data":"Wild Strike","floor":15,"key":"SMITH"},{"floor":23,"key":"REST"}],"circlet_count":0,"master_deck":["Strike_R","Strike_R","Strike_R","Strike_R","Strike_R","Defend_R","Defend_R+1","Defend_R+1","Defend_R","Bash","Whirlwind+1","Anger+1","Inflame+1","Brutality","Cleave","Wild Strike+1","Intimidate","Reaper","Combust","Feel No Pain","Shockwave","Uppercut","Shrug It Off","Pummel"],"relics":["Burning Blood","NeowsBlessing","Golden Idol","Blood Vial","Vajra","Potion Belt","Tiny House","ClockworkSouvenir","Enchiridion","Meat on the Bone"],"acts_visited":["Exordium","TheCity"],"potions_floor_usage":[14,16,16,17,28,28],"damage_taken":[{"damage":0,"enemies":"Small Slimes","floor":1,"turns":1},{"damage":0,"enemies":"2 Louse","floor":5,"turns":2},{"damage":0,"enemies":"Lagavulin","floor":6,"turns":1},{"damage":6,"enemies":"Cultist","floor":8,"turns":3},{"damage":1,"enemies":"2 Fungi Beasts","floor":12,"turns":2},{"damage":10,"enemies":"Large Slime","floor":13,"turns":4},{"damage":20,"enemies":"3 Sentries","floor":14,"turns":3},{"damage":72,"enemies":"The Guardian","floor":16,"turns":14},{"damage":0,"enemies":"3 Byrds","floor":18,"turns":4},{"damage":19,"enemies":"Chosen","floor":20,"turns":5},{"damage":21,"enemies":"Snecko","floor":24,"turns":4},{"damage":33,"enemies":"Centurion and Healer","floor":27,"turns":5},{"damage":71,"enemies":"Book of Stabbing","floor":28,"turns":6}],"seed_played":"3702931913760743086","potions_obtained":[{"floor":8,"key":"Regen Potion"},{"floor":13,"key":"Weak Potion"},{"floor":14,"key":"DuplicationPotion"},{"floor":17,"key":"BloodPotion"},{"floor":18,"key":"BlessingOfTheForge"},{"floor":27,"key":"Dexterity Potion"}],"is_trial":false,"path_per_floor":["M","$","?","?","M","E","R","M","T","R","$","M","M","E","R","B",null,"M","$","M","?","?","R","M","$","T","M","E"],"character_chosen":"IRONCLAD","items_purchased":["Anger","Feel No Pain","ClockworkSouvenir","Shrug It Off"],"campfire_rested":1,"item_purchase_floors":[2,19,19,25],"current_hp_per_floor":[78,78,78,62,68,74,74,76,76,76,76,80,76,64,64,14,73,81,81,70,54,54,79,66,66,66,51,0,0],"gold":206,"neow_bonus":"THREE_ENEMY_KILL","is_daily":false,"chose_seed":false,"campfire_upgraded":3,"win_rate":0.0,"timestamp":1608678053,"path_taken":["M","$","?","?","M","E","R","M","T","R","$","M","M","E","R","BOSS","M","$","M","?","?","R","M","$","T","M","E"],"items_purchased_type":["Card","Card","Relic","Card"],"build_version":"2020-12-13","purchased_purges":1,"victory":false,"max_hp_per_floor":[80,80,80,80,80,80,80,80,80,80,80,80,80,80,80,80,85,85,85,85,85,85,85,85,85,85,85,85,85],"card_choices":[{"not_picked":["Anger","Clash"],"picked":"Whirlwind","floor":1},{"not_picked":["Perfected Strike","Twin Strike"],"picked":"Inflame","floor":5},{"not_picked":["Armaments","Perfected Strike"],"picked":"Brutality","floor":6},{"not_picked":["Entrench","Sentinel"],"picked":"Cleave","floor":8},{"not_picked":["Dark Embrace","Clash"],"picked":"Wild Strike","floor":12},{"not_picked":["Feel No Pain","Body Slam"],"picked":"Intimidate","floor":13},{"not_picked":["Carnage","Perfected Strike","Wild Strike"],"picked":"SKIP","floor":14},{"not_picked":["Brutality","Juggernaut"],"picked":"Reaper","floor":16},{"not_picked":["Wild Strike","True Grit"],"picked":"Combust","floor":17},{"not_picked":["Iron Wave","Warcry","Clothesline"],"picked":"SKIP","floor":18},{"not_picked":["Entrench","Cleave"],"picked":"Shockwave","floor":20},{"not_picked":["Wild Strike","Cleave"],"picked":"Uppercut","floor":24},{"not_picked":["Thunderclap","Wild Strike"],"picked":"Pummel","floor":27}],"player_experience":263804,"relics_obtained":[{"floor":6,"key":"Blood Vial"},{"floor":9,"key":"Vajra"},{"floor":14,"key":"Potion Belt"},{"floor":21,"key":"Enchiridion"},{"floor":26,"key":"Meat on the Bone"}],"event_choices":[{"damage_healed":0,"gold_gain":0,"player_choice":"Take Wound","damage_taken":0,"relics_obtained":["Golden Idol"],"max_hp_gain":0,"max_hp_loss":0,"event_name":"Golden Idol","floor":3,"gold_loss":0,"cards_obtained":["Injury"]},{"damage_healed":78,"gold_gain":0,"player_choice":"Upgrade","damage_taken":16,"max_hp_gain":0,"max_hp_loss":80,"event_name":"betterThird:BetterShining","floor":4,"gold_loss":0,"cards_upgraded":["Defend_R","Defend_R"]},{"damage_healed":0,"gold_gain":0,"player_choice":"Obtained Book","damage_taken":16,"max_hp_gain":0,"max_hp_loss":0,"event_name":"Cursed Tome","floor":21,"gold_loss":0}],"is_beta":false,"boss_relics":[{"not_picked":["SacredBark","Snecko Eye"],"picked":"Tiny House"}],"items_purged_floors":[11],"is_endless":false,"potions_floor_spawned":[8,13,14,18,27],"killed_by":"Book of Stabbing","ascension_level":9}}