{"host":"bux1pdxjwq4dkad9","time":1608623279,"event":{"mods":["BaseMod","Colored Map","Minty Spire (QoL Compilation)","Quick Restart","StSLib","SuperFastMode","The Alterego","°æ“≈ŒÔMod°øºÚµ•”Œœ∑"],"gold_per_floor":[117,192,142,152,167,192,210,238,291,68,68,81,81,1,1,80,80,97,108,188,199,214,214,243,255,255,283,183,193,193,221,221,296,296,316,341,351,231,231,231,262,262,312,323,323,350,365,398,398,398,398,398,58,87,87,87],"floor_reached":55,"playtime":2039,"items_purged":["alterego_mod:Strike","alterego_mod:Defend","alterego_mod:Defend","alterego_mod:Strike"],"score":2175,"play_id":"8c604042-ff92-4431-af5a-31f762ad0fb8","local_time":"20201222154759","is_ascension_mode":true,"campfire_choices":[{"data":"alterego_mod:IndependentAction","floor":13,"key":"SMITH"},{"data":"alterego_mod:BigMeatyClaws","floor":15,"key":"SMITH"},{"data":"alterego_mod:Palingenesis","floor":23,"key":"SMITH"},{"data":"alterego_mod:Mirror","floor":30,"key":"SMITH"},{"data":"alterego_mod:Palingenesis+1","floor":32,"key":"SMITH"},{"floor":40,"key":"RECALL"},{"data":"alterego_mod:TrashNCrash","floor":42,"key":"SMITH"},{"data":"alterego_mod:Impale","floor":45,"key":"SMITH"},{"floor":49,"key":"REST"},{"data":"alterego_mod:Undulate","floor":52,"key":"SMITH"}],"circlet_count":0,"master_deck":["AscendersBane","alterego_mod:Defend","alterego_mod:Impale+1","alterego_mod:BigMeatyClaws+1","alterego_mod:BrynhildrsRune","alterego_mod:Mirror+1","alterego_mod:TrashNCrash+1","alterego_mod:Undulate+1","alterego_mod:IndependentAction+1","alterego_mod:Palingenesis+2","alterego_mod:GachaTicket+1","Magnetism+1"],"relics":["alterego_mod:MasochisticConstitution","ImprovedEquipment","Centennial Puzzle","White Beast Statue","Medical Kit","The Courier","Philosopher\u0027s Stone","Meat on the Bone","Regal Pillow","Bag of Marbles","Singing Bowl","Bronze Scales","Black Star","Thread and Needle","Du-Vu Doll","Darkstone Periapt","Happy Flower","Frozen Egg 2","Strawberry","Prayer Wheel","Potion Belt","alterego_mod:SistersRibbon","Toy Ornithopter","Dead Branch"],"acts_visited":["Exordium","TheCity","TheBeyond","TheEnding"],"potions_floor_usage":[18,55,55,55,55,55,55,55,55],"damage_taken":[{"damage":0,"enemies":"2 Louse","floor":1,"turns":2},{"damage":0,"enemies":"Jaw Worm","floor":4,"turns":2},{"damage":0,"enemies":"Cultist","floor":5,"turns":3},{"damage":0,"enemies":"3 Sentries","floor":6,"turns":5},{"damage":0,"enemies":"Red Slaver","floor":7,"turns":2},{"damage":0,"enemies":"Lagavulin","floor":8,"turns":5},{"damage":0,"enemies":"Lots of Slimes","floor":12,"turns":4},{"damage":0,"enemies":"Slime Boss","floor":16,"turns":3},{"damage":0,"enemies":"Shell Parasite","floor":18,"turns":2},{"damage":0,"enemies":"2 Thieves","floor":19,"turns":2},{"damage":0,"enemies":"3 Cultists","floor":21,"turns":1},{"damage":0,"enemies":"Centurion and Healer","floor":22,"turns":2},{"damage":0,"enemies":"Slavers","floor":24,"turns":1},{"damage":0,"enemies":"Snecko","floor":25,"turns":1},{"damage":0,"enemies":"Book of Stabbing","floor":27,"turns":2},{"damage":0,"enemies":"Snake Plant","floor":29,"turns":2},{"damage":0,"enemies":"Gremlin Leader","floor":31,"turns":1},{"damage":4,"enemies":"Champ","floor":33,"turns":1},{"damage":4,"enemies":"3 Darklings","floor":35,"turns":1},{"damage":4,"enemies":"Mind Bloom Boss Battle","floor":36,"turns":1},{"damage":4,"enemies":"3 Shapes","floor":37,"turns":2},{"damage":4,"enemies":"Reptomancer","floor":41,"turns":1},{"damage":4,"enemies":"Spire Growth","floor":44,"turns":1},{"damage":4,"enemies":"Nemesis","floor":46,"turns":1},{"damage":4,"enemies":"Maw","floor":47,"turns":1},{"damage":4,"enemies":"Giant Head","floor":48,"turns":1},{"damage":8,"enemies":"Time Eater","floor":50,"turns":3},{"damage":8,"enemies":"Shield and Spear","floor":54,"turns":1},{"damage":114,"enemies":"The Heart","floor":55,"turns":2}],"seed_played":"5459960688233373732","potions_obtained":[{"floor":1,"key":"CultistPotion"},{"floor":4,"key":"GamblersBrew"},{"floor":18,"key":"Fruit Juice"},{"floor":19,"key":"SkillPotion"},{"floor":36,"key":"DuplicationPotion"},{"floor":48,"key":"SteroidPotion"}],"is_trial":false,"path_per_floor":["M","?","?","M","M","E","M","E","T","$","T","M","R","$","R","B",null,"M","M","T","M","M","R","E","M","T","E","$","M","R","E","R","B",null,"M","?","M","$","?","R","E","R","T","M","R","E","M","E","R","B",null,"R","$","E","B"],"character_chosen":"The_Alterego","items_purchased":["Medical Kit","EntropicBrew","alterego_mod:SistersRibbon","Magnetism+1"],"campfire_rested":1,"item_purchase_floors":[10,53,53,53],"current_hp_per_floor":[59,48,48,48,48,48,48,48,48,48,48,48,48,48,48,48,56,61,61,61,61,61,61,61,61,61,63,63,65,65,67,67,66,71,70,69,68,68,68,68,67,67,67,66,66,72,71,68,102,95,101,101,101,96,0,0],"gold":87,"neow_bonus":"REMOVE_TWO","is_daily":false,"chose_seed":false,"campfire_upgraded":8,"win_rate":0.0,"timestamp":1608623279,"path_taken":["M","?","?","M","M","E","M","E","T","?","?","M","R","?","R","BOSS","M","?","?","M","M","R","E","M","T","E","$","?","R","E","R","BOSS","M","?","M","$","?","R","E","R","T","M","R","E","M","E","R","BOSS","R","$","E","BOSS"],"items_purchased_type":["Relic","Potion","Relic","Card"],"build_version":"2020-12-13","purchased_purges":4,"victory":false,"max_hp_per_floor":[59,59,59,59,59,59,59,59,59,59,59,59,59,59,59,59,59,64,64,64,64,64,64,64,64,64,66,66,68,68,70,70,73,73,76,79,82,82,82,82,85,85,85,88,88,98,101,102,102,103,103,103,103,106,106,106],"card_choices":[{"not_picked":["alterego_mod:RidiculouslyBig","alterego_mod:DiscoLights"],"picked":"alterego_mod:Mirror","floor":1},{"not_picked":["alterego_mod:Cooking","alterego_mod:Valkyrie"],"picked":"alterego_mod:TrashNCrash","floor":4},{"not_picked":["alterego_mod:Cycle","alterego_mod:PerceptionDisorder","alterego_mod:Punishment"],"picked":"SKIP","floor":5},{"not_picked":["alterego_mod:GoddessCore","alterego_mod:PerceptionDisorder","alterego_mod:Cooking"],"picked":"SKIP","floor":6},{"not_picked":["alterego_mod:Maid","alterego_mod:Birthday"],"picked":"alterego_mod:Undulate","floor":7},{"not_picked":["alterego_mod:Undulate","alterego_mod:DiscoLights","alterego_mod:SakuraFive"],"picked":"SKIP","floor":8},{"not_picked":["alterego_mod:Cycle","alterego_mod:MagicResistance"],"picked":"alterego_mod:IndependentAction","floor":12},{"not_picked":["alterego_mod:ClassAdvantage","alterego_mod:Antipathy"],"picked":"alterego_mod:Palingenesis","floor":16},{"not_picked":["alterego_mod:Jiggle","alterego_mod:Rip+1","alterego_mod:HighServant"],"picked":"SKIP","floor":18},{"not_picked":["alterego_mod:Cooking","alterego_mod:Stockings","alterego_mod:Lingerie"],"picked":"SKIP","floor":19},{"not_picked":["alterego_mod:Complex","alterego_mod:TrashNCrash","alterego_mod:Undulate"],"picked":"SKIP","floor":21},{"not_picked":["alterego_mod:DeftHands","alterego_mod:Maid","alterego_mod:1TonWallop"],"picked":"SKIP","floor":22},{"not_picked":["alterego_mod:DiscoLights","alterego_mod:Bounce","alterego_mod:SakuraFive"],"picked":"SKIP","floor":24},{"not_picked":["alterego_mod:Skirt","alterego_mod:RocketPunch","alterego_mod:Pet"],"picked":"SKIP","floor":25},{"not_picked":["alterego_mod:TrickOrTreatment","alterego_mod:BreastValley","alterego_mod:MagicResistance"],"picked":"Singing Bowl","floor":27},{"not_picked":["alterego_mod:MaintainEyeContact","alterego_mod:Birthday","alterego_mod:BreastValley"],"picked":"Singing Bowl","floor":29},{"not_picked":["alterego_mod:Mirror","alterego_mod:GoddessCore","alterego_mod:Clap"],"picked":"Singing Bowl","floor":31},{"not_picked":["alterego_mod:Rake","alterego_mod:Lift","alterego_mod:Antipathy"],"picked":"Singing Bowl","floor":33},{"not_picked":["alterego_mod:Clap","alterego_mod:Belts","alterego_mod:BustOut"],"picked":"Singing Bowl","floor":35},{"not_picked":["alterego_mod:Jiggle","alterego_mod:Nekomimi","alterego_mod:DiscoLights"],"picked":"Singing Bowl","floor":36},{"not_picked":["alterego_mod:Cooking","alterego_mod:ChallengeComplete+1","alterego_mod:SuperDuperMasochism"],"picked":"Singing Bowl","floor":37},{"not_picked":["alterego_mod:Maid","alterego_mod:Lingerie","alterego_mod:HighServant"],"picked":"Singing Bowl","floor":41},{"not_picked":["alterego_mod:GoddessCore","alterego_mod:Undulate","alterego_mod:Bunnysuit"],"picked":"Singing Bowl","floor":44},{"not_picked":["alterego_mod:BreastValley+1","alterego_mod:ChallengeComplete+1","alterego_mod:GachaTicket+1"],"picked":"Singing Bowl","floor":46},{"not_picked":["alterego_mod:Exercise","alterego_mod:Cooking+1","alterego_mod:Weigh"],"picked":"Singing Bowl","floor":47},{"not_picked":["alterego_mod:Undulate","alterego_mod:Clap+1"],"picked":"alterego_mod:GachaTicket+1","floor":48},{"not_picked":["alterego_mod:TrashNCrash","alterego_mod:Cycle","alterego_mod:Santa"],"picked":"Singing Bowl","floor":54}],"player_experience":2350293,"relics_obtained":[{"floor":6,"key":"Centennial Puzzle"},{"floor":8,"key":"White Beast Statue"},{"floor":11,"key":"The Courier"},{"floor":20,"key":"Meat on the Bone"},{"floor":24,"key":"Regal Pillow"},{"floor":26,"key":"Bag of Marbles"},{"floor":27,"key":"Singing Bowl"},{"floor":31,"key":"Bronze Scales"},{"floor":36,"key":"Thread and Needle"},{"floor":41,"key":"Du-Vu Doll"},{"floor":41,"key":"Darkstone Periapt"},{"floor":43,"key":"Happy Flower"},{"floor":46,"key":"Frozen Egg 2"},{"floor":46,"key":"Strawberry"},{"floor":48,"key":"Prayer Wheel"},{"floor":48,"key":"Potion Belt"},{"floor":54,"key":"Toy Ornithopter"},{"floor":54,"key":"Dead Branch"}],"event_choices":[{"damage_healed":0,"gold_gain":75,"player_choice":"Gather Gold","damage_taken":11,"max_hp_gain":0,"max_hp_loss":0,"event_name":"World of Goop","floor":2,"gold_loss":0},{"cards_removed":["alterego_mod:Strike"],"damage_healed":0,"gold_gain":0,"player_choice":"Card Removal","damage_taken":0,"max_hp_gain":0,"max_hp_loss":0,"event_name":"The Cleric","floor":3,"gold_loss":50},{"damage_healed":0,"gold_gain":0,"player_choice":"Fight","damage_taken":0,"max_hp_gain":0,"max_hp_loss":0,"event_name":"MindBloom","floor":36,"gold_loss":0},{"damage_healed":0,"gold_gain":0,"player_choice":"Ignored","damage_taken":0,"max_hp_gain":0,"max_hp_loss":0,"event_name":"Tomb of Lord Red Mask","floor":39,"gold_loss":0}],"is_beta":false,"boss_relics":[{"not_picked":["Pandora\u0027s Box","Tiny House"],"picked":"Philosopher\u0027s Stone"},{"not_picked":["Fusion Hammer","Runic Dome"],"picked":"Black Star"}],"items_purged_floors":[10,14,28,38],"is_endless":false,"potions_floor_spawned":[1,4,12,16,18,19,21,22,24,25,27,29,31,33,35,36,37,41,44,46,47,48,54],"killed_by":"The Heart","ascension_level":14}}