{"host":"jwbw4f4imxd0v0b0","time":1608605099,"event":{"mods":["BaseMod","Colored Map","Highlight Path","Minty Spire (QoL Compilation)","Relic Stats","StSLib"],"gold_per_floor":[114,114,74,89,104,104,134,134,134,149,164,194,209,159,159,259,259,244,19,19,19,19,19,19],"floor_reached":23,"playtime":922,"items_purged":["Strike_B"],"score":249,"play_id":"3773733f-9066-41c6-80ac-926a890678cc","local_time":"20201221204459","daily_mods":["Allstar","Diverse","DeadlyEvents"],"is_ascension_mode":false,"campfire_choices":[{"data":"The Bomb","floor":6,"key":"SMITH"},{"data":"Chrysalis","floor":8,"key":"SMITH"},{"data":"Creative AI","floor":15,"key":"SMITH"}],"circlet_count":0,"master_deck":["Strike_B+1","Strike_B+1","Defend_B+1","Defend_B+1","Defend_B+1","Defend_B+1","Zap","Dualcast","Chrysalis+1","Enlightenment","Good Instincts","The Bomb+1","Thinking Ahead","BootSequence","Coolheaded","Skim","Steam","Creative AI+1","Glass Knife","Barrage","RitualDagger","Necronomicurse"],"relics":["Cracked Core","Unceasing Top","Letter Opener","Ginger","Inserter","Bag of Preparation","Necronomicon"],"acts_visited":["Exordium","TheCity"],"potions_floor_usage":[18,18],"damage_taken":[{"damage":1,"enemies":"Jaw Worm","floor":1,"turns":4},{"damage":1,"enemies":"2 Louse","floor":4,"turns":3},{"damage":4,"enemies":"Cultist","floor":5,"turns":4},{"damage":1,"enemies":"Lagavulin","floor":7,"turns":7},{"damage":0,"enemies":"2 Fungi Beasts","floor":10,"turns":3},{"damage":0,"enemies":"3 Louse","floor":11,"turns":3},{"damage":13,"enemies":"3 Sentries","floor":12,"turns":4},{"damage":0,"enemies":"Looter","floor":13,"turns":4},{"damage":0,"enemies":"Slime Boss","floor":16,"turns":6},{"damage":4,"enemies":"2 Thieves","floor":18,"turns":4},{"damage":56,"enemies":"Book of Stabbing","floor":23,"turns":7}],"seed_played":"-7682526130134428503","potions_obtained":[{"floor":3,"key":"DuplicationPotion"},{"floor":3,"key":"Swift Potion"},{"floor":3,"key":"FearPotion"},{"floor":5,"key":"SteroidPotion"}],"is_trial":false,"path_per_floor":["M","?","?","M","M","R","E","R","T","M","M","E","M","?","R","B",null,"M","$","?","?","?","E"],"character_chosen":"DEFECT","items_purchased":["Bag of Preparation"],"campfire_rested":0,"item_purchase_floors":[19],"current_hp_per_floor":[74,79,79,78,74,74,73,73,73,73,73,60,60,60,60,60,80,76,76,76,70,54,0,0],"gold":19,"neow_bonus":"","is_daily":true,"chose_seed":false,"campfire_upgraded":3,"win_rate":0.0,"timestamp":1608605099,"path_taken":["M","?","?","M","M","R","E","R","T","M","M","?","M","?","R","BOSS","M","$","?","?","?","E"],"items_purchased_type":["Relic"],"build_version":"2020-12-13","purchased_purges":1,"victory":false,"max_hp_per_floor":[75,80,80,80,80,80,80,80,80,80,80,80,80,80,80,80,80,80,80,80,80,80,80,80],"relic_stats":{"Inserter":[5],"counters":[11,49],"Bag of Preparation":[2],"Necronomicon":[0],"Letter Opener":[126],"Ginger":[2],"obtain_stats":[{"Inserter":17,"Bag of Preparation":19,"Necronomicon":22,"Letter Opener":9,"Ginger":12,"Cracked Core":0,"Unceasing Top":7},{"Inserter":9,"Bag of Preparation":10,"Necronomicon":10,"Letter Opener":4,"Ginger":7,"Cracked Core":0,"Unceasing Top":4},{"Inserter":38,"Bag of Preparation":42,"Necronomicon":42,"Letter Opener":18,"Ginger":28,"Cracked Core":0,"Unceasing Top":18}],"Unceasing Top":[1]},"card_choices":[{"not_picked":["Shrug It Off","Skewer"],"picked":"BootSequence","floor":1},{"not_picked":["Prostrate","EmptyFist"],"picked":"Coolheaded","floor":4},{"not_picked":["Grand Finale","Shrug It Off","Leap"],"picked":"SKIP","floor":5},{"not_picked":["Distraction","Wireheading","Sanctity"],"picked":"SKIP","floor":7},{"not_picked":["True Grit","Iron Wave","Streamline"],"picked":"SKIP","floor":10},{"not_picked":["Heatsinks","Redo"],"picked":"Skim","floor":11},{"not_picked":["Adaptation","Acrobatics"],"picked":"Steam","floor":12},{"not_picked":["Redo","ClearTheMind"],"picked":"Creative AI","floor":13},{"not_picked":["Doppelganger","Establishment"],"picked":"Glass Knife","floor":16},{"not_picked":["Capacitor","Anger+1"],"picked":"Barrage","floor":18}],"player_experience":950579,"relics_obtained":[{"floor":7,"key":"Unceasing Top"},{"floor":9,"key":"Letter Opener"},{"floor":12,"key":"Ginger"},{"floor":22,"key":"Necronomicon"}],"event_choices":[{"damage_healed":0,"gold_gain":0,"player_choice":"Donut","damage_taken":0,"max_hp_gain":5,"max_hp_loss":0,"event_name":"Big Fish","floor":2,"gold_loss":0},{"damage_healed":0,"gold_gain":0,"player_choice":"Bought 3 Potions","damage_taken":0,"max_hp_gain":0,"max_hp_loss":0,"event_name":"The Woman in Blue","floor":3,"gold_loss":0},{"cards_removed":["Strike_B"],"damage_healed":0,"gold_gain":0,"player_choice":"Card Removal","damage_taken":0,"max_hp_gain":0,"max_hp_loss":0,"event_name":"The Cleric","floor":14,"gold_loss":50},{"damage_healed":0,"gold_gain":0,"player_choice":"Simplicity","damage_taken":0,"max_hp_gain":0,"max_hp_loss":0,"event_name":"Back to Basics","floor":20,"gold_loss":0,"cards_upgraded":["Strike_B","Strike_B","Defend_B","Defend_B","Defend_B","Defend_B"]},{"damage_healed":0,"gold_gain":0,"player_choice":"Joined the Cult","damage_taken":6,"max_hp_gain":0,"max_hp_loss":0,"event_name":"Nest","floor":21,"gold_loss":0,"cards_obtained":["RitualDagger"]},{"damage_healed":0,"gold_gain":0,"player_choice":"Obtained Book","damage_taken":16,"max_hp_gain":0,"max_hp_loss":0,"event_name":"Cursed Tome","floor":22,"gold_loss":0}],"is_beta":false,"boss_relics":[{"not_picked":["Black Star","Cursed Key"],"picked":"Inserter"}],"items_purged_floors":[19],"is_endless":false,"potions_floor_spawned":[4,5,7,16],"killed_by":"Book of Stabbing","ascension_level":0}}