{"host":"e0cd4bhk462yjjnf","time":1608602486,"event":{"mods":["AchievementEnabler","BaseMod","Block Reminder","Colored Map","Colored Powertips","Downfall","Highlight Path","Hubris","Minty Spire (QoL Compilation)","Replay The Spire","Shop Mod","Spicy Shops","StSLib","The Disciple","The Jungle","Wandering Minibosses"],"gold_per_floor":[99,117,117,131,231,241,241,272,286,300,400,500,350,369,382,382,382],"floor_reached":16,"playtime":794,"items_purged":[],"score":104,"play_id":"c598883e-42f3-42c4-aa04-3f9e3b20be0a","local_time":"20201221210126","is_ascension_mode":false,"campfire_choices":[{"data":"champ:Taunt","floor":1,"key":"SMITH"},{"floor":13,"key":"REST"}],"circlet_count":0,"master_deck":["champ:Strike","champ:Strike","champ:Strike","champ:Defend","champ:Defend","champ:Defend","champ:Defend","champ:Execute","champ:Taunt+1","champ:RisingSlash","champ:FanOfKnives","champ:PerfectedStrike","champ:FocusedBerserking","champ:FlashCut","champ:Encircle","champ:AdrenalArmor","champ:DefensiveShout","champ:CrookedStrike"],"relics":["hubris:TerracottaHorce","hubris:CrystalStatue","downfall:GremlinWheel","downfall:HeartBlessingBlue","downfall:HeartBlessingGreen"],"acts_visited":["Exordium"],"potions_floor_usage":[12,15],"damage_taken":[{"damage":0,"enemies":"2 Louse","floor":2,"turns":2},{"damage":17,"enemies":"Cultist","floor":4,"turns":3},{"damage":5,"enemies":"Small Slimes","floor":6,"turns":2},{"damage":26,"enemies":"Replay:BlueRogue","floor":8,"turns":4},{"damage":34,"enemies":"Exordium Thugs","floor":9,"turns":4},{"damage":3,"enemies":"3 Louse","floor":10,"turns":2},{"damage":47,"enemies":"3 Louse","floor":12,"turns":4},{"damage":14,"enemies":"Lots of Slimes","floor":14,"turns":3},{"damage":5,"enemies":"Exordium Thugs","floor":15,"turns":2},{"damage":67,"enemies":"downfall:Defect","floor":16,"turns":5}],"seed_played":"-7953106947168009981","potions_obtained":[{"floor":6,"key":"SpeedPotion"},{"floor":8,"key":"SteroidPotion"},{"floor":14,"key":"Block Potion"}],"is_trial":false,"path_per_floor":["R","M","?","M","?","M","T","E","M","M","?","?","R","M","M","B"],"character_chosen":"THE_CHAMP","items_purchased":[],"campfire_rested":1,"item_purchase_floors":[],"current_hp_per_floor":[90,90,90,84,84,84,84,63,40,40,40,11,51,39,38,0,0],"gold":382,"neow_bonus":"BOSS_RELIC","is_daily":false,"chose_seed":false,"campfire_upgraded":1,"win_rate":0.0,"timestamp":1608602486,"path_taken":["R","M","?","?","?","M","T","E","M","M","?","?","R","M","M","BOSS"],"items_purchased_type":[],"build_version":"2020-12-13","purchased_purges":0,"victory":false,"max_hp_per_floor":[90,90,90,90,90,90,90,90,90,90,90,90,100,100,100,100,100],"card_choices":[{"not_picked":["champ:BringItOn","champ:GladiatorsShout"],"picked":"champ:RisingSlash","floor":2},{"not_picked":["champ:BringItOn","champ:FocusedGladiator"],"picked":"champ:PerfectedStrike","floor":4},{"not_picked":["champ:Haymaker","champ:Encircle"],"picked":"champ:FocusedBerserking","floor":6},{"not_picked":["champ:FightOn","champ:FanOfKnives"],"picked":"champ:FlashCut","floor":8},{"not_picked":["champ:BringItOn","champ:BladeFlurry"],"picked":"champ:Encircle","floor":9},{"not_picked":["champ:EndlessRage","champ:BerserkersShout"],"picked":"champ:AdrenalArmor","floor":10},{"not_picked":["champ:FlashCut","champ:Circumvent"],"picked":"champ:DefensiveShout","floor":14},{"not_picked":["champ:EnragedBash","champ:CalledShot"],"picked":"champ:CrookedStrike","floor":15}],"player_experience":364367,"relics_obtained":[{"floor":8,"key":"hubris:CrystalStatue"},{"floor":12,"key":"downfall:GremlinWheel"}],"event_choices":[{"damage_healed":0,"gold_gain":0,"cards_transformed":["champ:Strike"],"player_choice":"Transformed","damage_taken":0,"max_hp_gain":0,"max_hp_loss":0,"event_name":"Transmorgrifier","floor":3,"gold_loss":0,"cards_obtained":["champ:FanOfKnives"]}],"is_beta":false,"boss_relics":[],"items_purged_floors":[],"is_endless":false,"potions_floor_spawned":[6,8,14],"killed_by":"downfall:Defect","ascension_level":0}}