{"host":"gj32n68c553yo87c","time":1608599048,"event":{"mods":["BaseMod","Downfall","Minty Spire (QoL Compilation)","Replay The Spire","StSLib","The Hierophant"],"gold_per_floor":[116,194,213,87,87,87,100,100,100,125,145,156,156,190,190,190,190],"floor_reached":16,"playtime":650,"items_purged":["Strike_B"],"score":100,"play_id":"cf911532-bd05-44ff-ba54-5baadbd36323","local_time":"20201221170408","is_ascension_mode":false,"campfire_choices":[{"data":"ReplayRNGCard","floor":8,"key":"SMITH"},{"floor":13,"key":"REST"},{"data":"BasicCrystalCard","floor":15,"key":"SMITH"}],"circlet_count":0,"master_deck":["Strike_B","Strike_B","Defend_B","Defend_B","Defend_B","Defend_B","Zap","Dualcast","Capacitor","BasicCrystalCard+1","BasicCrystalCard+1","ReplayRNGCard+1","Compile Driver"],"relics":["Cracked Core","Juzu Bracelet","TungstenRod","ReplayTheSpireMod:TigerMarble","Ancient Tea Set"],"acts_visited":["Exordium"],"potions_floor_usage":[16],"damage_taken":[{"damage":1,"enemies":"Cultist","floor":1,"turns":3},{"damage":8,"enemies":"Small Slimes","floor":3,"turns":3},{"damage":1,"enemies":"2 Louse","floor":7,"turns":4},{"damage":2,"enemies":"Exordium Thugs","floor":11,"turns":5},{"damage":0,"enemies":"3 Louse","floor":12,"turns":1},{"damage":22,"enemies":"Gremlin Nob","floor":14,"turns":4},{"damage":40,"enemies":"The Guardian","floor":16,"turns":8}],"seed_played":"-1284374551549674700","potions_obtained":[{"floor":1,"key":"Guardian:BlockOnCardUsePotion"},{"floor":2,"key":"LifebloodPotion"},{"floor":2,"key":"Explosive Potion"},{"floor":3,"key":"Weak Potion"},{"floor":14,"key":"ColorlessPotion"}],"is_trial":false,"path_per_floor":["M","?","M","$","?","?","M","R","T","T","M","M","R","E","R","B"],"character_chosen":"DEFECT","items_purchased":["BasicCrystalCard"],"campfire_rested":1,"item_purchase_floors":[4],"current_hp_per_floor":[81,49,41,41,41,41,40,40,40,40,38,38,62,40,40,0,0],"gold":190,"neow_bonus":"TEN_PERCENT_HP_BONUS","is_daily":false,"chose_seed":false,"campfire_upgraded":2,"win_rate":0.0,"timestamp":1608599048,"path_taken":["M","?","M","$","?","?","M","R","T","?","M","M","R","E","R","BOSS"],"items_purchased_type":["Card"],"build_version":"2020-12-13","purchased_purges":1,"victory":false,"max_hp_per_floor":[82,82,82,82,82,82,82,82,82,82,82,82,82,82,82,82,82],"card_choices":[{"not_picked":["Skim","Steam","Panic Button"],"picked":"SKIP","floor":1},{"not_picked":["Barrage","Panic Button"],"picked":"Capacitor","floor":2},{"not_picked":["Gash","Genetic Algorithm"],"picked":"BasicCrystalCard","floor":3},{"not_picked":["Heatsinks","ReplaySort"],"picked":"ReplayRNGCard","floor":7},{"not_picked":["Ball Lightning","Conserve Battery"],"picked":"Compile Driver","floor":11},{"not_picked":["Go for the Eyes","Beam Cell","Biased Cognition"],"picked":"SKIP","floor":12},{"not_picked":["Hello World","Genetic Algorithm","Gash"],"picked":"SKIP","floor":14}],"player_experience":37259,"relics_obtained":[{"floor":2,"key":"Juzu Bracelet"},{"floor":9,"key":"TungstenRod"},{"floor":10,"key":"ReplayTheSpireMod:TigerMarble"},{"floor":14,"key":"Ancient Tea Set"}],"event_choices":[{"damage_healed":0,"gold_gain":0,"player_choice":"Upgraded","damage_taken":0,"max_hp_gain":0,"max_hp_loss":0,"event_name":"Upgrade Shrine","floor":5,"gold_loss":0,"cards_upgraded":["BasicCrystalCard"]},{"cards_removed":["Strike_B"],"damage_healed":0,"gold_gain":0,"player_choice":"Offered Basic","damage_taken":0,"max_hp_gain":0,"max_hp_loss":0,"event_name":"Bonfire Elementals","floor":6,"gold_loss":0}],"is_beta":false,"boss_relics":[],"items_purged_floors":[4],"is_endless":false,"potions_floor_spawned":[1,3,14],"killed_by":"The Guardian","ascension_level":0}}