{"host":"s8k08j4eybfen9r6","time":1608607961,"event":{"mods":["Ascension Reborn","Aspiration","BaseMod","Better Altar","Better Match","Better Note","Better Sensory Stone","Better Skull","Better Third Choice","BetterRewards","Downfall","Hubris","Marisa????????","Minty Spire (QoL Compilation)","MostiFishMod","READ ME - Snecko Mod","Rare Cards Sparkle","Reworked Bosses","Shade Mod","Shop Mod","Spicy Shops","StSLib","The Alterego","The Animator","The Cursed","The Necromancer","The Sage","The Servant 0.9.4"],"gold_per_floor":[184,204,219,219,237,272,292,319,366,382,396,2,18,18,18,144,144,158,174,193,208,208,248,248,266,266,284,327,327,29,69,69,194,194,194],"floor_reached":34,"playtime":2450,"items_purged":["sagemod:Strike"],"score":628,"play_id":"6f9d9c36-e2f4-433c-823b-5ba8dda71daa","local_time":"20201222133241","is_ascension_mode":true,"campfire_choices":[{"data":"expansioncontent:QuickStudy","floor":15,"key":"SMITH"},{"data":"sagemod:Bookworm","floor":29,"key":"SMITH"},{"data":"sagemod:Vigorous_Body","floor":32,"key":"SMITH"}],"circlet_count":0,"master_deck":["sagemod:Strike","sagemod:Strike","sagemod:Strike","sagemod:Defend","sagemod:Defend","sagemod:Defend","sagemod:Defend","sagemod:Fly","sagemod:Upwards","MostiFishMod:Neptune","MostiFishMod:TheEndOfMoonlight","MostiFishMod:SparklingWater","MostiFishMod:FantasySummer","MostiFishMod:NightSea","sagemod:Altitude+1","sagemod:On_The_Head","sagemod:Fire_Brew","sagemod:Vigorous_Body+1","sagemod:Quackster","sagemod:Tinker","sagemod:How_To_Befriend_A_Turtle","sagemod:How_To_Murder_Ants","sagemod:Accumulation","expansioncontent:QuickStudy+1","sagemod:Taste_This_One","expansioncontent:Chronoboost+1","sagemod:How_To_Warm_Elephants","sagemod:Altitude","sagemod:Riches","sagemod:Gearwheel_Master+1","sagemod:How_To_Murder_Ants","sagemod:Pincer_Repair","sagemod:Folded_Carpet","sagemod:Bookworm+1","sagemod:Perpetuum_Mobile","sagemod:How_To_Poke_At_Slimes","sagemod:Armor_Brew+1","sagemod:Pour_Tar_Pitch","sagemod:Cultist_Form"],"relics":["sagemod:Flying_Carpet","DaveBox","NeowsBlessing","MoonlightInvasionPlan","Question Card","hubris:OldNail","hubris:PeanutButter","Blood Vial","PreservedInsect","Golden Idol","ImportantClient","HaiYi:Twilight","Potion Belt","hubris:BottledHeart","aspiration:HummingbirdHeart","aspiration:Stabinomicon","Medical Kit","Technique","Bag of Marbles"],"acts_visited":["Exordium","TheCity"],"potions_floor_usage":[16,16,16,16,16,18,18,18,19,19,23,25,25,27,27,31,31,31,33,33,33,33,33,33,33],"damage_taken":[{"damage":0,"enemies":"Small Slimes","floor":1,"turns":2},{"damage":0,"enemies":"Cultist","floor":2,"turns":1},{"damage":0,"enemies":"2 Louse","floor":3,"turns":1},{"damage":11,"enemies":"Exordium Wildlife","floor":5,"turns":4},{"damage":1,"enemies":"Lagavulin","floor":6,"turns":3},{"damage":0,"enemies":"Large Slime","floor":7,"turns":3},{"damage":0,"enemies":"Gremlin Nob","floor":8,"turns":3},{"damage":0,"enemies":"Blue Slaver","floor":10,"turns":8},{"damage":0,"enemies":"Exordium Thugs","floor":11,"turns":4},{"damage":0,"enemies":"Lots of Slimes","floor":13,"turns":1},{"damage":0,"enemies":"Slime Boss","floor":16,"turns":12},{"damage":6,"enemies":"Shell Parasite","floor":18,"turns":8},{"damage":17,"enemies":"2 Thieves","floor":19,"turns":4},{"damage":21,"enemies":"Snake Plant","floor":20,"turns":4},{"damage":0,"enemies":"Snecko","floor":21,"turns":2},{"damage":6,"enemies":"Slavers","floor":23,"turns":4},{"damage":0,"enemies":"Shelled Parasite and Fungi","floor":25,"turns":10},{"damage":0,"enemies":"Snake Plant","floor":27,"turns":7},{"damage":0,"enemies":"Book of Stabbing","floor":28,"turns":3},{"damage":0,"enemies":"Gremlin Leader","floor":31,"turns":7},{"damage":0,"enemies":"bossMod:newCollector","floor":33,"turns":12}],"seed_played":"-4367461822482006258","potions_obtained":[{"floor":1,"key":"LiquidBronze"},{"floor":10,"key":"PowerPotion"},{"floor":16,"key":"SkillPotion"},{"floor":18,"key":"Strength Potion"},{"floor":19,"key":"Fire Potion"},{"floor":25,"key":"SneckoOil"},{"floor":27,"key":"Guardian:BlockOnCardUsePotion"},{"floor":28,"key":"sagemod:Flight_Potion"}],"is_trial":false,"path_per_floor":["M","M","M","?","M","E","M","E","T","M","M","$","M","?","R","B",null,"M","M","M","M","?","E","?","M","T","M","E","R","$","E","R","B",null],"character_chosen":"THE_SAGE","items_purchased":["expansioncontent:QuickStudy","sagemod:Taste_This_One","expansioncontent:Chronoboost","sagemod:How_To_Warm_Elephants","Medical Kit","Technique"],"campfire_rested":0,"item_purchase_floors":[12,12,12,12,30,30],"current_hp_per_floor":[50,50,50,50,39,38,38,38,38,40,42,42,44,44,44,46,46,40,25,6,8,8,4,1,1,1,1,1,1,1,1,1,1,1,1],"gold":194,"neow_bonus":"THREE_ENEMY_KILL","is_daily":false,"chose_seed":false,"campfire_upgraded":3,"win_rate":0.0,"timestamp":1608607961,"path_taken":["M","M","M","?","M","E","M","E","T","?","M","$","M","?","R","BOSS","M","M","M","M","?","E","?","M","T","M","E","R","$","E","R","BOSS"],"items_purchased_type":["Card","Card","Card","Card","Relic","Relic"],"build_version":"2020-12-13","purchased_purges":1,"victory":false,"max_hp_per_floor":[50,50,50,50,50,50,50,50,50,50,50,50,50,46,46,46,46,46,46,46,46,46,46,1,1,1,1,1,1,1,1,1,1,1,1],"card_choices":[{"not_picked":["sagemod:Gearwheel_Master","sagemod:Momentum"],"picked":"sagemod:Altitude","floor":1},{"not_picked":["sagemod:Step_Back","sagemod:Taste_This_One","sagemod:Pincer_Attack"],"picked":"sagemod:On_The_Head","floor":2},{"not_picked":["sagemod:Let_It_Go","sagemod:How_To_Befriend_A_Turtle","sagemod:Pour_Tar_Pitch"],"picked":"sagemod:Fire_Brew","floor":3},{"not_picked":["sagemod:Fire_Brew","sagemod:Crank","sagemod:Step_Back"],"picked":"sagemod:Vigorous_Body","floor":5},{"not_picked":["sagemod:Slalom","sagemod:Salty_Strike","sagemod:Energetic_Brew"],"picked":"sagemod:Quackster","floor":6},{"not_picked":["sagemod:Salty_Strike","sagemod:Armor_Brew","sagemod:Pincer_Repair"],"picked":"sagemod:Tinker","floor":7},{"not_picked":["sagemod:Pincer_Repair","sagemod:Bookworm","sagemod:Spoiled_Food"],"picked":"sagemod:How_To_Befriend_A_Turtle","floor":8},{"not_picked":["sagemod:Potion_Explosion","sagemod:How_To_Befriend_A_Turtle","sagemod:About_Clark"],"picked":"sagemod:How_To_Murder_Ants","floor":10},{"not_picked":["sagemod:Crank","sagemod:Salty_Strike","sagemod:Ambition"],"picked":"sagemod:Accumulation","floor":11},{"not_picked":["sagemod:Ambition","sagemod:Energetic_Brew","sagemod:Grounded_Strike"],"picked":"sagemod:Altitude","floor":13},{"not_picked":["sagemod:Lecture","sagemod:Blurry","sagemod:Escape"],"picked":"sagemod:Riches","floor":16},{"not_picked":["sagemod:Energetic_Brew","sagemod:Armor_Brew","sagemod:How_To_Warm_Elephants+1"],"picked":"sagemod:Gearwheel_Master+1","floor":18},{"not_picked":["sagemod:Step_Back","sagemod:About_Clark","sagemod:Turn_Around+1"],"picked":"sagemod:How_To_Murder_Ants","floor":19},{"not_picked":["sagemod:How_To_Warm_Elephants","sagemod:Energetic_Brew+1","sagemod:Salty_Strike"],"picked":"sagemod:Pincer_Repair","floor":20},{"not_picked":["sagemod:Salty_Strike","sagemod:How_To_Warm_Elephants+1","sagemod:Cane_Strike"],"picked":"sagemod:Folded_Carpet","floor":21},{"not_picked":["sagemod:How_To_Poke_At_Slimes+1","sagemod:Energetic_Brew","sagemod:How_To_Charm_A_Sentry+1"],"picked":"sagemod:Bookworm","floor":23},{"not_picked":["sagemod:Potion_Explosion","sagemod:Energetic_Brew","sagemod:Shining_Powder"],"picked":"sagemod:Perpetuum_Mobile","floor":25},{"not_picked":["sagemod:Potion_Explosion","sagemod:Pincer_Repair+1","sagemod:Step_Back"],"picked":"sagemod:How_To_Poke_At_Slimes","floor":27},{"not_picked":["sagemod:Salty_Strike","sagemod:Flight_Feint","sagemod:Pincer_Repair"],"picked":"sagemod:Armor_Brew+1","floor":28},{"not_picked":["sagemod:Crank","sagemod:Folded_Carpet","sagemod:How_To_Wake_Lyons"],"picked":"sagemod:Pour_Tar_Pitch","floor":31},{"not_picked":["sagemod:Alchemy_Expert","sagemod:Swoop_Down","sagemod:Extra_Portion"],"picked":"sagemod:Cultist_Form","floor":33}],"player_experience":377208,"relics_obtained":[{"floor":1,"key":"Question Card"},{"floor":6,"key":"hubris:PeanutButter"},{"floor":8,"key":"Blood Vial"},{"floor":9,"key":"PreservedInsect"},{"floor":16,"key":"ImportantClient"},{"floor":23,"key":"Potion Belt"},{"floor":26,"key":"aspiration:HummingbirdHeart"},{"floor":28,"key":"aspiration:Stabinomicon"},{"floor":31,"key":"Bag of Marbles"}],"event_choices":[{"damage_healed":0,"gold_gain":0,"player_choice":"Gave Potion","damage_taken":0,"relics_obtained":["hubris:OldNail"],"max_hp_gain":0,"max_hp_loss":0,"event_name":"WeMeetAgain","floor":4,"gold_loss":0},{"damage_healed":0,"gold_gain":0,"player_choice":"Lose Max HP","damage_taken":0,"relics_obtained":["Golden Idol"],"max_hp_gain":0,"max_hp_loss":4,"event_name":"Golden Idol","floor":14,"gold_loss":0},{"damage_healed":0,"gold_gain":0,"player_choice":"Ignored","damage_taken":0,"max_hp_gain":0,"max_hp_loss":0,"event_name":"betterNote:BetterNote","floor":22,"gold_loss":0,"cards_obtained":["Echo Form"]}],"is_beta":false,"boss_relics":[{"not_picked":["GreenFoldingFan","aspiration:RunicSpoon"],"picked":"HaiYi:Twilight"}],"items_purged_floors":[30],"is_endless":false,"potions_floor_spawned":[1,10,11,13,16,18,19,25,27,28,31],"ascension_level":0}}