{"host":"qxeepl7ydvsgmfdb","time":1608645661,"event":{"mods":["AchievementEnabler","BaseMod","Colored Powertips","Minty Spire (QoL Compilation)","Quick Restart","slay the spire mod where everything is the same but ironclad has a cowboy hat"],"gold_per_floor":[116,291,241,257,277,606,606,634,706,706,717,717,717,731,731,833,833,843,843,861,697,714,714,741,741,741,741,753,753,753],"floor_reached":29,"playtime":1121,"items_purged":[],"score":280,"play_id":"9e4c8f17-0a22-46dd-b840-d771001e48aa","local_time":"20201222090101","is_ascension_mode":true,"campfire_choices":[{"floor":7,"key":"REST"},{"floor":10,"key":"REST"},{"data":"Crippling Poison","floor":12,"key":"SMITH"},{"floor":15,"key":"REST"},{"floor":23,"key":"REST"},{"floor":25,"key":"REST"},{"floor":27,"key":"REST"}],"circlet_count":0,"master_deck":["Strike_G","Strike_G","Strike_G","Strike_G","Strike_G","Defend_G","Defend_G","Defend_G+1","Defend_G+1","Defend_G","Survivor","Neutralize","Slice","Poisoned Stab","Deadly Poison","Bane","Crippling Poison+1","Die Die Die","Deadly Poison+1","Infinite Blades","Jack Of All Trades","Slice","All Out Attack","Dagger Spray"],"relics":["Ring of the Snake","NeowsBlessing","Old Coin","Potion Belt","The Courier","WristBlade","Red Mask","Bottled Tornado"],"acts_visited":["Exordium","TheCity"],"potions_floor_usage":[6,16,22,24,28,29],"damage_taken":[{"damage":0,"enemies":"Cultist","floor":1,"turns":1},{"damage":0,"enemies":"Jaw Worm","floor":4,"turns":1},{"damage":0,"enemies":"2 Louse","floor":5,"turns":1},{"damage":27,"enemies":"Lagavulin","floor":6,"turns":5},{"damage":28,"enemies":"Gremlin Nob","floor":8,"turns":4},{"damage":15,"enemies":"Exordium Wildlife","floor":11,"turns":5},{"damage":3,"enemies":"Looter","floor":14,"turns":3},{"damage":30,"enemies":"The Guardian","floor":16,"turns":11},{"damage":15,"enemies":"Spheric Guardian","floor":18,"turns":5},{"damage":19,"enemies":"3 Byrds","floor":20,"turns":4},{"damage":12,"enemies":"Snake Plant","floor":22,"turns":4},{"damage":23,"enemies":"Masked Bandits","floor":24,"turns":5},{"damage":50,"enemies":"Snecko","floor":28,"turns":6},{"damage":12,"enemies":"Centurion and Healer","floor":29,"turns":2}],"seed_played":"-6346512860759015639","potions_obtained":[{"floor":5,"key":"Strength Potion"},{"floor":6,"key":"DuplicationPotion"},{"floor":14,"key":"AttackPotion"},{"floor":24,"key":"Swift Potion"},{"floor":28,"key":"GhostInAJar"}],"is_trial":false,"path_per_floor":["M","?","?","M","M","E","R","E","T","R","M","R","?","M","R","B",null,"M","?","M","$","M","R","?","R","T","R","M","M"],"character_chosen":"THE_SILENT","items_purchased":["Infinite Blades","CunningPotion","Jack Of All Trades"],"campfire_rested":6,"item_purchase_floors":[21,21,21],"current_hp_per_floor":[70,70,70,70,70,43,64,36,36,57,42,42,28,25,46,16,70,55,42,23,23,11,33,10,32,32,54,4,0,0],"gold":753,"neow_bonus":"THREE_ENEMY_KILL","is_daily":false,"chose_seed":false,"campfire_upgraded":1,"win_rate":0.0,"timestamp":1608645661,"path_taken":["M","?","?","?","M","E","R","E","T","R","M","R","?","M","R","BOSS","M","?","M","$","M","R","?","R","T","R","M","M"],"items_purchased_type":["Card","Potion","Card"],"build_version":"2020-12-13","purchased_purges":0,"victory":false,"max_hp_per_floor":[70,70,70,70,70,70,70,70,70,70,70,70,70,70,70,70,70,70,75,75,75,75,75,75,75,75,75,75,75,75],"card_choices":[{"not_picked":["Expertise","Prepared"],"picked":"Slice","floor":1},{"not_picked":["Crippling Poison","Dagger Throw"],"picked":"Poisoned Stab","floor":4},{"not_picked":["Calculated Gamble","Bane"],"picked":"Deadly Poison","floor":5},{"not_picked":["Heel Hook","Dagger Spray"],"picked":"Bane","floor":6},{"not_picked":["Acrobatics","Endless Agony"],"picked":"Crippling Poison","floor":8},{"not_picked":["Eviscerate","Cloak And Dagger","Endless Agony"],"picked":"SKIP","floor":11},{"not_picked":["Footwork","Catalyst"],"picked":"Die Die Die","floor":14},{"not_picked":["Bane","Blade Dance+1"],"picked":"Deadly Poison+1","floor":18},{"not_picked":["Riddle With Holes","Expertise","Dash"],"picked":"SKIP","floor":20},{"not_picked":["Prepared+1","Predator"],"picked":"Slice","floor":22},{"not_picked":["PiercingWail","Sucker Punch+1"],"picked":"All Out Attack","floor":24},{"not_picked":["Flechettes","Quick Slash+1"],"picked":"Dagger Spray","floor":28}],"player_experience":307707,"relics_obtained":[{"floor":6,"key":"Old Coin"},{"floor":8,"key":"Potion Belt"},{"floor":9,"key":"The Courier"},{"floor":24,"key":"Red Mask"},{"floor":26,"key":"Bottled Tornado"}],"event_choices":[{"damage_healed":0,"gold_gain":175,"player_choice":"AGREE","damage_taken":0,"max_hp_gain":0,"max_hp_loss":0,"event_name":"Liars Game","floor":2,"gold_loss":0,"cards_obtained":["Doubt"]},{"cards_removed":["Doubt"],"damage_healed":0,"gold_gain":0,"player_choice":"Card Removal","damage_taken":0,"max_hp_gain":0,"max_hp_loss":0,"event_name":"The Cleric","floor":3,"gold_loss":50},{"damage_healed":0,"gold_gain":0,"player_choice":"Entered Light","damage_taken":14,"max_hp_gain":0,"max_hp_loss":0,"event_name":"Shining Light","floor":13,"gold_loss":0,"cards_upgraded":["Defend_G","Defend_G"]},{"damage_healed":0,"gold_gain":0,"player_choice":"Shed Blood","damage_taken":18,"max_hp_gain":5,"max_hp_loss":0,"event_name":"Forgotten Altar","floor":19,"gold_loss":0},{"damage_healed":0,"gold_gain":0,"player_choice":"Fought Bandits","damage_taken":0,"max_hp_gain":0,"max_hp_loss":0,"event_name":"Masked Bandits","floor":24,"gold_loss":0}],"is_beta":false,"boss_relics":[{"not_picked":["Ectoplasm","Velvet Choker"],"picked":"WristBlade"}],"items_purged_floors":[],"is_endless":false,"potions_floor_spawned":[5,6,14,24,28],"killed_by":"Centurion and Healer","ascension_level":4}}