{"host":"99ad87xtd5ypi7ii","time":1608645373,"event":{"mods":["BaseMod","Hermit","Highlight Path","Marisa????????","Minty Spire (QoL Compilation)","Robot Space Explorer","StSLib","The Bladedancer","The Construct","The Cursed","The Disciple","The Gatherer","The Hierophant","The Runesmith","The Servant 0.9.4","TheVacant"],"gold_per_floor":[19,119,131,131,56,83,83,95,121,121,151,151,169,184,184,286,286,296,306,316,316,316,316,326,341,341,341,341],"floor_reached":27,"playtime":1445,"items_purged":["hermit:Strike_Hermit"],"score":250,"play_id":"74655704-feed-4ce4-92b7-8bded9d1bed4","local_time":"20201222145613","is_ascension_mode":false,"campfire_choices":[{"data":"hermit:Grudge","floor":7,"key":"SMITH"},{"data":"hermit:FinalCanter","floor":10,"key":"SMITH"},{"floor":12,"key":"REST"},{"data":"hermit:Determination","floor":15,"key":"SMITH"},{"floor":23,"key":"REST"}],"circlet_count":0,"master_deck":["hermit:Defend_Hermit","hermit:Defend_Hermit","hermit:Defend_Hermit","hermit:Defend_Hermit","hermit:Snapshot+1","hermit:Covet","hermit:FinalCanter+1","hermit:PistolWhip","hermit:Grudge+1","hermit:Quickdraw","hermit:Grudge","hermit:Determination+1","hermit:OverwhelmingPower","hermit:Virtue","Bite","Bite","Bite","Bite","Bite","Decay","hermit:SprayPray"],"relics":["hermit:Momento","Whetstone","Kunai","Sozu","Runesmith:Nanobots"],"acts_visited":["Exordium","TheCity"],"potions_floor_usage":[6,16,16,16,18],"damage_taken":[{"damage":0,"enemies":"Small Slimes","floor":1,"turns":4},{"damage":0,"enemies":"Cultist","floor":3,"turns":2},{"damage":29,"enemies":"3 Sentries","floor":6,"turns":9},{"damage":3,"enemies":"Jaw Worm","floor":8,"turns":2},{"damage":6,"enemies":"Gremlin Nob","floor":11,"turns":3},{"damage":2,"enemies":"Lots of Slimes","floor":13,"turns":3},{"damage":0,"enemies":"2 Fungi Beasts","floor":14,"turns":2},{"damage":37,"enemies":"Hexaghost","floor":16,"turns":8},{"damage":21,"enemies":"2 Thieves","floor":18,"turns":3},{"damage":6,"enemies":"Chosen","floor":19,"turns":4},{"damage":42,"enemies":"Shelled Parasite and Fungi","floor":20,"turns":5},{"damage":29,"enemies":"Cultist and Chosen","floor":24,"turns":6},{"damage":21,"enemies":"3 Cultists","floor":25,"turns":5},{"damage":14,"enemies":"Shelled Parasite and Fungi","floor":27,"turns":2}],"seed_played":"-8086237416555013238","potions_obtained":[{"floor":1,"key":"DuplicationPotion"},{"floor":4,"key":"Strength Potion"},{"floor":4,"key":"LiquidBronze"},{"floor":6,"key":"Fire Potion"},{"floor":16,"key":"Strength Potion"}],"is_trial":false,"path_per_floor":["M","?","M","?","$","E","R","M","T","R","E","R","M","M","R","B",null,"M","M","M","?","?","R","M","M","T","M"],"character_chosen":"HERMIT","items_purchased":[],"campfire_rested":2,"item_purchase_floors":[],"current_hp_per_floor":[75,75,75,75,75,46,46,43,43,43,39,61,61,63,63,28,75,54,50,10,10,10,32,17,8,8,0,0],"gold":341,"neow_bonus":"THREE_RARE_CARDS","is_daily":false,"chose_seed":false,"campfire_upgraded":3,"win_rate":0.0,"timestamp":1608645373,"path_taken":["M","?","?","?","$","E","R","M","T","R","E","R","M","M","R","BOSS","M","?","M","?","?","R","M","M","T","M"],"items_purchased_type":[],"build_version":"2020-12-13","purchased_purges":1,"victory":false,"max_hp_per_floor":[75,75,75,75,75,75,75,75,75,75,75,75,75,75,75,75,75,75,75,75,75,75,75,75,75,75,75,75],"card_choices":[{"not_picked":["hermit:Purgatory","hermit:HeroicBravado"],"picked":"hermit:FinalCanter","floor":0},{"not_picked":["hermit:Maintenance","hermit:Virtue"],"picked":"hermit:PistolWhip","floor":1},{"not_picked":["hermit:Manifest","hermit:Vantage"],"picked":"hermit:Grudge","floor":3},{"not_picked":["hermit:LowProfile","hermit:Virtue"],"picked":"hermit:Quickdraw","floor":6},{"not_picked":["hermit:CalledShot","hermit:TrackingShot"],"picked":"hermit:Grudge","floor":8},{"not_picked":["hermit:HoleUp","hermit:OverwhelmingPower","hermit:Roulette"],"picked":"SKIP","floor":11},{"not_picked":["hermit:HighCaliber","hermit:TrackingShot","hermit:Snipe"],"picked":"SKIP","floor":13},{"not_picked":["hermit:Coalescence","hermit:HighCaliber"],"picked":"hermit:Determination","floor":14},{"not_picked":["hermit:FromBeyond","hermit:DeadOrAlive"],"picked":"hermit:OverwhelmingPower","floor":16},{"not_picked":["hermit:Feint","hermit:Quickdraw","hermit:Gestalt"],"picked":"SKIP","floor":18},{"not_picked":["hermit:Manifest","hermit:Horror","hermit:Vantage+1"],"picked":"SKIP","floor":19},{"not_picked":["hermit:HoleUp","hermit:LowProfile"],"picked":"hermit:Virtue","floor":20},{"not_picked":["hermit:Combo+1","hermit:Malice+1"],"picked":"hermit:SprayPray","floor":24},{"not_picked":["hermit:Coalescence","hermit:Gestalt","hermit:BigShot"],"picked":"SKIP","floor":25}],"player_experience":823230,"relics_obtained":[{"floor":6,"key":"Whetstone"},{"floor":9,"key":"Blood Vial"},{"floor":11,"key":"Kunai"},{"floor":26,"key":"Runesmith:Nanobots"}],"event_choices":[{"damage_healed":0,"gold_gain":100,"player_choice":"Gold","damage_taken":0,"max_hp_gain":0,"max_hp_loss":0,"event_name":"Wheel of Change","floor":2,"gold_loss":0},{"damage_healed":0,"gold_gain":0,"player_choice":"Got Potions","damage_taken":0,"max_hp_gain":0,"max_hp_loss":0,"event_name":"Lab","floor":4,"gold_loss":0},{"damage_healed":0,"gold_gain":0,"player_choice":"Became a vampire (Vial)","damage_taken":0,"max_hp_gain":0,"max_hp_loss":0,"event_name":"Vampires","floor":21,"relics_lost":["Blood Vial"],"gold_loss":0,"cards_obtained":["Bite","Bite","Bite","Bite","Bite"]},{"damage_healed":0,"gold_gain":0,"player_choice":"Smashed Altar","damage_taken":0,"max_hp_gain":0,"max_hp_loss":0,"event_name":"Forgotten Altar","floor":22,"gold_loss":0,"cards_obtained":["Decay"]}],"is_beta":false,"boss_relics":[{"not_picked":["Black Star","Velvet Choker"],"picked":"Sozu"}],"items_purged_floors":[5],"is_endless":false,"potions_floor_spawned":[1,6,16,18,20,25],"killed_by":"Shelled Parasite and Fungi","ascension_level":0}}