{"host":"npubv26u89aif4fa","time":1608609865,"event":{"mods":["Astrologer","BaseMod","Better Vampires","Better-Laid Plans","Colored Powertips","GifTheSpireLib","GungeonMod","HornydragonMod","Hubris","Jedi Mod","KinomotoSakuraMod(木之本樱)","Minty Spire (QoL Compilation)","Nova Terra(诺娃・泰拉)","Quick Restart","Remilia（蕾米莉亚）","Replay The Spire","StSLib","Td1madao Mod","The Administrix","The Alterego","The Bug Knight","The Cursed","The Dragon Tamer","The Hayseed","The Mystic","The Runesmith","TheWitcher","Yuri Mod","Yuyuko","【东方二次创作】八云紫mod"],"gold_per_floor":[134,169,204,204,164,214,214,254,254,329,344,409,499,524,524,649,649,689,164,361,361,416,471,506,556,556,596,646,646,686,746,746,871,871,886,886,886,916,941,996,1031,1031,1031,1071,1086,386,401,456,456,456],"floor_reached":51,"playtime":5287,"items_purged":["jedi:RedIncense","Strike_R"],"score":954,"play_id":"cae8241d-0529-4ac1-b5b2-eb1b6af31e18","local_time":"20201222120425","daily_mods":["Allstar","Diverse","DeadlyEvents"],"is_ascension_mode":false,"campfire_choices":[{"data":"Armaments","floor":7.0,"key":"SMITH"},{"data":"Magnetism","floor":15.0,"key":"SMITH"},{"data":"Im Angry","floor":29.0,"key":"SMITH"},{"data":"GlobalNightmare","floor":32.0,"key":"SMITH"},{"data":"Strike_R","floor":42,"key":"PURGE"},{"data":"Strike_R","floor":49,"key":"PURGE"}],"circlet_count":0,"master_deck":["Strike_R","Defend_R+1","Defend_R+1","Defend_R+1","Defend_R+1","hubris:Insight","Bandage Up","HandOfGreed","Magnetism+1","Im Angry+1","Armaments+1","SfantasyHide_purple","GlobalNightmare+1","ClowCardTheSand+1","yuri:Parry+1","Runesmith:Reinforce","Burst","DemoMod:FortunesFavor","mysticmod:EnchantedMoulinet","SnafuTest:OtherWorld","Dark Shackles","Bugfix+1","ClowCardTheBig+1","alterego_mod:DestructionOfProperty","astrologer:MeteorShower+1","SnafuTest:Shooting"],"relics":["Burning Blood","Torii","hubris:MedicalManual","Blood Vial","PreservedInsect","Electric Blood","Replay:PocketPolymizer","Pen Nib","alterego_mod:SomeoneToFightFor","Shuriken","FossilizedHelix","hubris:ToyBattleship","Meat on the Bone","Replay:Bottled Eggs","Fusion Hammer","HollowMod:StagPassRelic","MealTicket","Peace Pipe","hubris:64BitClover","jedi:matchstick","DemoMod:BigBoy","Replay:Wax Seal"],"acts_visited":["Exordium","TheCity","TheBeyond"],"potions_floor_usage":[45,48],"damage_taken":[{"damage":6.0,"enemies":"Jaw Worm","floor":1.0,"turns":5.0},{"damage":2.0,"enemies":"2 Louse","floor":2.0,"turns":3.0},{"damage":1.0,"enemies":"Cultist","floor":3.0,"turns":3.0},{"damage":10.0,"enemies":"Lagavulin","floor":6.0,"turns":8.0},{"damage":11.0,"enemies":"2 Fungi Beasts","floor":8.0,"turns":6.0},{"damage":4.0,"enemies":"3 Louse","floor":10.0,"turns":8.0},{"damage":1.0,"enemies":"Looter","floor":11.0,"turns":4.0},{"damage":6.0,"enemies":"2 Fungi Beasts","floor":12.0,"turns":6.0},{"damage":28.0,"enemies":"3 Sentries","floor":13.0,"turns":13.0},{"damage":47.0,"enemies":"The Guardian","floor":16.0,"turns":13.0},{"damage":32.0,"enemies":"Spheric Guardian","floor":18.0,"turns":5.0},{"damage":28.0,"enemies":"Replay:Snechameleon","floor":22.0,"turns":6.0},{"damage":48.0,"enemies":"Slavers","floor":23.0,"turns":6.0},{"damage":17.0,"enemies":"Chosen","floor":24.0,"turns":6.0},{"damage":27.0,"enemies":"HollowMod:Nosk","floor":25.0,"turns":7.0},{"damage":28.0,"enemies":"Sentry and Sphere","floor":27.0,"turns":5.0},{"damage":36.0,"enemies":"Gremlin Leader","floor":28.0,"turns":8.0},{"damage":25.0,"enemies":"Shelled Parasite and Fungi","floor":30.0,"turns":4.0},{"damage":16.0,"enemies":"Centurion and Healer","floor":31.0,"turns":5.0},{"damage":38.0,"enemies":"Pondfish","floor":33.0,"turns":14.0},{"damage":21.0,"enemies":"Orb Walker","floor":35.0,"turns":5.0},{"damage":57,"enemies":"Giant Head","floor":38,"turns":8},{"damage":28,"enemies":"HollowMod:StalkingDevout","floor":40,"turns":9},{"damage":7,"enemies":"3 Shapes","floor":41,"turns":7},{"damage":22,"enemies":"Writhing Mass","floor":44,"turns":5},{"damage":34,"enemies":"Transient","floor":45,"turns":5},{"damage":9,"enemies":"4 Shapes","floor":47,"turns":2},{"damage":27,"enemies":"Giant Head","floor":48,"turns":6},{"damage":37,"enemies":"Replay:Hell Engine","floor":50,"turns":9}],"seed_played":"-7682526130134428503","potions_obtained":[{"floor":5.0,"key":"Reflective Coating"},{"floor":5.0,"key":"GamblersBrew"},{"floor":5.0,"key":"Cursed Concoction"},{"floor":8.0,"key":"Fire Potion"},{"floor":10.0,"key":"BlessingOfTheForge"},{"floor":12.0,"key":"Languid Potion"},{"floor":25.0,"key":"Fire Potion"},{"floor":27.0,"key":"BloodPotion"},{"floor":28.0,"key":"Block Potion"},{"floor":31.0,"key":"BloodPotion"},{"floor":45,"key":"Swift Potion"},{"floor":48,"key":"BloodPotion"}],"is_trial":false,"path_per_floor":["M","M","M","?","?","E","R","M","T","M","M","M","E","T","R","B",null,"M","$","?","?","E","E","M","E","T","M","E","R","M","M","R","B",null,"M","?","?","E","T","E","M","R","T","M","M","$","M","E","R","B",null],"character_chosen":"IRONCLAD","items_purchased":["Replay:PocketPolymizer","Pen Nib","jedi:matchstick","DemoMod:BigBoy"],"campfire_rested":0,"item_purchase_floors":[19,19,46,46],"current_hp_per_floor":[80,80,80,80,80,80,80,75,75,80,80,80,63,63,63,32,80,63,63,63,63,47,13,22,16,16,31,42,42,43,51,51,80,80,71,71,71,46,46,47,64,64,64,54,51,66,65,54,54,52],"gold":456,"neow_bonus":"","is_daily":true,"chose_seed":false,"campfire_upgraded":4,"win_rate":0.0,"timestamp":1608609865,"path_taken":["M","M","M","?","?","E","R","M","T","M","M","M","?","?","R","BOSS","M","$","?","?","?","E","M","?","T","M","E","R","?","M","R","BOSS","M","?","?","?","?","E","M","R","T","?","M","$","M","E","R","BOSS"],"items_purchased_type":["Relic","Relic","Relic","Relic"],"build_version":"2020-12-13","purchased_purges":2,"victory":true,"max_hp_per_floor":[80,80,80,80,80,80,80,80,80,80,80,80,80,80,80,80,80,80,80,80,80,80,80,80,80,80,80,80,80,80,80,80,80,80,80,80,80,80,80,80,80,80,80,80,80,80,80,80,80,80],"card_choices":[{"not_picked":["mysticmod:Alacrity","yuri:DeepBreathing"],"picked":"alterego_mod:Smother","floor":1.0},{"not_picked":["DemoMod:Unmoved","HollowMod:NewLittleFool","SnafuTest:BombDancingStar"],"picked":"SKIP","floor":2.0},{"not_picked":["DemoMod:BoxingGlove","Elegance"],"picked":"Im Angry","floor":3.0},{"not_picked":["mysticmod:PureInstinct","TheCursedMod:SurpriseAttack"],"picked":"Armaments","floor":6.0},{"not_picked":["SnafuTest:ExcessiveLevies","Fixing","Sudden Beat"],"picked":"SKIP","floor":8.0},{"not_picked":["HollowMod:DescendingDark","AdministrixMod:ExtolVirtue","Provocative"],"picked":"SKIP","floor":10.0},{"not_picked":["Oblique Hack","AdministrixMod:ImmortalPurity"],"picked":"SfantasyHide_purple","floor":11.0},{"not_picked":["TheCursedMod:SurpriseAttack","DTMod:BuildUp"],"picked":"GlobalNightmare","floor":12.0},{"not_picked":["ClowCardTheCreate","Charmbait_purple","Halt"],"picked":"SKIP","floor":13.0},{"not_picked":["AdministrixMod:GuanyinBlessing","SnafuTest:BombDimeritium+1","HollowMod:Grubsong"],"picked":"SKIP","floor":18.0},{"not_picked":["AdministrixMod:GuanyinBlessing","SnafuTest:BombDimeritium+1","HollowMod:Grubsong"],"picked":"SKIP","floor":18.0},{"not_picked":["Phantom Village","astrologer:Moonlight+1"],"picked":"ClowCardTheSand+1","floor":20.0},{"not_picked":["ClowCardTheDream","SnafuTest:SpellLivingArmor+1","Sweet of Phantom+1"],"picked":"SKIP","floor":22.0},{"not_picked":["Maim","DTMod:CleansingStrike"],"picked":"yuri:Parry+1","floor":23.0},{"not_picked":["Draining Mist","Runesmith:CraftProtectio","NovaMod:Detonation"],"picked":"SKIP","floor":24.0},{"not_picked":["yuri:Spin+1","Conclude"],"picked":"Runesmith:Reinforce","floor":25.0},{"not_picked":["TheCursedMod:StingEye+1","mysticmod:Shield","AdministrixMod:FuneraryRites"],"picked":"SKIP","floor":27.0},{"not_picked":["ClowCardTheDream","MonsterNeedle_purple","BowlingBash"],"picked":"SKIP","floor":28.0},{"not_picked":["astrologer:Conjunction","DemoMod:LifeOrb","Ahahah+1"],"picked":"SKIP","floor":30.0},{"not_picked":["HollowMod:SoulShaman+1","DTMod:Overwhelm"],"picked":"DemoMod:FortunesFavor","floor":31.0},{"not_picked":["Runesmith:ArcReactor","TheCursedMod:ForbiddenAlchemy"],"picked":"mysticmod:EnchantedMoulinet","floor":33.0},{"not_picked":["AdministrixMod:PassageOfAges","ReplayTheSpireMod:Tripwire","yuri:ThrowingKnives+1"],"picked":"SKIP","floor":35.0},{"not_picked":["Storm of Steel","Worship"],"picked":"Bugfix+1","floor":38},{"not_picked":["astrologer:CosmicExpanse+1","Boundary_DynamicStaticEquilibrium_purple"],"picked":"ClowCardTheBig+1","floor":40},{"not_picked":["Replay:DivineShield+1","TheSimpletonMod:BumperCrop","alterego_mod:GachaTicket"],"picked":"SKIP","floor":41},{"not_picked":["RainbowAttack+1","Unborn Light+1"],"picked":"astrologer:MeteorShower+1","floor":44},{"not_picked":["NovaMod:Lurk","GetToilet","Reverse The Screen"],"picked":"SKIP","floor":45},{"not_picked":["ScarletImprint","Runesmith:NegativeSpace+1","End of Faramita"],"picked":"SKIP","floor":47},{"not_picked":["Iron Wave","TheSimpletonMod:VineRipen","DemoMod:HungryBullets+1"],"picked":"SKIP","floor":48}],"player_experience":136271,"relics_obtained":[{"floor":6.0,"key":"Torii"},{"floor":9.0,"key":"hubris:MedicalManual"},{"floor":13.0,"key":"Blood Vial"},{"floor":14.0,"key":"PreservedInsect"},{"floor":22.0,"key":"Shuriken"},{"floor":23.0,"key":"FossilizedHelix"},{"floor":25.0,"key":"hubris:ToyBattleship"},{"floor":26.0,"key":"Meat on the Bone"},{"floor":28.0,"key":"Replay:Bottled Eggs"},{"floor":38,"key":"HollowMod:StagPassRelic"},{"floor":39,"key":"MealTicket"},{"floor":40,"key":"Peace Pipe"},{"floor":43,"key":"hubris:64BitClover"},{"floor":48,"key":"Replay:Wax Seal"}],"event_choices":[{"damage_healed":0.0,"max_hp_gain":0.0,"max_hp_loss":0.0,"gold_gain":0.0,"event_name":"Liars Game","player_choice":"Ignored","floor":4.0,"gold_loss":0.0,"damage_taken":0.0},{"damage_healed":0.0,"max_hp_gain":0.0,"max_hp_loss":0.0,"gold_gain":0.0,"event_name":"The Woman in Blue","player_choice":"Bought 3 Potions","floor":5.0,"gold_loss":0.0,"damage_taken":0.0},{"damage_healed":0.0,"max_hp_gain":0.0,"max_hp_loss":0.0,"gold_gain":0.0,"event_name":"爱的神圣花园","player_choice":"Choice 2","floor":21.0,"gold_loss":0.0,"damage_taken":0.0,"relics_obtained":["alterego_mod:SomeoneToFightFor"]},{"damage_healed":0.0,"max_hp_gain":0.0,"max_hp_loss":0.0,"gold_gain":0.0,"event_name":"Tomb of Lord Red Mask","player_choice":"Ignored","floor":36.0,"gold_loss":0.0,"damage_taken":0.0},{"damage_healed":0,"gold_gain":0,"player_choice":"2 cards matched","damage_taken":0,"max_hp_gain":0,"max_hp_loss":0,"event_name":"Match and Keep!","floor":37,"gold_loss":0,"cards_obtained":["SnafuTest:OtherWorld","Dark Shackles"]}],"is_beta":false,"boss_relics":[{"not_picked":["hubris:Stopwatch","Pandora\u0027s Box"],"picked":"Electric Blood"},{"not_picked":["hubris:BlackHole","jedi:paperlyon"],"picked":"Fusion Hammer"}],"items_purged_floors":[19,46],"is_endless":false,"potions_floor_spawned":[8,10,12,25,27,28,31,38,40,44,45,48],"ascension_level":0}}