{"host":"gbop6m4qugddaz18","time":1608646242,"event":{"mods":["2.2 Compatiblity","BaseMod","Better Third Choice","Block Reminder","Downfall","GifTheSpireLib","Highlight Path","Minty Spire (QoL Compilation)","Replay The Spire","StSLib"],"gold_per_floor":[109,384,40,57,132,132,147,176,176,176,176,176,196,196,196,196,196],"floor_reached":16,"playtime":632,"items_purged":["Regret"],"score":118,"play_id":"1fddf419-03ec-4a80-b425-a2cf93a86743","local_time":"20201222091042","is_ascension_mode":true,"campfire_choices":[{"data":"Neutralize","floor":6,"key":"SMITH"},{"floor":10,"key":"DIG"},{"floor":12,"key":"REST"},{"floor":15,"key":"DIG"}],"circlet_count":0,"master_deck":["Strike_G","Strike_G","Strike_G","Strike_G","Strike_G","Defend_G","Defend_G","Defend_G","Defend_G","Defend_G","Survivor","Neutralize+1","Slice","Toxin Wave","Well Laid Plans","Deadly Poison","Footwork"],"relics":["Ring of the Snake","NeowsBlessing","Juzu Bracelet","Shovel","Bottled Flame","Happy Flower","CultistMask","InkBottle"],"acts_visited":["Exordium"],"potions_floor_usage":[8],"damage_taken":[{"damage":0,"enemies":"Small Slimes","floor":1,"turns":1},{"damage":0,"enemies":"Cultist","floor":4,"turns":1},{"damage":0,"enemies":"Jaw Worm","floor":7,"turns":1},{"damage":25,"enemies":"3 Sentries","floor":8,"turns":9},{"damage":5,"enemies":"2 Fungi Beasts","floor":13,"turns":4},{"damage":50,"enemies":"Slime Boss","floor":16,"turns":7}],"seed_played":"3571710965685536167","potions_obtained":[{"floor":4,"key":"AttackPotion"}],"is_trial":false,"path_per_floor":["M","?","$","M","?","R","M","E","T","R","?","R","M","?","R","B"],"character_chosen":"THE_SILENT","items_purchased":["Toxin Wave","Well Laid Plans","Juzu Bracelet"],"campfire_rested":1,"item_purchase_floors":[3,3,3],"current_hp_per_floor":[70,70,70,70,59,59,59,34,34,34,34,55,50,43,43,0,0],"gold":196,"neow_bonus":"THREE_ENEMY_KILL","is_daily":false,"chose_seed":false,"campfire_upgraded":1,"win_rate":0.0,"timestamp":1608646242,"path_taken":["M","?","?","M","?","R","M","E","T","R","?","R","M","?","R","BOSS"],"items_purchased_type":["Card","Card","Relic"],"build_version":"2020-12-13","purchased_purges":1,"victory":false,"max_hp_per_floor":[70,70,70,70,70,70,70,70,70,70,70,70,70,70,70,70,70],"card_choices":[{"not_picked":["Acrobatics","ReplayTheSpireMod:The Works"],"picked":"Slice","floor":1},{"not_picked":["Footwork","Backflip"],"picked":"Deadly Poison","floor":4},{"not_picked":["Choke","Eviscerate","ReplayTheSpireMod:Tripwire"],"picked":"SKIP","floor":7},{"not_picked":["ReplayTheSpireMod:Scrap Shanks","Underhanded Strike"],"picked":"Footwork","floor":8},{"not_picked":["Underhanded Strike","Masterful Stab"],"picked":"Accuracy","floor":13}],"player_experience":577138,"relics_obtained":[{"floor":8,"key":"Shovel"},{"floor":9,"key":"Bottled Flame"},{"floor":10,"key":"Happy Flower"},{"floor":15,"key":"InkBottle"}],"event_choices":[{"damage_healed":0,"gold_gain":275,"player_choice":"Desecrate","damage_taken":0,"max_hp_gain":0,"max_hp_loss":0,"event_name":"Golden Shrine","floor":2,"gold_loss":0,"cards_obtained":["Regret"]},{"damage_healed":0,"gold_gain":75,"player_choice":"Gold","damage_taken":11,"max_hp_gain":0,"max_hp_loss":0,"event_name":"betterThird:BetterGoop","floor":5,"gold_loss":0},{"damage_healed":0,"gold_gain":0,"player_choice":"Trade","damage_taken":0,"relics_obtained":["CultistMask"],"max_hp_gain":0,"max_hp_loss":0,"event_name":"FaceTrader","floor":11,"gold_loss":0},{"cards_removed":["Accuracy"],"damage_healed":0,"gold_gain":0,"player_choice":"Card Removal","damage_taken":7,"max_hp_gain":0,"max_hp_loss":0,"event_name":"Golden Wing","floor":14,"gold_loss":0}],"is_beta":false,"boss_relics":[],"items_purged_floors":[3],"is_endless":false,"potions_floor_spawned":[4],"killed_by":"Slime Boss","ascension_level":4}}