{"host":"Fun","time":1608657956,"event":{"mods":["BaseMod","Colored Map","Filter the Spire","Minty Spire (QoL Compilation)","Relic Stats","StSLib"],"gold_per_floor":[112,187,206,206,220,250,262,292,292,325,325,345,360,370,370,473,473,456,487,487,487,487,487],"floor_reached":22,"playtime":758,"items_purged":[],"score":474,"play_id":"ffafeb0f-6ba8-4159-83a4-9b780d5d4945","local_time":"20201222122556","is_ascension_mode":true,"campfire_choices":[{"floor":11,"key":"REST"},{"floor":15,"key":"REST"}],"circlet_count":0,"master_deck":["AscendersBane","Strike_R","Strike_R","Strike_R","Strike_R","Defend_R","Defend_R","Defend_R","Defend_R","Bash","Barricade","Headbutt","Hemokinesis","Cleave","Flame Barrier","Body Slam","Armaments","Disarm","Juggernaut","Shockwave+1"],"relics":["Burning Blood","WarpedTongs","Eternal Feather","Blue Candle","Ornamental Fan","Turnip","Fusion Hammer","Red Mask"],"acts_visited":["Exordium","TheCity"],"potions_floor_usage":[6,14,19,19,19],"damage_taken":[{"damage":7,"enemies":"Jaw Worm","floor":1,"turns":3},{"damage":6,"enemies":"2 Louse","floor":3,"turns":2},{"damage":2,"enemies":"Cultist","floor":5,"turns":2},{"damage":17,"enemies":"Lagavulin","floor":6,"turns":7},{"damage":13,"enemies":"Exordium Thugs","floor":7,"turns":4},{"damage":18,"enemies":"Gremlin Nob","floor":8,"turns":4},{"damage":29,"enemies":"3 Sentries","floor":10,"turns":8},{"damage":6,"enemies":"Looter","floor":12,"turns":4},{"damage":2,"enemies":"3 Louse","floor":13,"turns":3},{"damage":16,"enemies":"Gremlin Gang","floor":14,"turns":4},{"damage":53,"enemies":"The Guardian","floor":16,"turns":19},{"damage":30,"enemies":"2 Thieves","floor":18,"turns":4},{"damage":34,"enemies":"Masked Bandits","floor":19,"turns":5},{"damage":11,"enemies":"Spheric Guardian","floor":22,"turns":2}],"seed_played":"-1640322329723489737","potions_obtained":[{"floor":4,"key":"Dexterity Potion"},{"floor":4,"key":"CultistPotion"},{"floor":8,"key":"GamblersBrew"},{"floor":14,"key":"SteroidPotion"},{"floor":16,"key":"EntropicBrew"}],"is_trial":false,"path_per_floor":["M","?","M","?","M","E","M","E","T","E","R","M","M","M","R","B",null,"M","?","?","?","M"],"character_chosen":"IRONCLAD","items_purchased":[],"campfire_rested":2,"item_purchase_floors":[],"current_hp_per_floor":[71,60,60,60,64,53,46,34,34,11,41,41,45,35,65,18,59,35,7,7,7,0,0],"gold":487,"neow_bonus":"THREE_RARE_CARDS","is_daily":false,"chose_seed":false,"campfire_upgraded":0,"win_rate":0.0,"timestamp":1608657956,"path_taken":["M","?","M","?","M","E","M","E","T","E","R","M","?","M","R","BOSS","M","?","?","?","M"],"items_purchased_type":[],"build_version":"2020-12-18","purchased_purges":0,"victory":false,"max_hp_per_floor":[72,72,72,72,72,72,72,72,72,72,72,72,72,72,72,72,72,72,72,72,72,72,72],"relic_stats":{"counters":[14,71],"Ornamental Fan":[24],"Blue Candle":[0],"Eternal Feather":18,"Turnip":[0],"obtain_stats":[{"Ornamental Fan":9,"Blue Candle":8,"Eternal Feather":6,"Turnip":10,"Fusion Hammer":17,"Red Mask":19,"Burning Blood":0,"WarpedTongs":1},{"Ornamental Fan":6,"Blue Candle":6,"Eternal Feather":4,"Turnip":7,"Fusion Hammer":11,"Red Mask":13,"Burning Blood":0,"WarpedTongs":1},{"Ornamental Fan":22,"Blue Candle":22,"Eternal Feather":14,"Turnip":30,"Fusion Hammer":60,"Red Mask":69,"Burning Blood":0,"WarpedTongs":1}],"Burning Blood":78,"WarpedTongs":[65]},"card_choices":[{"not_picked":["Clash","Thunderclap"],"picked":"Headbutt","floor":1},{"not_picked":["Havoc","Metallicize"],"picked":"Hemokinesis","floor":3},{"not_picked":["Anger","Headbutt"],"picked":"Cleave","floor":5},{"not_picked":["Warcry","Dark Embrace","Carnage"],"picked":"SKIP","floor":6},{"not_picked":["Hemokinesis","Searing Blow"],"picked":"Flame Barrier","floor":7},{"not_picked":["Limit Break","Spot Weakness"],"picked":"Body Slam","floor":8},{"not_picked":["Sentinel","Iron Wave","Second Wind"],"picked":"SKIP","floor":10},{"not_picked":["Heavy Blade","Cleave"],"picked":"Armaments","floor":12},{"not_picked":["Dual Wield","Evolve","Searing Blow"],"picked":"SKIP","floor":13},{"not_picked":["Headbutt","Heavy Blade"],"picked":"Disarm","floor":14},{"not_picked":["Corruption","Double Tap"],"picked":"Juggernaut","floor":16},{"not_picked":["Pommel Strike","Warcry"],"picked":"Shockwave+1","floor":18}],"player_experience":84436,"relics_obtained":[{"floor":6,"key":"Eternal Feather"},{"floor":8,"key":"Blue Candle"},{"floor":9,"key":"Ornamental Fan"},{"floor":10,"key":"Turnip"},{"floor":19,"key":"Red Mask"}],"event_choices":[{"damage_healed":0,"gold_gain":75,"player_choice":"Gather Gold","damage_taken":11,"max_hp_gain":0,"max_hp_loss":0,"event_name":"World of Goop","floor":2,"gold_loss":0},{"damage_healed":0,"gold_gain":0,"player_choice":"Got Potions","damage_taken":0,"max_hp_gain":0,"max_hp_loss":0,"event_name":"Lab","floor":4,"gold_loss":0},{"damage_healed":0,"gold_gain":0,"player_choice":"Fought Bandits","damage_taken":0,"max_hp_gain":0,"max_hp_loss":0,"event_name":"Masked Bandits","floor":19,"gold_loss":0},{"damage_healed":0,"gold_gain":0,"player_choice":"Ignored","damage_taken":0,"max_hp_gain":0,"max_hp_loss":0,"event_name":"Cursed Tome","floor":20,"gold_loss":0},{"cards_removed":["Strike_R"],"damage_healed":0,"gold_gain":0,"player_choice":"Purged","damage_taken":0,"max_hp_gain":0,"max_hp_loss":0,"event_name":"Purifier","floor":21,"gold_loss":0}],"is_beta":true,"boss_relics":[{"not_picked":["SlaversCollar","Runic Pyramid"],"picked":"Fusion Hammer"}],"items_purged_floors":[],"is_endless":false,"potions_floor_spawned":[8,10,13,14,16,18],"killed_by":"Spheric Guardian","ascension_level":11}}