{"host":"og6lam4kt3nibbw0","time":1608663991,"event":{"mods":["AchievementEnabler","BaseMod","Colored Map","DeckTracker","Highlight Path","Keyboard Shortcuts","Minty Spire (QoL Compilation)","Permanent Neow","Quick Restart","StSLib","SuperFastMode"],"gold_per_floor":[113,128,143,153,153,153,153],"floor_reached":6,"playtime":284,"items_purged":[],"score":76,"play_id":"1c0b29d8-39b0-43f7-8e07-dde0cb76b630","local_time":"20201223040631","is_ascension_mode":true,"campfire_choices":[],"circlet_count":0,"master_deck":["AscendersBane","Strike_B","Strike_B","Strike_B","Strike_B","Defend_B","Defend_B","Defend_B","Defend_B","Zap","Dualcast","Apotheosis","Streamline","Sweeping Beam","Go for the Eyes","Leap","Zap","Lockon"],"relics":["Cracked Core"],"acts_visited":["Exordium"],"potions_floor_usage":[],"damage_taken":[{"damage":4.0,"enemies":"Small Slimes","floor":1.0,"turns":4.0},{"damage":1.0,"enemies":"Cultist","floor":2.0,"turns":3.0},{"damage":3.0,"enemies":"2 Louse","floor":3.0,"turns":2.0},{"damage":41.0,"enemies":"Gremlin Gang","floor":4.0,"turns":4.0},{"damage":15,"enemies":"Lagavulin","floor":6,"turns":5}],"seed_played":"-3347881987432351118","potions_obtained":[{"floor":2.0,"key":"FocusPotion"},{"floor":4.0,"key":"FearPotion"}],"is_trial":false,"path_per_floor":["M","M","M","M","?","E"],"character_chosen":"DEFECT","items_purchased":[],"campfire_rested":0,"item_purchase_floors":[],"current_hp_per_floor":[60,59,56,15,15,0,0],"gold":153,"neow_bonus":"RANDOM_COLORLESS_2","is_daily":false,"chose_seed":false,"campfire_upgraded":0,"win_rate":0.0,"timestamp":1608663991,"path_taken":["M","M","M","M","?","E"],"items_purchased_type":[],"build_version":"2020-12-13","purchased_purges":0,"victory":false,"max_hp_per_floor":[64,64,64,64,64,64,64],"card_choices":[{"not_picked":["Metamorphosis","Secret Technique"],"picked":"Apotheosis","floor":0.0},{"not_picked":["Hologram","Coolheaded"],"picked":"Streamline","floor":1.0},{"not_picked":["Hologram","Coolheaded"],"picked":"Sweeping Beam","floor":2.0},{"not_picked":["Stack","Cold Snap"],"picked":"Go for the Eyes","floor":3.0},{"not_picked":["Steam","Force Field"],"picked":"Leap","floor":4.0}],"player_experience":822989,"relics_obtained":[],"event_choices":[{"damage_healed":0.0,"max_hp_gain":0.0,"max_hp_loss":0.0,"gold_gain":0.0,"event_name":"Match and Keep!","player_choice":"2 cards matched","floor":5.0,"gold_loss":0.0,"damage_taken":0.0,"cards_obtained":["Zap","Lockon"]}],"is_beta":false,"boss_relics":[],"items_purged_floors":[],"is_endless":false,"potions_floor_spawned":[2,4],"killed_by":"Lagavulin","ascension_level":20}}