{"host":"1hyq8ro4135bgrmj","time":1608652824,"event":{"mods":["AchievementEnabler","BaseMod","Colored Powertips","Highlight Path","Minty Spire (QoL Compilation)","Relic Stats","StSLib"],"gold_per_floor":[118,68,68,78,97,125,125,155,155,171,171,184,184,197,197,296,296,307,307,326,18,18,18,52,52,76,91,91,111,111,139,139,244,244,254,254,254,272,75,101,111,127,127,139,162,193,219,231,243,255],"floor_reached":51,"playtime":4675,"items_purged":["Strike_G"],"score":1116,"play_id":"c2a648ef-9986-4277-bd38-52b9fd695342","local_time":"20201222100024","is_ascension_mode":true,"campfire_choices":[{"floor":7.0,"key":"REST"},{"data":"Bouncing Flask","floor":11.0,"key":"SMITH"},{"floor":15.0,"key":"REST"},{"floor":23.0,"key":"DIG"},{"floor":25.0,"key":"REST"},{"floor":30.0,"key":"REST"},{"data":"Predator","floor":32.0,"key":"SMITH"},{"data":"Dash","floor":44,"key":"SMITH"},{"data":"Survivor","floor":49,"key":"SMITH"}],"circlet_count":0,"master_deck":["AscendersBane","Survivor+1","Neutralize","Leg Sweep","Dash+1","Bouncing Flask+1","Blade Dance","Noxious Fumes","Malaise","Predator+1","Bouncing Flask","Catalyst+1","Necronomicurse","Bullet Time","Heel Hook","Reflex","Acrobatics","Footwork","Catalyst","Bouncing Flask","Catalyst+1","Backflip","Night Terror","Pain"],"relics":["Ring of the Snake","NeowsBlessing","Shovel","Gambling Chip","TungstenRod","Snecko Eye","Membership Card","Eternal Feather","Lizard Tail","Bottled Flame","Snake Skull","Necronomicon","InkBottle","Pandora\u0027s Box","Pear","Strawberry","Lantern","MawBank","WarpedTongs"],"acts_visited":["TheBeyond"],"potions_floor_usage":[50],"damage_taken":[{"damage":0.0,"enemies":"2 Louse","floor":1.0,"turns":1.0},{"damage":0.0,"enemies":"Jaw Worm","floor":4.0,"turns":1.0},{"damage":0.0,"enemies":"Cultist","floor":5.0,"turns":1.0},{"damage":22.0,"enemies":"Gremlin Nob","floor":6.0,"turns":7.0},{"damage":23.0,"enemies":"Lagavulin","floor":8.0,"turns":7.0},{"damage":2.0,"enemies":"Looter","floor":10.0,"turns":3.0},{"damage":5.0,"enemies":"Large Slime","floor":12.0,"turns":5.0},{"damage":7.0,"enemies":"3 Louse","floor":14.0,"turns":5.0},{"damage":36.0,"enemies":"Slime Boss","floor":16.0,"turns":13.0},{"damage":2.0,"enemies":"Chosen","floor":18.0,"turns":5.0},{"damage":0.0,"enemies":"Shell Parasite","floor":20.0,"turns":8.0},{"damage":58.0,"enemies":"Gremlin Leader","floor":24.0,"turns":9.0},{"damage":12.0,"enemies":"Cultist and Chosen","floor":27.0,"turns":5.0},{"damage":0.0,"enemies":"Snake Plant","floor":29.0,"turns":3.0},{"damage":4.0,"enemies":"Book of Stabbing","floor":31.0,"turns":4.0},{"damage":10.0,"enemies":"Collector","floor":33.0,"turns":7.0},{"damage":0,"enemies":"Orb Walker","floor":35,"turns":2},{"damage":5,"enemies":"3 Shapes","floor":38,"turns":3},{"damage":6,"enemies":"Giant Head","floor":40,"turns":3},{"damage":4,"enemies":"Writhing Mass","floor":41,"turns":3},{"damage":27,"enemies":"4 Shapes","floor":42,"turns":5},{"damage":0,"enemies":"Maw","floor":45,"turns":1},{"damage":0,"enemies":"Transient","floor":46,"turns":4},{"damage":0,"enemies":"Spire Growth","floor":47,"turns":2},{"damage":21,"enemies":"Time Eater","floor":50,"turns":2}],"seed_played":"6599393212915801503","potions_obtained":[{"floor":4.0,"key":"Block Potion"},{"floor":12.0,"key":"EssenceOfSteel"},{"floor":14.0,"key":"Dexterity Potion"},{"floor":16.0,"key":"SteroidPotion"},{"floor":20.0,"key":"Regen Potion"},{"floor":27.0,"key":"BlessingOfTheForge"},{"floor":33.0,"key":"Dexterity Potion"}],"is_trial":false,"path_per_floor":["M","?","?","M","M","E","R","E","T","M","R","M","?","M","R","B",null,"M","?","M","$","?","R","E","R","T","M","?","M","R","E","R","B",null,"M","?","?","M","$","E","M","M","T","R","M","M","M","?","R","B",null],"character_chosen":"THE_SILENT","items_purchased":["Membership Card","Eternal Feather","Pear","Strawberry"],"campfire_rested":4,"item_purchase_floors":[21,21,39,39],"current_hp_per_floor":[63,63,56,56,56,34,55,32,32,30,30,25,25,18,39,3,53,51,51,51,51,51,60,17,47,47,35,23,23,56,52,64,54,66,66,66,66,61,78,72,68,41,41,53,53,53,53,53,65,44],"gold":267,"neow_bonus":"THREE_ENEMY_KILL","is_daily":false,"chose_seed":false,"campfire_upgraded":4,"win_rate":0.0,"timestamp":1608652824,"path_taken":["M","?","?","M","M","E","R","E","T","M","R","M","?","?","R","BOSS","M","?","M","$","?","R","E","R","T","M","?","M","R","E","R","BOSS","M","?","?","M","$","E","M","M","T","R","M","?","M","?","R","BOSS"],"items_purchased_type":["Relic","Relic","Relic","Relic"],"build_version":"2020-12-13","purchased_purges":1,"victory":true,"max_hp_per_floor":[70,70,70,70,70,70,70,70,70,70,70,70,70,70,70,70,70,70,70,70,70,70,70,70,70,70,70,70,70,70,70,70,70,70,70,70,70,70,87,87,87,87,87,87,87,87,87,87,87,87],"relic_stats":{"counters":[13,44],"Eternal Feather":57,"Snake Skull":[177],"MawBank":96,"WarpedTongs":[2],"Lizard Tail":0,"Shovel":0,"Gambling Chip":[39],"Snecko Eye":[91,97,97,85],"Pandora\u0027s Box":["Heel Hook","Reflex","Acrobatics","Footwork","Catalyst","Tactician","Bouncing Flask"],"Necronomicon":[7],"obtain_stats":[{"Lantern":40,"Pear":39,"NeowsBlessing":0,"Eternal Feather":0,"Snake Skull":26,"MawBank":43,"WarpedTongs":48,"Lizard Tail":0,"Bottled Flame":24,"Shovel":0,"Gambling Chip":0,"Strawberry":39,"Snecko Eye":0,"Pandora\u0027s Box":34,"Necronomicon":28,"Membership Card":0,"TungstenRod":0,"InkBottle":31,"Ring of the Snake":0},{"Lantern":7,"Pear":6,"NeowsBlessing":0,"Eternal Feather":0,"Snake Skull":0,"MawBank":9,"WarpedTongs":12,"Lizard Tail":0,"Bottled Flame":0,"Shovel":0,"Gambling Chip":0,"Strawberry":6,"Snecko Eye":0,"Pandora\u0027s Box":4,"Necronomicon":1,"Membership Card":0,"TungstenRod":0,"InkBottle":3,"Ring of the Snake":0},{"Lantern":27,"Pear":24,"NeowsBlessing":0,"Eternal Feather":0,"Snake Skull":0,"MawBank":35,"WarpedTongs":42,"Lizard Tail":0,"Bottled Flame":0,"Shovel":0,"Gambling Chip":0,"Strawberry":24,"Snecko Eye":0,"Pandora\u0027s Box":19,"Necronomicon":5,"Membership Card":0,"TungstenRod":0,"InkBottle":12,"Ring of the Snake":0}],"TungstenRod":22,"InkBottle":[12],"Ring of the Snake":[26]},"card_choices":[{"not_picked":["Dodge and Roll","Sucker Punch","Outmaneuver"],"picked":"SKIP","floor":1.0},{"not_picked":["Acrobatics","Reflex"],"picked":"Leg Sweep","floor":4.0},{"not_picked":["Backflip","Slice"],"picked":"Dash","floor":5.0},{"not_picked":["Flechettes","Die Die Die"],"picked":"Bouncing Flask","floor":6.0},{"not_picked":["Dodge and Roll","Dagger Throw"],"picked":"Blade Dance","floor":8.0},{"not_picked":["Tactician","Bane","Night Terror"],"picked":"SKIP","floor":10.0},{"not_picked":["Choke","Bane","Eviscerate"],"picked":"SKIP","floor":12.0},{"not_picked":["Masterful Stab","Bane"],"picked":"Noxious Fumes","floor":14.0},{"not_picked":["After Image","Unload"],"picked":"Malaise","floor":16.0},{"not_picked":["Blade Dance+1","Outmaneuver+1"],"picked":"Predator","floor":18.0},{"not_picked":["Sucker Punch","Reflex"],"picked":"Bouncing Flask","floor":20.0},{"not_picked":["Underhanded Strike","Infinite Blades","Endless Agony"],"picked":"SKIP","floor":24.0},{"not_picked":["Dagger Throw","Burst"],"picked":"Catalyst+1","floor":27.0},{"not_picked":["Bane+1","Skewer","Backstab"],"picked":"SKIP","floor":29.0},{"not_picked":["Predator","Deadly Poison","Riddle With Holes+1"],"picked":"SKIP","floor":31.0},{"not_picked":["Night Terror","Doppelganger"],"picked":"Bullet Time","floor":33.0},{"not_picked":["Underhanded Strike","Cloak And Dagger+1","Sucker Punch+1"],"picked":"SKIP","floor":35},{"not_picked":["Deadly Poison+1","Deflect+1","Dodge and Roll"],"picked":"SKIP","floor":38},{"not_picked":["Backflip","Dodge and Roll","Flying Knee"],"picked":"SKIP","floor":40},{"not_picked":["Dodge and Roll","Flying Knee"],"picked":"Backflip","floor":40},{"not_picked":["Finisher+1","Dagger Throw","Underhanded Strike+1"],"picked":"SKIP","floor":41},{"not_picked":["Deflect","Accuracy+1","Poisoned Stab"],"picked":"SKIP","floor":42},{"not_picked":["Predator","Heel Hook+1","Dodge and Roll+1"],"picked":"SKIP","floor":45},{"not_picked":["Masterful Stab+1","Slice+1"],"picked":"Night Terror","floor":46},{"not_picked":["Bane+1","Well Laid Plans+1","Prepared"],"picked":"SKIP","floor":47}],"player_experience":397052,"relics_obtained":[{"floor":6.0,"key":"Shovel"},{"floor":8.0,"key":"Gambling Chip"},{"floor":9.0,"key":"TungstenRod"},{"floor":23.0,"key":"Lizard Tail"},{"floor":24.0,"key":"Bottled Flame"},{"floor":26.0,"key":"Snake Skull"},{"floor":28.0,"key":"Necronomicon"},{"floor":31.0,"key":"InkBottle"},{"floor":40,"key":"Lantern"},{"floor":43,"key":"MawBank"}],"event_choices":[{"cards_removed":["Strike_G"],"damage_healed":0.0,"max_hp_gain":0.0,"max_hp_loss":0.0,"gold_gain":0.0,"event_name":"The Cleric","player_choice":"Card Removal","floor":2.0,"gold_loss":50.0,"damage_taken":0.0},{"cards_removed":["Defend_G"],"damage_healed":0.0,"max_hp_gain":0.0,"max_hp_loss":0.0,"gold_gain":0.0,"event_name":"Golden Wing","player_choice":"Card Removal","floor":3.0,"gold_loss":0.0,"damage_taken":7.0},{"damage_healed":0.0,"max_hp_gain":0.0,"max_hp_loss":0.0,"gold_gain":0.0,"event_name":"Liars Game","player_choice":"Ignored","floor":13.0,"gold_loss":0.0,"damage_taken":0.0},{"damage_healed":0.0,"max_hp_gain":0.0,"max_hp_loss":0.0,"gold_gain":0.0,"event_name":"Vampires","player_choice":"Ignored","floor":19.0,"gold_loss":0.0,"damage_taken":0.0},{"damage_healed":0.0,"max_hp_gain":0.0,"max_hp_loss":0.0,"gold_gain":0.0,"event_name":"Back to Basics","player_choice":"Simplicity","floor":22.0,"gold_loss":0.0,"damage_taken":0.0,"cards_upgraded":["Strike_G","Strike_G","Strike_G","Defend_G","Defend_G","Defend_G","Defend_G"]},{"damage_healed":0.0,"max_hp_gain":0.0,"max_hp_loss":0.0,"gold_gain":0.0,"event_name":"Cursed Tome","player_choice":"Obtained Book","floor":28.0,"gold_loss":0.0,"damage_taken":16.0},{"cards_removed":["Tactician"],"damage_healed":0,"gold_gain":0,"player_choice":"Removed Skill","damage_taken":0,"max_hp_gain":0,"max_hp_loss":0,"event_name":"Falling","floor":36,"gold_loss":0},{"damage_healed":0,"gold_gain":0,"player_choice":"Copied","damage_taken":0,"max_hp_gain":0,"max_hp_loss":0,"event_name":"Duplicator","floor":37,"gold_loss":0,"cards_obtained":["Catalyst"]},{"damage_healed":0,"gold_gain":0,"player_choice":"Rummage","damage_taken":0,"relics_obtained":["WarpedTongs"],"max_hp_gain":0,"max_hp_loss":0,"event_name":"Accursed Blacksmith","floor":48,"gold_loss":0,"cards_obtained":["Pain"]}],"is_beta":false,"boss_relics":[{"not_picked":["Sozu","Calling Bell"],"picked":"Snecko Eye"},{"not_picked":["SlaversCollar","Busted Crown"],"picked":"Pandora\u0027s Box"}],"items_purged_floors":[21],"is_endless":false,"potions_floor_spawned":[4,12,14,16,20,27,33,41,42,47],"ascension_level":11}}