{"host":"anox4050deqdcqoh","time":1608673068,"event":{"mods":["BaseMod","Colored Map","Minty Spire (QoL Compilation)"],"gold_per_floor":[113,133,144,155,165,193,193,206,231,196,196,15,15,29,29,126,126,142,142,152,152,170,170,182,182,182,196,3,32,57,67,67,165,165,185,185,195,212,225,225,243,243,295,295,295],"floor_reached":44,"playtime":3653,"items_purged":["Dualcast"],"score":483,"play_id":"cfdf426a-f5ab-4d6b-9f75-a07dfec95ff2","local_time":"20201222163748","is_ascension_mode":true,"campfire_choices":[{"floor":7.0,"key":"REST"},{"floor":11.0,"key":"RECALL"},{"data":"White Noise","floor":13.0,"key":"SMITH"},{"floor":15.0,"key":"REST"},{"floor":23.0,"key":"REST"},{"floor":25.0,"key":"REST"},{"floor":32,"key":"REST"},{"floor":40,"key":"REST"},{"floor":42,"key":"REST"}],"circlet_count":0,"master_deck":["Strike_B","Strike_B","Strike_B","Strike_B","Defend_B","Defend_B","Coolheaded","Glacier","Redo","Force Field","Barrage","Capacitor","White Noise+1","Lockon","All For One","White Noise+1","Lockon+1","Beam Cell","Sweeping Beam","Recycle","Streamline+1","Capacitor","Redo","Capacitor+1","Chill+1","Seek","Consume","Melter+1","Defragment+1","Leap+1"],"relics":["Cracked Core","Anchor","Omamori","Astrolabe","HornCleat","Molten Egg 2","DollysMirror","Oddly Smooth Stone","Boot","Inserter"],"acts_visited":["Exordium","TheCity","TheBeyond"],"potions_floor_usage":[29,33,33,39],"damage_taken":[{"damage":10.0,"enemies":"Jaw Worm","floor":1.0,"turns":4.0},{"damage":5.0,"enemies":"Small Slimes","floor":2.0,"turns":4.0},{"damage":1.0,"enemies":"Cultist","floor":3.0,"turns":5.0},{"damage":4.0,"enemies":"Red Slaver","floor":4.0,"turns":6.0},{"damage":9.0,"enemies":"Exordium Thugs","floor":5.0,"turns":8.0},{"damage":30.0,"enemies":"Lagavulin","floor":6.0,"turns":11.0},{"damage":4.0,"enemies":"Large Slime","floor":8.0,"turns":11.0},{"damage":8.0,"enemies":"Lots of Slimes","floor":14.0,"turns":6.0},{"damage":30.0,"enemies":"The Guardian","floor":16.0,"turns":11.0},{"damage":23.0,"enemies":"Spheric Guardian","floor":18.0,"turns":7.0},{"damage":25.0,"enemies":"2 Thieves","floor":20.0,"turns":5.0},{"damage":2.0,"enemies":"Snecko","floor":22.0,"turns":8.0},{"damage":25.0,"enemies":"Sentry and Sphere","floor":24.0,"turns":8.0},{"damage":9,"enemies":"Centurion and Healer","floor":27,"turns":10},{"damage":41,"enemies":"Book of Stabbing","floor":29,"turns":10},{"damage":25,"enemies":"Chosen and Byrds","floor":31,"turns":8},{"damage":22,"enemies":"Champ","floor":33,"turns":12},{"damage":8,"enemies":"3 Shapes","floor":35,"turns":8},{"damage":13,"enemies":"3 Darklings","floor":37,"turns":9},{"damage":69,"enemies":"Transient","floor":38,"turns":5},{"damage":3,"enemies":"Writhing Mass","floor":39,"turns":15},{"damage":10,"enemies":"4 Shapes","floor":41,"turns":23},{"damage":63,"enemies":"Reptomancer","floor":44,"turns":4}],"seed_played":"-2965619338054829050","potions_obtained":[{"floor":2.0,"key":"DistilledChaos"},{"floor":4.0,"key":"Explosive Potion"},{"floor":5.0,"key":"LiquidMemories"},{"floor":8.0,"key":"FocusPotion"},{"floor":14.0,"key":"CultistPotion"},{"floor":18.0,"key":"FairyPotion"},{"floor":33,"key":"Fruit Juice"},{"floor":38,"key":"LiquidMemories"},{"floor":41,"key":"SteroidPotion"}],"is_trial":false,"path_per_floor":["M","M","M","M","M","E","R","M","T","?","R","$","R","M","R","B",null,"M","?","M","?","M","R","M","R","T","M","$","E","T","M","R","B",null,"M","?","M","M","M","R","M","R","T","E"],"character_chosen":"DEFECT","items_purchased":["Capacitor","White Noise","DollysMirror","Redo"],"campfire_rested":7,"item_purchase_floors":[12,12,28,28],"current_hp_per_floor":[72,67,66,62,53,23,47,43,43,63,63,63,63,55,79,49,82,59,59,34,34,32,56,31,55,55,46,46,5,5,12,36,19,87,79,97,84,15,12,41,31,60,60,0,0],"gold":295,"neow_bonus":"TEN_PERCENT_HP_BONUS","is_daily":false,"chose_seed":false,"campfire_upgraded":1,"win_rate":0.0,"timestamp":1608673068,"path_taken":["M","M","M","M","M","E","R","M","T","?","R","$","R","M","R","BOSS","M","?","M","?","M","R","M","R","T","M","$","E","?","M","R","BOSS","M","?","M","M","M","R","M","R","T","E"],"items_purchased_type":["Card","Card","Relic","Card"],"build_version":"2020-12-13","purchased_purges":1,"victory":false,"max_hp_per_floor":[82,82,82,82,82,82,82,82,82,82,82,82,82,82,82,82,82,82,82,82,82,82,82,82,82,82,82,82,82,82,82,82,87,87,87,97,97,97,97,97,97,97,97,97,97],"card_choices":[{"not_picked":["Conserve Battery","Cold Snap"],"picked":"Coolheaded","floor":1.0},{"not_picked":["Beam Cell","Turbo"],"picked":"Glacier","floor":2.0},{"not_picked":["Streamline","Recycle"],"picked":"Redo","floor":3.0},{"not_picked":["Beam Cell","Stack"],"picked":"Force Field","floor":4.0},{"not_picked":["Rainbow","Undo","Gash"],"picked":"SKIP","floor":5.0},{"not_picked":["Compile Driver","Redo","Steam"],"picked":"SKIP","floor":6.0},{"not_picked":["Steam","Leap"],"picked":"Barrage","floor":8.0},{"not_picked":["Stack","Rebound"],"picked":"Lockon","floor":14.0},{"not_picked":["Thunder Strike","Reboot"],"picked":"All For One","floor":16.0},{"not_picked":["Ball Lightning","Chaos"],"picked":"Beam Cell","floor":18.0},{"not_picked":["Steam+1","Steam Power"],"picked":"Sweeping Beam","floor":20.0},{"not_picked":["Sweeping Beam","Steam"],"picked":"Recycle","floor":22.0},{"not_picked":["Reprogram","Sweeping Beam","Doom and Gloom"],"picked":"SKIP","floor":24.0},{"not_picked":["Ball Lightning+1","Coolheaded"],"picked":"Streamline+1","floor":27},{"not_picked":["Auto Shields","Doom and Gloom+1"],"picked":"Capacitor+1","floor":29},{"not_picked":["Hello World+1","Gash+1"],"picked":"Chill+1","floor":31},{"not_picked":["Fission","Core Surge+1"],"picked":"Seek","floor":33},{"not_picked":["Redo","Sweeping Beam+1"],"picked":"Consume","floor":35},{"not_picked":["Turbo+1","Streamline+1","Recycle"],"picked":"SKIP","floor":37},{"not_picked":["Reinforced Body+1","Force Field+1"],"picked":"Melter+1","floor":38},{"not_picked":["Recycle","Rebound+1"],"picked":"Defragment+1","floor":39},{"not_picked":["Coolheaded+1","Beam Cell+1"],"picked":"Leap+1","floor":41}],"player_experience":152856,"relics_obtained":[{"floor":6.0,"key":"Anchor"},{"floor":9.0,"key":"Omamori"},{"floor":26.0,"key":"Molten Egg 2"},{"floor":29,"key":"Oddly Smooth Stone"},{"floor":30,"key":"Boot"}],"event_choices":[{"damage_healed":20.0,"max_hp_gain":0.0,"max_hp_loss":0.0,"gold_gain":0.0,"event_name":"The Cleric","player_choice":"Healed","floor":10.0,"gold_loss":35.0,"damage_taken":0.0},{"damage_healed":0.0,"max_hp_gain":0.0,"max_hp_loss":0.0,"gold_gain":0.0,"event_name":"Ghosts","player_choice":"Ignored","floor":19.0,"gold_loss":0.0,"damage_taken":0.0},{"damage_healed":0.0,"max_hp_gain":0.0,"max_hp_loss":0.0,"gold_gain":0.0,"event_name":"Addict","player_choice":"Stole Relic","floor":21.0,"gold_loss":0.0,"damage_taken":0.0,"relics_obtained":["HornCleat"],"cards_obtained":["Shame"]},{"cards_removed":["All For One"],"damage_healed":8,"gold_gain":0,"player_choice":"Offered Rare","damage_taken":0,"max_hp_gain":10,"max_hp_loss":0,"event_name":"Bonfire Elementals","floor":36,"gold_loss":0}],"is_beta":false,"boss_relics":[{"not_picked":["Snecko Eye","Runic Dome"],"picked":"Astrolabe"},{"not_picked":["Fusion Hammer","Philosopher\u0027s Stone"],"picked":"Inserter"}],"items_purged_floors":[12],"is_endless":false,"potions_floor_spawned":[2,4,5,8,14,18,22,33,38,41],"killed_by":"Reptomancer","ascension_level":1}}