{"host":"7i2b4pyo6x2376bs","time":1608616102,"event":{"mods":["BaseMod","Better Note","Colored Map","Highlight Path","Minty Spire (QoL Compilation)","Quick Restart","Rare Cards Sparkle","Shop Mod","StSLib","The Jungle"],"gold_per_floor":[119,394,413,431,446,446,466,466,466,477,493,163,196,208,208,312,312,326,326,326,326,346,346,363,30,55,73,15,15,15,34,34,34,34],"floor_reached":33,"playtime":2936,"items_purged":["Regret"],"score":404,"play_id":"2571d4a0-5173-4a4c-9548-f2d96560c652","local_time":"20201221214822","is_ascension_mode":true,"campfire_choices":[{"floor":6,"key":"REST"},{"floor":8,"key":"RECALL"},{"floor":15,"key":"REST"},{"data":"Ghostly","floor":23,"key":"SMITH"},{"floor":30,"key":"REST"},{"floor":32,"key":"REST"}],"circlet_count":0,"master_deck":["Strike_B","Strike_B","Strike_B","Strike_B","Defend_B","Defend_B","Defend_B","Defend_B","Zap","Dualcast","Glacier","Ball Lightning","Conserve Battery","Loop","Go for the Eyes+1","Seek","Doom and Gloom+1","Defragment","Storm+1","Streamline+1","Hyperbeam+1","Barrage+1","Ghostly+1","Ghostly","Ghostly","Ghostly","Ghostly","Capacitor","Static Discharge+1","Go for the Eyes+1","Beam Cell+1","Self Repair","Darkness+1","Sunder+1","Turbo+1","BootSequence+1"],"relics":["Cracked Core","Molten Egg 2","HandDrill","Gremlin Horn","Inserter","Membership Card","Toxic Egg 2"],"acts_visited":["Exordium","TheCity"],"potions_floor_usage":[5,7,21,27,33],"damage_taken":[{"damage":14,"enemies":"2 Louse","floor":1,"turns":3},{"damage":3,"enemies":"Cultist","floor":3,"turns":4},{"damage":2,"enemies":"Small Slimes","floor":4,"turns":3},{"damage":2,"enemies":"Blue Slaver","floor":5,"turns":4},{"damage":7,"enemies":"2 Fungi Beasts","floor":7,"turns":5},{"damage":13,"enemies":"Red Slaver","floor":10,"turns":3},{"damage":10,"enemies":"Lots of Slimes","floor":11,"turns":5},{"damage":30,"enemies":"3 Sentries","floor":13,"turns":5},{"damage":0,"enemies":"3 Louse","floor":14,"turns":1},{"damage":21,"enemies":"The Guardian","floor":16,"turns":8},{"damage":15,"enemies":"2 Thieves","floor":18,"turns":2},{"damage":0,"enemies":"Spheric Guardian","floor":21,"turns":1},{"damage":9,"enemies":"Snecko","floor":22,"turns":8},{"damage":11,"enemies":"Sentry and Sphere","floor":24,"turns":5},{"damage":11,"enemies":"Centurion and Healer","floor":27,"turns":7},{"damage":5,"enemies":"Snake Plant","floor":31,"turns":3},{"damage":61,"enemies":"Automaton","floor":33,"turns":6}],"seed_played":"8449225343083407396","potions_obtained":[{"floor":1,"key":"FocusPotion"},{"floor":4,"key":"ColorlessPotion"},{"floor":10,"key":"SmokeBomb"},{"floor":18,"key":"GamblersBrew"},{"floor":24,"key":"LiquidMemories"}],"is_trial":false,"path_per_floor":["M","?","M","M","M","R","M","R","T","M","M","$","E","M","R","B",null,"M","?","?","M","M","R","M","$","T","M","$","?","R","M","R","B"],"character_chosen":"DEFECT","items_purchased":["Doom and Gloom+1","HandDrill","Defragment","Membership Card","Beam Cell+1","Toxic Egg 2","Self Repair","Sunder+1","Turbo+1"],"campfire_rested":4,"item_purchase_floors":[12,12,12,25,25,25,25,28,28],"current_hp_per_floor":[61,61,58,56,54,78,71,71,71,58,48,48,18,18,42,21,67,52,41,41,41,32,32,21,21,21,17,17,17,29,24,36,0,0],"gold":34,"neow_bonus":"TEN_PERCENT_HP_BONUS","is_daily":false,"chose_seed":false,"campfire_upgraded":1,"win_rate":0.0,"timestamp":1608616102,"path_taken":["M","?","M","M","?","R","M","R","T","M","M","?","E","M","R","BOSS","M","?","?","M","M","R","M","?","T","M","$","?","R","M","R","BOSS"],"items_purchased_type":["Card","Relic","Card","Relic","Card","Relic","Card","Card","Card"],"build_version":"2020-12-13","purchased_purges":1,"victory":false,"max_hp_per_floor":[82,82,82,82,82,82,82,82,82,82,82,82,82,82,82,82,82,82,41,41,41,41,41,41,41,41,41,41,41,41,41,41,41,41],"card_choices":[{"not_picked":["Rip and Tear","Go for the Eyes"],"picked":"Glacier","floor":1},{"not_picked":["Reinforced Body","Rebound"],"picked":"Ball Lightning","floor":3},{"not_picked":["Hologram","Coolheaded"],"picked":"Conserve Battery","floor":4},{"not_picked":["Rebound","Go for the Eyes"],"picked":"Loop","floor":5},{"not_picked":["Steam Power","Barrage","Force Field"],"picked":"SKIP","floor":7},{"not_picked":["Hologram","Undo"],"picked":"Go for the Eyes+1","floor":10},{"not_picked":["Leap","Go for the Eyes+1"],"picked":"Seek","floor":11},{"not_picked":["Compile Driver+1","Hologram"],"picked":"Storm","floor":13},{"not_picked":["Consume","Steam"],"picked":"Streamline+1","floor":14},{"not_picked":["All For One+1","Fission"],"picked":"Hyperbeam+1","floor":16},{"not_picked":["Compile Driver+1","Sweeping Beam+1"],"picked":"Barrage+1","floor":18},{"not_picked":["Gash+1","Streamline+1"],"picked":"Static Discharge+1","floor":22},{"not_picked":["Coolheaded","Double Energy"],"picked":"Go for the Eyes+1","floor":24},{"not_picked":["Hologram+1","Recycle+1"],"picked":"Darkness+1","floor":27},{"not_picked":["Redo+1","Blizzard+1"],"picked":"BootSequence+1","floor":31}],"player_experience":661866,"relics_obtained":[{"floor":9,"key":"Molten Egg 2"},{"floor":13,"key":"Gremlin Horn"}],"event_choices":[{"damage_healed":0,"gold_gain":275,"player_choice":"Desecrate","damage_taken":0,"max_hp_gain":0,"max_hp_loss":0,"event_name":"Golden Shrine","floor":2,"gold_loss":0,"cards_obtained":["Regret"]},{"damage_healed":0,"gold_gain":0,"player_choice":"Became a Ghost","damage_taken":0,"max_hp_gain":0,"max_hp_loss":41,"event_name":"Ghosts","floor":19,"gold_loss":0,"cards_obtained":["Ghostly","Ghostly","Ghostly","Ghostly","Ghostly"]},{"damage_healed":0,"gold_gain":0,"player_choice":"Read","damage_taken":0,"max_hp_gain":0,"max_hp_loss":0,"event_name":"The Library","floor":20,"gold_loss":0,"cards_obtained":["Capacitor"]},{"damage_healed":0,"gold_gain":0,"player_choice":"Forge","damage_taken":0,"max_hp_gain":0,"max_hp_loss":0,"event_name":"Accursed Blacksmith","floor":29,"gold_loss":0,"cards_upgraded":["Storm"]}],"is_beta":false,"boss_relics":[{"not_picked":["Empty Cage","Runic Pyramid"],"picked":"Inserter"}],"items_purged_floors":[12],"is_endless":false,"potions_floor_spawned":[1,4,10,18,24],"killed_by":"Automaton","ascension_level":8}}