{"host":"igi9xpgoc000gxf5","time":1608671052,"event":{"mods":["BaseMod","Colored Powertips","Downfall","Googly Eyes","Minty Spire (QoL Compilation)","StSLib"],"gold_per_floor":[99,110,110,123,140,6,30,15,115,115,215,225,237,237,257,357,357,282,299,325,22,42,42,68,29,29,29,29,39,39,39,54,152,152,152,163,163,183,183,183,183,183,183,283,283,283,283,333,353,353],"floor_reached":51,"playtime":3468,"items_purged":[],"score":733,"play_id":"47c714b0-6e14-442b-a518-57f97eb039f1","local_time":"20201222220412","is_ascension_mode":false,"campfire_choices":[{"floor":1,"key":"REST"},{"data":"sneckomod:UnlimitedRolls","floor":18,"key":"SMITH"},{"floor":28,"key":"REST"},{"floor":30,"key":"REST"},{"data":"sneckomod:DangerNoodle","floor":35,"key":"SMITH"},{"data":"sneckomod:DiceCrush","floor":42,"key":"SMITH"},{"floor":45,"key":"REST"}],"circlet_count":0,"master_deck":["sneckomod:TailWhip","sneckomod:SnekBite","sneckomod:Unknown","sneckomod:Unknown","sneckomod:IronFang","sneckomod:UnknownClassBLUE+1","sneckomod:UnknownCommonSkill","sneckomod:WideSting","sneckomod:UnknownUncommonPower","sneckomod:UnknownStrike","sneckomod:UnknownBlock","sneckomod:UnknownCommonAttack","sneckomod:QuickMove","sneckomod:UnknownRareSkill+1","sneckomod:UnlimitedRolls+1","sneckomod:UnknownClassRED","sneckomod:UnknownRarePower","sneckomod:UnknownVulnerable","sneckomod:SoulCleanse","sneckomod:UnknownClassTHE_CHAMP_GRAY","sneckomod:ImprovisedAttack+1","sneckomod:UnknownEthereal","sneckomod:Unknown1Cost+1","sneckomod:DiceCrush+1","sneckomod:UnknownUncommonSkill","sneckomod:MorePower+1","sneckomod:UnknownRarePower+1","sneckomod:UnknownEthereal+1","Shame","sneckomod:QuickBite","sneckomod:QuickMove","sneckomod:UnknownRareSkill+1","sneckomod:SnekBeam","sneckomod:SlitherStrike+1","sneckomod:UnknownClassTHE_CHAMP_GRAY+1","sneckomod:UnknownRareAttack+1","sneckomod:DangerNoodle+1","CurseOfTheBell","sneckomod:UnknownRareSkill+1","sneckomod:PureSnecko+1","sneckomod:Unknown+1","sneckomod:DiceBlock+1","sneckomod:UnknownStrength+1","sneckomod:DiceBlock+1","sneckomod:UnknownRareSkill","expansioncontent:Collect","sneckomod:UnknownStrike+1","sneckomod:UnknownColorless+1","sneckomod:UnknownCommonSkill+1"],"relics":["sneckomod:SneckoSoul","Strawberry","Juzu Bracelet","Mercury Hourglass","Pandora\u0027s Box","downfall:HeartBlessingBlue","Anchor","Happy Flower","War Paint","Dream Catcher","Calling Bell","Nunchaku","Ornamental Fan","Unceasing Top","Pear","Vajra","White Beast Statue","Bird Faced Urn"],"acts_visited":["Exordium","TheCity","TheBeyond"],"potions_floor_usage":[16,16,16,32,33,48,50,50,50],"damage_taken":[{"damage":17,"enemies":"Small Slimes","floor":2,"turns":3},{"damage":9,"enemies":"2 Louse","floor":4,"turns":3},{"damage":6,"enemies":"Jaw Worm","floor":5,"turns":3},{"damage":4,"enemies":"downfall:FleeingMerchant","floor":6,"turns":4},{"damage":8,"enemies":"downfall:FleeingMerchant","floor":8,"turns":4},{"damage":8,"enemies":"Exordium Wildlife","floor":12,"turns":5},{"damage":5,"enemies":"Blue Slaver","floor":13,"turns":2},{"damage":10,"enemies":"Lots of Slimes","floor":15,"turns":3},{"damage":37,"enemies":"downfall:Watcher","floor":16,"turns":8},{"damage":10,"enemies":"Spheric Guardian","floor":19,"turns":4},{"damage":34,"enemies":"Chosen","floor":20,"turns":6},{"damage":11,"enemies":"downfall:FleeingMerchant","floor":21,"turns":4},{"damage":34,"enemies":"Centurion and Healer","floor":22,"turns":7},{"damage":25,"enemies":"downfall:FleeingMerchant","floor":25,"turns":4},{"damage":11,"enemies":"Cultist and Chosen","floor":29,"turns":4},{"damage":7,"enemies":"3 Cultists","floor":32,"turns":3},{"damage":103,"enemies":"downfall:Silent","floor":33,"turns":8},{"damage":45,"enemies":"3 Darklings","floor":36,"turns":4},{"damage":0,"enemies":"Orb Walker","floor":38,"turns":3},{"damage":48,"enemies":"downfall:LadyInBlue","floor":44,"turns":9},{"damage":0,"enemies":"Mind Bloom Boss Battle","floor":48,"turns":3},{"damage":25,"enemies":"3 Darklings","floor":49,"turns":3},{"damage":38,"enemies":"downfall:Defect","floor":50,"turns":8}],"seed_played":"823178971373026003","potions_obtained":[{"floor":2,"key":"sneckomod:MuddlingPotion"},{"floor":4,"key":"sneckomod:MuddlingPotion"},{"floor":13,"key":"CultistPotion"},{"floor":15,"key":"Fire Potion"},{"floor":22,"key":"SteroidPotion"},{"floor":29,"key":"Explosive Potion"},{"floor":33,"key":"SpeedPotion"},{"floor":36,"key":"sneckomod:MuddlingPotion"},{"floor":44,"key":"LiquidMemories"},{"floor":44,"key":"Guardian:BlockOnCardUsePotion"},{"floor":44,"key":"AttackPotion"},{"floor":48,"key":"Block Potion"},{"floor":49,"key":"Regen Potion"}],"is_trial":false,"path_per_floor":["R","M","?","M","M","$","T","$","?","?","?","M","M","T","M","B",null,"R","M","M","$","M","?","T","$","?","?","R","M","R","?","M","B",null,"R","M","?","M","?","?","T","R","?","?","R","?","?","?","M","B",null],"character_chosen":"THE_SNECKO","items_purchased":["sneckomod:UnknownUncommonPower","sneckomod:UnknownStrike","Anchor","sneckomod:UnknownUncommonSkill","sneckomod:MorePower","sneckomod:QuickMove"],"campfire_rested":4,"item_purchase_floors":[6,6,21,21,21,25],"current_hp_per_floor":[108,91,98,90,85,87,87,80,80,62,62,55,51,51,41,5,127,137,128,95,85,63,63,63,38,38,38,80,73,115,115,113,26,145,145,101,101,102,129,129,139,139,139,92,135,136,136,137,120,109],"gold":353,"neow_bonus":"TWENTY_PERCENT_HP_BONUS","is_daily":false,"chose_seed":false,"campfire_upgraded":3,"win_rate":0.0,"timestamp":1608671052,"path_taken":["R","M","?","M","M","$","T","$","?","?","?","M","M","?","M","BOSS","R","M","M","$","M","?","T","$","?","?","R","M","R","?","M","BOSS","R","M","?","M","?","?","T","R","?","?","R","?","?","?","M","BOSS"],"items_purchased_type":["Card","Card","Relic","Card","Card","Card"],"build_version":"2020-12-13","purchased_purges":0,"victory":true,"max_hp_per_floor":[108,108,115,116,117,119,119,120,120,120,120,121,122,122,122,123,127,137,138,139,140,142,142,142,142,142,142,142,143,143,143,144,145,145,145,146,146,147,129,129,139,139,139,140,141,142,142,143,145,145],"card_choices":[{"not_picked":["sneckomod:DiceBlock","sneckomod:ImprovisedAttack"],"picked":"sneckomod:IronFang","floor":2},{"not_picked":["sneckomod:UnknownWeak","sneckomod:DiceBlock"],"picked":"sneckomod:UnknownClassBLUE","floor":4},{"not_picked":["sneckomod:SoulRoll","sneckomod:QuickMove"],"picked":"sneckomod:UnknownCommonSkill","floor":5},{"not_picked":["sneckomod:RainOfDice","sneckomod:DefensiveFlair"],"picked":"sneckomod:WideSting","floor":6},{"not_picked":["sneckomod:QuickBite","sneckomod:Nope"],"picked":"sneckomod:UnknownBlock","floor":8},{"not_picked":["sneckomod:ImprovisedAttack","sneckomod:SoulDraw"],"picked":"sneckomod:UnknownCommonSkill","floor":12},{"not_picked":["sneckomod:DiceBlock","sneckomod:UnknownExhaust"],"picked":"sneckomod:UnknownCommonAttack","floor":13},{"not_picked":["sneckomod:UnknownUncommonAttack","sneckomod:UnknownUncommonPower"],"picked":"sneckomod:QuickMove","floor":15},{"not_picked":["sneckomod:Cheat","sneckomod:UnknownRareAttack"],"picked":"sneckomod:UnknownRareSkill","floor":16},{"not_picked":["sneckomod:DangerNoodle","sneckomod:Mudshield"],"picked":"sneckomod:UnlimitedRolls","floor":16},{"not_picked":["sneckomod:SerpentIdol","sneckomod:DiceCrush"],"picked":"sneckomod:UnknownEthereal","floor":19},{"not_picked":["sneckomod:SoulRoll","sneckomod:QuickMove+1"],"picked":"sneckomod:Unknown1Cost+1","floor":20},{"not_picked":["sneckomod:ImprovisedGuard","sneckomod:Nope"],"picked":"sneckomod:DiceCrush","floor":21},{"not_picked":["sneckomod:UnknownEthereal+1","sneckomod:UnknownWeak+1"],"picked":"sneckomod:UnknownRarePower+1","floor":22},{"not_picked":["sneckomod:UnknownVulnerable+1","sneckomod:TrashToTreasure"],"picked":"sneckomod:UnknownEthereal+1","floor":22},{"not_picked":["sneckomod:UnknownWeak+1","sneckomod:UnknownStrike"],"picked":"sneckomod:QuickBite","floor":25},{"not_picked":["sneckomod:Unknown2Cost+1","sneckomod:Unknown3Cost+1"],"picked":"sneckomod:UnknownRareSkill+1","floor":29},{"not_picked":["sneckomod:RainOfDice","sneckomod:SerpentIdol"],"picked":"sneckomod:SnekBeam","floor":29},{"not_picked":["sneckomod:Unknown1Cost","sneckomod:SoulRoll"],"picked":"sneckomod:SlitherStrike+1","floor":32},{"not_picked":["sneckomod:UnknownCommonSkill","sneckomod:Unknown2Cost"],"picked":"sneckomod:UnknownClassTHE_CHAMP_GRAY+1","floor":32},{"not_picked":["sneckomod:UnknownUncommonSkill+1","sneckomod:Unknown1Cost+1"],"picked":"sneckomod:UnknownRareAttack+1","floor":33},{"not_picked":["sneckomod:Mudshield","sneckomod:Unknown3Cost"],"picked":"sneckomod:DangerNoodle","floor":33},{"not_picked":["sneckomod:UnknownStrike+1","sneckomod:UnknownBlock+1"],"picked":"sneckomod:UnknownRareSkill+1","floor":36},{"not_picked":["sneckomod:UnknownClassTHE_CHAMP_GRAY","sneckomod:SerpentMind"],"picked":"sneckomod:PureSnecko+1","floor":36},{"not_picked":["sneckomod:UnknownX+1","sneckomod:UnknownUncommonSkill+1"],"picked":"sneckomod:Unknown+1","floor":38},{"not_picked":["sneckomod:RainOfDice+1","sneckomod:MorePower"],"picked":"sneckomod:DiceBlock+1","floor":38},{"not_picked":["sneckomod:UnknownExhaust+1","sneckomod:UnknownX+1"],"picked":"sneckomod:UnknownStrength+1","floor":44},{"not_picked":["sneckomod:QuickMove+1","sneckomod:SoulDraw"],"picked":"sneckomod:DiceBlock+1","floor":44},{"not_picked":["sneckomod:UnknownCommonSkill","sneckomod:MasterEye"],"picked":"sneckomod:UnknownStrike","floor":45},{"not_picked":["expansioncontent:Flail","expansioncontent:BronzeBeam"],"picked":"expansioncontent:Collect","floor":47},{"not_picked":["sneckomod:Nope+1","sneckomod:Unknown1Cost"],"picked":"sneckomod:UnknownStrike+1","floor":48},{"not_picked":["sneckomod:UnknownRareAttack+1","sneckomod:UnknownStrength+1"],"picked":"sneckomod:UnknownColorless+1","floor":49},{"not_picked":["sneckomod:UnknownClassGREEN","sneckomod:QuickMove+1"],"picked":"sneckomod:UnknownCommonSkill+1","floor":49}],"player_experience":891500,"relics_obtained":[{"floor":7,"key":"Juzu Bracelet"},{"floor":24,"key":"War Paint"},{"floor":34,"key":"Nunchaku"},{"floor":34,"key":"Ornamental Fan"},{"floor":34,"key":"Unceasing Top"},{"floor":41,"key":"Pear"},{"floor":43,"key":"Vajra"},{"floor":44,"key":"White Beast Statue"},{"floor":48,"key":"Bird Faced Urn"}],"event_choices":[{"damage_healed":0,"gold_gain":0,"player_choice":"Success","damage_taken":18,"relics_obtained":["Mercury Hourglass"],"max_hp_gain":0,"max_hp_loss":0,"event_name":"Scrap Ooze","floor":10,"gold_loss":0},{"damage_healed":0,"gold_gain":0,"player_choice":"Stole Relic","damage_taken":0,"relics_obtained":["Happy Flower"],"max_hp_gain":0,"max_hp_loss":0,"event_name":"Addict","floor":23,"gold_loss":0,"cards_obtained":["Shame"]},{"damage_healed":0,"gold_gain":0,"player_choice":"Upgraded","damage_taken":0,"max_hp_gain":0,"max_hp_loss":0,"event_name":"Upgrade Shrine","floor":26,"gold_loss":0,"cards_upgraded":["sneckomod:MorePower"]},{"cards_removed":["sneckomod:UnknownCommonSkill"],"damage_healed":0,"gold_gain":0,"player_choice":"Removed Skill","damage_taken":0,"max_hp_gain":0,"max_hp_loss":0,"event_name":"Falling","floor":37,"gold_loss":0},{"damage_healed":0,"gold_gain":0,"player_choice":"Ignored","damage_taken":0,"max_hp_gain":0,"max_hp_loss":0,"event_name":"Mysterious Sphere","floor":40,"gold_loss":0},{"damage_healed":0,"gold_gain":0,"cards_transformed":["sneckomod:UnknownStrike"],"player_choice":"Transformed","damage_taken":0,"max_hp_gain":0,"max_hp_loss":0,"event_name":"Transmorgrifier","floor":46,"gold_loss":0,"cards_obtained":["sneckomod:UnknownRareSkill"]}],"is_beta":false,"boss_relics":[{"not_picked":["Astrolabe","Snecko Eye"],"picked":"Pandora\u0027s Box"},{"not_picked":["SacredBark","Philosopher\u0027s Stone"],"picked":"Calling Bell"}],"items_purged_floors":[],"is_endless":false,"potions_floor_spawned":[2,4,13,15,22,29,33,36,48,49],"ascension_level":0}}