{"host":"27cnk69rbdk9vsnt","time":1608633090,"event":{"mods":["BaseMod","Beaked The Cultist","Duelist Mod","Ekko","Energized Spire","Glutton Mod","JesterMod","Jorbs\u0027s Wanderer Trilogy","Mimic Mod","Minty Spire (QoL Compilation)","Shop Mod","StSLib","The Elementalist","Thieving Mod"],"gold_per_floor":[118,132,152,168,183,183,165,165,165,165,196,206,206,236,236,365,365,385,385,400,400,412,412,327,327,396,416,416,416,428,454,454,479,479],"floor_reached":33,"playtime":2487,"items_purged":[],"score":354,"play_id":"d206f4d1-b684-4ade-853b-42d63806e8e1","local_time":"20201222113130","is_ascension_mode":false,"campfire_choices":[{"data":"elementalist:Firestrike","floor":6,"key":"SMITH"},{"data":"elementalist:Fission_Lance","floor":8,"key":"SMITH"},{"data":"elementalist:Earthstrike","floor":10,"key":"SMITH"},{"data":"elementalist:Flame","floor":13,"key":"SMITH"},{"floor":15,"key":"REST"},{"data":"elementalist:Rising_Vapors","floor":23,"key":"SMITH"},{"data":"elementalist:Flame","floor":25,"key":"SMITH"},{"data":"elementalist:Emberveil","floor":29,"key":"SMITH"},{"data":"elementalist:Emberveil","floor":32,"key":"SMITH"}],"circlet_count":0,"master_deck":["elementalist:Fire_Emblem+1","elementalist:Strike+Elemblue+1","elementalist:Defend_Elemblue+1","elementalist:Defend_Elemblue+1","elementalist:Defend_Elemblue+1","elementalist:Defend_Elemblue+1","elementalist:Defend_Elemblue+1","elementalist:Firestrike+1","elementalist:Earthstrike+1","elementalist:Waterstrike+1","elementalist:Airstrike+1","elementalist:Crystal_Chalk","elementalist:Emberveil+1","elementalist:Overheat","elementalist:Flame+1","elementalist:Momentum","elementalist:Emberveil+1","elementalist:Flame+1","elementalist:Fission_Lance+1","elementalist:Rising_Vapors+1","elementalist:Spark+1","elementalist:Blaze+1","elementalist:Ferruchemy","elementalist:Kiln","elementalist:Flame+1","elementalist:Flame+1","elementalist:Solar_Form+1","elementalist:Cauterize+1","elementalist:Multification","elementalist:Overheat+1","elementalist:Solar_Form+1","elementalist:Solar_Form+1"],"relics":["elementalistmod:MagusStaff","elementalistmod:RedRibbon","Molten Egg 2","Gremlin Horn","Frozen Egg 2","Busted Crown","Darkstone Periapt","StrikeDummy","Question Card","Juzu Bracelet"],"acts_visited":["Exordium","TheCity"],"potions_floor_usage":[5,5,11,14,33,33],"damage_taken":[{"damage":6,"enemies":"Cultist","floor":1,"turns":5},{"damage":2,"enemies":"Jaw Worm","floor":2,"turns":6},{"damage":7,"enemies":"Small Slimes","floor":3,"turns":5},{"damage":0,"enemies":"3 Louse","floor":4,"turns":4},{"damage":19,"enemies":"Exordium Wildlife","floor":5,"turns":6},{"damage":13,"enemies":"Exordium Thugs","floor":7,"turns":4},{"damage":6,"enemies":"Gremlin Nob","floor":11,"turns":4},{"damage":6,"enemies":"3 Louse","floor":12,"turns":3},{"damage":17,"enemies":"Lagavulin","floor":14,"turns":9},{"damage":36,"enemies":"Hexaghost","floor":16,"turns":11},{"damage":0,"enemies":"3 Byrds","floor":18,"turns":3},{"damage":10,"enemies":"Spheric Guardian","floor":20,"turns":4},{"damage":2,"enemies":"Snake Plant","floor":22,"turns":4},{"damage":26,"enemies":"Centurion and Healer","floor":27,"turns":5},{"damage":10,"enemies":"3 Cultists","floor":30,"turns":3},{"damage":0,"enemies":"theDuelist:KaibaA2","floor":31,"turns":2},{"damage":55,"enemies":"Collector","floor":33,"turns":6}],"seed_played":"-8457935330281334798","potions_obtained":[{"floor":2,"key":"Fire Potion"},{"floor":5,"key":"Fruit Juice"},{"floor":7,"key":"BlessingOfTheForge"},{"floor":12,"key":"SkillPotion"},{"floor":16,"key":"Weak Potion"},{"floor":20,"key":"Dexterity Potion"},{"floor":22,"key":"LiquidMemories"},{"floor":30,"key":"FearPotion"}],"is_trial":false,"path_per_floor":["M","M","M","M","M","R","M","R","T","R","E","M","R","E","R","B",null,"M","?","M","?","M","R","?","R","T","M","?","R","M","E","R","B"],"character_chosen":"THE_ELEMENTALIST","items_purchased":[],"campfire_rested":1,"item_purchase_floors":[],"current_hp_per_floor":[71,69,62,62,48,48,35,35,35,35,29,26,26,12,36,2,84,84,84,74,74,72,72,72,72,72,46,46,46,36,36,36,0,0],"gold":479,"neow_bonus":"TEN_PERCENT_HP_BONUS","is_daily":false,"chose_seed":false,"campfire_upgraded":8,"win_rate":0.0,"timestamp":1608633090,"path_taken":["M","M","M","M","M","R","M","R","T","R","E","M","R","E","R","BOSS","M","?","M","?","?","R","?","R","T","M","?","R","M","E","R","BOSS"],"items_purchased_type":[],"build_version":"2020-12-13","purchased_purges":0,"victory":false,"max_hp_per_floor":[77,77,77,77,82,82,82,82,82,82,82,82,82,82,82,84,84,84,84,84,84,84,84,84,84,84,84,84,84,84,84,84,88,88],"card_choices":[{"not_picked":["elementalist:Caution","elementalist:Confluence"],"picked":"elementalist:Emberveil","floor":1},{"not_picked":["elementalist:Mist","elementalist:Vaccuum"],"picked":"elementalist:Overheat","floor":2},{"not_picked":["elementalist:Geomancy","elementalist:Momentum"],"picked":"elementalist:Flame","floor":3},{"not_picked":["elementalist:Gaian_Form","elementalist:Wards"],"picked":"elementalist:Momentum","floor":4},{"not_picked":["elementalist:Low_Tides","elementalist:Cyclone"],"picked":"elementalist:Emberveil","floor":5},{"not_picked":["elementalist:Geomancy","elementalist:Undertow"],"picked":"elementalist:Flame","floor":7},{"not_picked":["elementalist:Emberveil","elementalist:Mist"],"picked":"elementalist:Rising_Vapors","floor":11},{"not_picked":["elementalist:Wards","elementalist:Stone_to_Mud"],"picked":"elementalist:Spark+1","floor":12},{"not_picked":["elementalist:Stone_to_Mud","elementalist:Mage_Hand"],"picked":"elementalist:Ferruchemy","floor":14},{"not_picked":["elementalist:Multification","elementalist:Heavensfall+1"],"picked":"elementalist:Kiln","floor":16},{"not_picked":[],"picked":"elementalist:Flame+1","floor":18},{"not_picked":[],"picked":"elementalist:Flame+1","floor":20},{"not_picked":[],"picked":"elementalist:Solar_Form+1","floor":22},{"not_picked":["elementalist:Etherstrike+1"],"picked":"elementalist:Multification","floor":27},{"not_picked":["elementalist:Emberveil"],"picked":"elementalist:Overheat+1","floor":30},{"not_picked":["elementalist:Fission_Lance+1"],"picked":"elementalist:Solar_Form+1","floor":31}],"player_experience":507682,"relics_obtained":[{"floor":9,"key":"Molten Egg 2"},{"floor":11,"key":"Gremlin Horn"},{"floor":14,"key":"Frozen Egg 2"},{"floor":26,"key":"Question Card"},{"floor":31,"key":"Juzu Bracelet"}],"event_choices":[{"damage_healed":0,"gold_gain":0,"player_choice":"Ignored","damage_taken":0,"max_hp_gain":0,"max_hp_loss":0,"event_name":"Cursed Tome","floor":19,"gold_loss":0},{"damage_healed":0,"gold_gain":0,"player_choice":"Gave Potion","damage_taken":0,"relics_obtained":["Darkstone Periapt"],"max_hp_gain":0,"max_hp_loss":0,"event_name":"WeMeetAgain","floor":21,"gold_loss":0},{"damage_healed":0,"gold_gain":0,"player_choice":"Obtained Relic","damage_taken":0,"relics_obtained":["StrikeDummy"],"max_hp_gain":0,"max_hp_loss":0,"event_name":"Addict","floor":24,"gold_loss":85},{"damage_healed":0,"gold_gain":0,"player_choice":"Simplicity","damage_taken":0,"max_hp_gain":0,"max_hp_loss":0,"event_name":"Back to Basics","floor":28,"gold_loss":0,"cards_upgraded":["elementalist:Strike+Elemblue","elementalist:Defend_Elemblue","elementalist:Defend_Elemblue","elementalist:Defend_Elemblue","elementalist:Defend_Elemblue","elementalist:Defend_Elemblue","elementalist:Waterstrike","elementalist:Airstrike"]}],"is_beta":false,"boss_relics":[{"not_picked":["Runic Dome","energizedSpire:NeverEndingSparkler"],"picked":"Busted Crown"}],"items_purged_floors":[],"is_endless":false,"potions_floor_spawned":[2,5,7,12,16,20,22,30,31],"killed_by":"Collector","ascension_level":0}}