{"host":"9dfaar78vv55a585","time":1608618860,"event":{"mods":["Aspiration","BaseMod","Better Third Choice","BetterRewards","Conspire","DeckTracker","Energized Spire","Glutton Mod","Halation","Hermit","Hubris","Infinite Spire","Lobotomy","LobotomyExtend","Mad Scientist","Minty Spire (QoL Compilation)","Permanent Neow","Potionbrewer","Replay The Spire","Shop Mod","Spicy Shops","Spikes Relics","StSLib","SuperFastMode","Trackpad","vexMod"],"gold_per_floor":[117,117,42,53,67,96,96,112,163,175,175,189,189,99,99],"floor_reached":14,"playtime":554,"items_purged":["Pain"],"score":92,"play_id":"8cc0a6a3-d487-4ecb-aed7-d2bdb1d3c588","local_time":"20201222063420","is_ascension_mode":false,"campfire_choices":[{"floor":7,"key":"REST"}],"circlet_count":0,"master_deck":["potionbrewer:ChemicalSpill","potionbrewer:Collect","potionbrewer:PotionbrewerDefend","potionbrewer:PotionbrewerDefend","potionbrewer:PotionbrewerDefend","potionbrewer:PotionbrewerDefend","potionbrewer:PotionbrewerStrike","potionbrewer:PotionbrewerStrike","potionbrewer:PotionbrewerStrike","potionbrewer:PotionbrewerStrike"],"relics":["potionbrewer:PotionKit"],"acts_visited":["Exordium"],"potions_floor_usage":[6,10],"damage_taken":[{"damage":0,"enemies":"2 Louse","floor":1,"turns":3},{"damage":0,"enemies":"Jaw Worm","floor":4,"turns":1},{"damage":0,"enemies":"Small Slimes","floor":5,"turns":2},{"damage":21,"enemies":"Gremlin Nob","floor":6,"turns":4},{"damage":16,"enemies":"3 Louse","floor":8,"turns":6},{"damage":0,"enemies":"2 Fungi Beasts","floor":10,"turns":3},{"damage":5,"enemies":"Looter","floor":12,"turns":4}],"seed_played":"2375592634846297271","potions_obtained":[{"floor":4,"key":"Weak Potion"},{"floor":5,"key":"SpeedPotion"},{"floor":6,"key":"DuplicationPotion"},{"floor":8,"key":"FairyPotion"},{"floor":10,"key":"Adrenaline Potion"}],"is_trial":false,"path_per_floor":["M","?","$","M","M","E","R","M","T","M","?","M","?","$"],"character_chosen":"POTIONBREWER","items_purchased":["halation:Convergence"],"campfire_rested":1,"item_purchase_floors":[14],"current_hp_per_floor":[75,75,75,75,75,54,75,59,59,59,59,54,54,55,55],"gold":99,"neow_bonus":"UPGRADE_CARD","is_daily":false,"chose_seed":false,"campfire_upgraded":0,"win_rate":0.0,"timestamp":1608618860,"path_taken":["M","?","$","M","M","E","R","M","T","M","?","M","?","$"],"items_purchased_type":["Relic"],"build_version":"2020-12-13","purchased_purges":1,"victory":false,"max_hp_per_floor":[75,75,75,75,75,75,75,75,75,75,75,75,75,55,55],"card_choices":[{"not_picked":["potionbrewer:VolatileSolution","potionbrewer:HazardousMaterials","potionbrewer:Contingency"],"picked":"SKIP","floor":1},{"not_picked":["ReplayTheSpireMod:??????????????????????","infinitespire:SevenWalls"],"picked":"infinitespire:FinalStrike","floor":2},{"not_picked":["potionbrewer:Spark","potionbrewer:FlashPowder","potionbrewer:ExothermicReaction"],"picked":"SKIP","floor":4},{"not_picked":["potionbrewer:QuickStep","potionbrewer:CausticBarrier","potionbrewer:PortableLab"],"picked":"SKIP","floor":5},{"not_picked":["potionbrewer:Smack","potionbrewer:Refill","potionbrewer:BrokenBeakers"],"picked":"SKIP","floor":6},{"not_picked":["potionbrewer:Smokescreen","potionbrewer:Contingency","potionbrewer:OneTwoPunch"],"picked":"potionbrewer:Prototype","floor":8},{"not_picked":["potionbrewer:TestSubject","potionbrewer:Brandish"],"picked":"potionbrewer:LeftoverSpecimen","floor":10},{"not_picked":["potionbrewer:CausticBarrier","potionbrewer:TimeBomb","potionbrewer:ChainReaction"],"picked":"SKIP","floor":12}],"player_experience":82789,"relics_obtained":[{"floor":6,"key":"trackpad:SappingStone"},{"floor":9,"key":"aspiration:ChemicalBlood"}],"event_choices":[{"damage_healed":0,"gold_gain":0,"player_choice":"Disagree","damage_taken":0,"max_hp_gain":0,"max_hp_loss":0,"event_name":"conspire:LoneGhost","floor":11,"gold_loss":0}],"is_beta":false,"boss_relics":[],"items_purged_floors":[3],"is_endless":false,"potions_floor_spawned":[4,5,6,8,10],"ascension_level":0}}