{"host":"4qkvkh7pd9qr2mca","time":1608601152,"event":{"mods":["AchievementEnabler","BaseMod","Colored Map","Colored Powertips","Highlight Path","Minty Spire (QoL Compilation)","Permanent Neow","Quick Restart","StSLib","SuperFastMode"],"gold_per_floor":[16,26,37,88,103,103,119,148,148,177,177,194,207,242,242,314,314,328,1,17,33,46,77,77,77,77,92,107,132,132,166,166,237,237,253,124,136,152,172,205,205,37,61,61,61,78,78,95,95,95,95],"floor_reached":52,"playtime":2982,"items_purged":["Strike_R","Shame","Strike_R"],"score":2086,"play_id":"343569b6-5ac9-4b20-a8c5-211db526451a","local_time":"20201222023912","is_ascension_mode":true,"campfire_choices":[{"data":"Feed","floor":6.0,"key":"SMITH"},{"floor":11.0,"key":"REST"},{"data":"Uppercut","floor":15.0,"key":"SMITH"},{"data":"Dual Wield","floor":25.0,"key":"SMITH"},{"floor":30.0,"key":"REST"},{"floor":32.0,"key":"REST"},{"floor":41,"key":"REST"},{"floor":45,"key":"REST"},{"floor":47,"key":"REST"},{"data":"Sentinel","floor":49,"key":"SMITH"}],"circlet_count":0,"master_deck":["AscendersBane","Strike_R","Strike_R","Strike_R","Defend_R","Defend_R","Defend_R","Defend_R","Bash","Master of Strategy+1","Anger","Thunderclap","Feed+1","Dual Wield+1","Battle Trance","Dark Embrace+1","Shockwave+1","Uppercut+1","Corruption+1","Rage","Dark Embrace+1","Flame Barrier","Evolve+1","Sentinel","Sentinel+1","Entrench","Burning Pact+1","Barricade+1","Wild Strike","Shrug It Off","Thunderclap","Dual Wield+1","Body Slam","Metallicize+1","Madness","Madness"],"relics":["Burning Blood","Potion Belt","Orichalcum","Frozen Egg 2","Bronze Scales","Sundial","Philosopher\u0027s Stone","Medical Kit","War Paint","Prayer Wheel","Shuriken","StrikeDummy","Juzu Bracelet","Busted Crown","Blood Vial","Smiling Mask"],"acts_visited":["Exordium","TheCity","TheBeyond"],"potions_floor_usage":[37,37,50,51],"damage_taken":[{"damage":2.0,"enemies":"Cultist","floor":1.0,"turns":4.0},{"damage":15.0,"enemies":"Small Slimes","floor":2.0,"turns":3.0},{"damage":7.0,"enemies":"Jaw Worm","floor":3.0,"turns":3.0},{"damage":2.0,"enemies":"Looter","floor":5.0,"turns":4.0},{"damage":19.0,"enemies":"Blue Slaver","floor":7.0,"turns":6.0},{"damage":15.0,"enemies":"3 Sentries","floor":8.0,"turns":6.0},{"damage":18.0,"enemies":"Gremlin Nob","floor":10.0,"turns":4.0},{"damage":0.0,"enemies":"2 Fungi Beasts","floor":12.0,"turns":2.0},{"damage":5.0,"enemies":"Exordium Wildlife","floor":13.0,"turns":4.0},{"damage":12.0,"enemies":"3 Sentries","floor":14.0,"turns":5.0},{"damage":34.0,"enemies":"Hexaghost","floor":16.0,"turns":9.0},{"damage":12.0,"enemies":"Chosen","floor":18.0,"turns":5.0},{"damage":5.0,"enemies":"3 Byrds","floor":20.0,"turns":3.0},{"damage":13.0,"enemies":"Sentry and Sphere","floor":21.0,"turns":5.0},{"damage":0.0,"enemies":"Centurion and Healer","floor":22.0,"turns":5.0},{"damage":21.0,"enemies":"Book of Stabbing","floor":23.0,"turns":4.0},{"damage":48.0,"enemies":"Shelled Parasite and Fungi","floor":27.0,"turns":6.0},{"damage":13.0,"enemies":"Snecko","floor":28.0,"turns":4.0},{"damage":0.0,"enemies":"Gremlin Leader","floor":29.0,"turns":3.0},{"damage":48.0,"enemies":"Slavers","floor":31.0,"turns":4.0},{"damage":31.0,"enemies":"Champ","floor":33.0,"turns":8.0},{"damage":0,"enemies":"Orb Walker","floor":35,"turns":2},{"damage":28,"enemies":"3 Darklings","floor":37,"turns":3},{"damage":0,"enemies":"Maw","floor":38,"turns":5},{"damage":39,"enemies":"Jaw Worm Horde","floor":39,"turns":4},{"damage":31,"enemies":"Nemesis","floor":40,"turns":5},{"damage":29,"enemies":"Sphere and 2 Shapes","floor":46,"turns":3},{"damage":13,"enemies":"Writhing Mass","floor":48,"turns":4},{"damage":107,"enemies":"Awakened One","floor":50,"turns":8},{"damage":56,"enemies":"Time Eater","floor":51,"turns":7}],"seed_played":"-7447668179536211075","potions_obtained":[{"floor":1.0,"key":"ElixirPotion"},{"floor":3.0,"key":"Energy Potion"},{"floor":7.0,"key":"EntropicBrew"},{"floor":8.0,"key":"ColorlessPotion"},{"floor":12.0,"key":"SkillPotion"},{"floor":14.0,"key":"HeartOfIron"},{"floor":18.0,"key":"SkillPotion"},{"floor":21.0,"key":"SteroidPotion"},{"floor":27.0,"key":"FearPotion"},{"floor":28.0,"key":"Fire Potion"},{"floor":29.0,"key":"AttackPotion"},{"floor":31.0,"key":"GamblersBrew"},{"floor":37,"key":"Fruit Juice"},{"floor":38,"key":"Ancient Potion"},{"floor":46,"key":"Fire Potion"}],"is_trial":false,"path_per_floor":["M","M","M","T","M","R","M","E","T","E","R","M","M","E","R","B",null,"M","$","M","M","M","E","?","R","T","M","M","E","R","E","R","B",null,"M","$","M","M","M","E","R","$","T","?","R","M","R","M","R","B","B",null],"character_chosen":"IRONCLAD","items_purchased":["Dark Embrace+1","Medical Kit","Shrug It Off","Metallicize+1"],"campfire_rested":6,"item_purchase_floors":[19,19,36,42],"current_hp_per_floor":[72,63,62,62,66,66,53,48,48,40,64,74,79,77,77,49,84,78,78,83,80,94,79,79,79,79,45,42,52,90,52,91,66,115,125,125,112,122,93,72,118,118,118,90,136,119,160,153,153,58,10],"gold":95,"neow_bonus":"RANDOM_COLORLESS_2","is_daily":false,"chose_seed":false,"campfire_upgraded":4,"win_rate":0.0,"timestamp":1608601152,"path_taken":["M","M","?","?","M","R","M","E","T","E","R","M","M","E","R","BOSS","M","$","M","M","M","E","?","R","T","M","M","E","R","E","R","BOSS","M","$","M","M","M","E","R","$","T","?","R","M","R","M","R","BOSS","BOSS"],"items_purchased_type":["Card","Relic","Card","Card"],"build_version":"2020-12-13","purchased_purges":3,"victory":true,"max_hp_per_floor":[75,75,75,75,75,75,75,79,79,83,83,87,91,95,95,95,95,95,95,99,103,111,111,111,111,111,119,123,127,127,131,131,131,131,135,135,144,148,152,156,156,156,156,156,156,160,160,160,160,164,164],"card_choices":[{"not_picked":["Chrysalis","Panache"],"picked":"Master of Strategy","floor":0.0},{"not_picked":["Reckless Charge","Body Slam"],"picked":"Anger","floor":1.0},{"not_picked":["Flex","Headbutt"],"picked":"Thunderclap","floor":2.0},{"not_picked":["Armaments","Headbutt","Thunderclap"],"picked":"SKIP","floor":3.0},{"not_picked":["Rage","Blood for Blood"],"picked":"Feed","floor":5.0},{"not_picked":["Flame Barrier","Clash"],"picked":"Dual Wield","floor":7.0},{"not_picked":["Anger","Armaments"],"picked":"Battle Trance","floor":8.0},{"not_picked":["Pummel","Burning Pact"],"picked":"Dark Embrace+1","floor":10.0},{"not_picked":["Entrench","Seeing Red"],"picked":"Shockwave","floor":12.0},{"not_picked":["Clothesline","Twin Strike"],"picked":"Uppercut","floor":13.0},{"not_picked":["Shockwave","Bludgeon","Warcry"],"picked":"SKIP","floor":14.0},{"not_picked":["Double Tap","Demon Form+1"],"picked":"Corruption+1","floor":16.0},{"not_picked":["Havoc","Dual Wield"],"picked":"Rage","floor":18.0},{"not_picked":["Twin Strike","Carnage"],"picked":"Flame Barrier","floor":20.0},{"not_picked":["Sword Boomerang+1","Flex"],"picked":"Evolve+1","floor":21.0},{"not_picked":["Reckless Charge","Searing Blow+1"],"picked":"Sentinel","floor":22.0},{"not_picked":["Shrug It Off","Entrench"],"picked":"Sentinel","floor":23.0},{"not_picked":["Armaments","Clash+1"],"picked":"Entrench","floor":27.0},{"not_picked":["Clothesline","Warcry","Heavy Blade"],"picked":"SKIP","floor":27.0},{"not_picked":["Heavy Blade","Spot Weakness"],"picked":"Burning Pact+1","floor":28.0},{"not_picked":["Shockwave","Uppercut","Perfected Strike"],"picked":"SKIP","floor":28.0},{"not_picked":["Anger+1","Sentinel"],"picked":"Barricade+1","floor":29.0},{"not_picked":["Bloodletting","Flex"],"picked":"Wild Strike","floor":31.0},{"not_picked":["Twin Strike"],"picked":"SKIP","floor":35},{"not_picked":["Inflame+1"],"picked":"SKIP","floor":35},{"not_picked":[],"picked":"Thunderclap","floor":37},{"not_picked":[],"picked":"Dual Wield+1","floor":37},{"not_picked":["Carnage"],"picked":"SKIP","floor":38},{"not_picked":["Pommel Strike"],"picked":"SKIP","floor":38},{"not_picked":[],"picked":"Body Slam","floor":39},{"not_picked":["Combust+1"],"picked":"SKIP","floor":39},{"not_picked":["Dual Wield"],"picked":"SKIP","floor":40},{"not_picked":["Sword Boomerang"],"picked":"SKIP","floor":46},{"not_picked":["Anger+1"],"picked":"SKIP","floor":46},{"not_picked":["Spot Weakness"],"picked":"SKIP","floor":48},{"not_picked":["Hemokinesis"],"picked":"SKIP","floor":48}],"player_experience":478507,"relics_obtained":[{"floor":4.0,"key":"Potion Belt"},{"floor":8.0,"key":"Orichalcum"},{"floor":9.0,"key":"Frozen Egg 2"},{"floor":10.0,"key":"Bronze Scales"},{"floor":14.0,"key":"Sundial"},{"floor":23.0,"key":"War Paint"},{"floor":26.0,"key":"Shuriken"},{"floor":29.0,"key":"StrikeDummy"},{"floor":31.0,"key":"Juzu Bracelet"},{"floor":40,"key":"Blood Vial"},{"floor":43,"key":"Smiling Mask"}],"event_choices":[{"damage_healed":0.0,"max_hp_gain":0.0,"max_hp_loss":0.0,"gold_gain":0.0,"event_name":"Addict","player_choice":"Stole Relic","floor":24.0,"gold_loss":0.0,"damage_taken":0.0,"relics_obtained":["Prayer Wheel"],"cards_obtained":["Shame"]},{"damage_healed":0,"gold_gain":0,"player_choice":"Embrace Madness","damage_taken":28,"max_hp_gain":0,"max_hp_loss":0,"event_name":"Winding Halls","floor":44,"gold_loss":0,"cards_obtained":["Madness","Madness"]}],"is_beta":false,"boss_relics":[{"not_picked":["Empty Cage","Pandora\u0027s Box"],"picked":"Philosopher\u0027s Stone"},{"not_picked":["Calling Bell","Sozu"],"picked":"Busted Crown"}],"items_purged_floors":[19,36,42],"is_endless":false,"potions_floor_spawned":[1,3,7,8,12,14,18,21,27,28,29,31,37,38,46],"ascension_level":20}}