{"host":"f5n4tidiz2n5sooh","time":1608616997,"event":{"mods":["BaseMod","Bestiary","Colored Map","Minty Spire (QoL Compilation)","Relic Stats","StSLib"],"gold_per_floor":[163,8,83,83,94,7,7,26,107,136,146,146,146,146],"floor_reached":13,"playtime":387,"items_purged":["Strike_R"],"score":166,"play_id":"89c9985f-1d08-4cae-be00-3774a68f7187","local_time":"20201222000317","is_ascension_mode":true,"campfire_choices":[{"floor":7,"key":"REST"},{"floor":12,"key":"REST"}],"circlet_count":0,"master_deck":["AscendersBane","Strike_R","Strike_R","Strike_R","Strike_R","Defend_R","Defend_R","Defend_R","Defend_R","Bash+1","Twin Strike","Whirlwind","Feel No Pain","Inflame","Flame Barrier","Offering","Second Wind"],"relics":["Tiny House","Question Card","Blood Vial"],"acts_visited":["Exordium"],"potions_floor_usage":[10],"damage_taken":[{"damage":7,"enemies":"Cultist","floor":1,"turns":4},{"damage":5,"enemies":"2 Louse","floor":5,"turns":2},{"damage":0,"enemies":"Small Slimes","floor":8,"turns":3},{"damage":9,"enemies":"3 Sentries","floor":10,"turns":15},{"damage":13,"enemies":"2 Fungi Beasts","floor":11,"turns":3},{"damage":52,"enemies":"Lagavulin","floor":13,"turns":7}],"seed_played":"4371530911178245198","potions_obtained":[{"floor":0,"key":"Swift Potion"},{"floor":5,"key":"Dexterity Potion"}],"is_trial":false,"path_per_floor":["M","$","?","?","M","$","R","M","T","E","M","R","E"],"character_chosen":"IRONCLAD","items_purchased":["Feel No Pain","Flame Barrier"],"campfire_rested":2,"item_purchase_floors":[2,6],"current_hp_per_floor":[66,66,55,10,5,5,29,29,29,20,9,33,0,0],"gold":146,"neow_bonus":"BOSS_RELIC","is_daily":false,"chose_seed":false,"campfire_upgraded":0,"win_rate":0.0,"timestamp":1608616997,"path_taken":["M","?","?","?","M","$","R","M","T","E","M","R","E"],"items_purchased_type":["Card","Card"],"build_version":"2020-12-13","purchased_purges":1,"victory":false,"max_hp_per_floor":[80,80,80,80,80,80,80,80,80,80,80,80,80,80],"relic_stats":{"Blood Vial":4,"counters":[6,34],"Question Card":2,"obtain_stats":[{"Blood Vial":10,"Tiny House":0,"Question Card":9,"Burning Blood":0},{"Blood Vial":4,"Tiny House":0,"Question Card":3,"Burning Blood":0},{"Blood Vial":24,"Tiny House":0,"Question Card":9,"Burning Blood":0}]},"card_choices":[{"not_picked":["Body Slam","Headbutt"],"picked":"Twin Strike","floor":0},{"not_picked":["Heavy Blade","Headbutt"],"picked":"Whirlwind","floor":1},{"not_picked":["Headbutt","Perfected Strike"],"picked":"Inflame","floor":5},{"not_picked":["Havoc","Armaments"],"picked":"Offering","floor":8},{"not_picked":["Body Slam","Thunderclap","Dropkick"],"picked":"Second Wind","floor":10},{"not_picked":["Thunderclap","Wild Strike","Second Wind","Inflame"],"picked":"SKIP","floor":11}],"player_experience":1912368,"relics_obtained":[{"floor":9,"key":"Question Card"},{"floor":10,"key":"Blood Vial"}],"event_choices":[{"damage_healed":0,"gold_gain":75,"player_choice":"Gather Gold","damage_taken":11,"max_hp_gain":0,"max_hp_loss":0,"event_name":"World of Goop","floor":3,"gold_loss":0},{"damage_healed":0,"gold_gain":0,"player_choice":"Fled","damage_taken":45,"max_hp_gain":0,"max_hp_loss":0,"event_name":"Scrap Ooze","floor":4,"gold_loss":0}],"is_beta":false,"boss_relics":[],"items_purged_floors":[2],"is_endless":false,"potions_floor_spawned":[5],"killed_by":"Lagavulin","ascension_level":20}}