{"host":"4nqeo0vu1vuav7gg","time":1608649800,"event":{"mods":["AchievementEnabler","BaseMod","Block Reminder","Colored Map","Colored Powertips","Highlight Path","Minty Spire (QoL Compilation)","Quick Restart","Rare Cards Sparkle","Relic Relevance Reorder","StSLib"],"gold_per_floor":[119,134,134,134,150,150,225,251,251,20,20,53,53,81,81,153,153,163,163,175,185,185,185,185],"floor_reached":23,"playtime":940,"items_purged":["Strike_B"],"score":373,"play_id":"032576d2-07ee-48c9-8592-98815d99a158","local_time":"20201222161000","is_ascension_mode":true,"campfire_choices":[{"data":"Hyperbeam","floor":6.0,"key":"SMITH"},{"floor":11.0,"key":"REST"},{"floor":13.0,"key":"REST"},{"floor":15.0,"key":"REST"}],"circlet_count":0,"master_deck":["AscendersBane","Strike_B+1","Strike_B","Defend_B","Defend_B","Defend_B","Defend_B","Zap+1","Dualcast","Hyperbeam+1","BootSequence+1","Ball Lightning","Sunder","Skim","Self Repair","Redo","Conserve Battery","Self Repair","Seek","Barrage","Seek","Ball Lightning"],"relics":["Cracked Core","Blue Candle","Bronze Scales","Bag of Marbles","Philosopher\u0027s Stone","Whetstone"],"acts_visited":["Exordium","TheCity"],"potions_floor_usage":[],"damage_taken":[{"damage":0.0,"enemies":"2 Louse","floor":1.0,"turns":1.0},{"damage":0.0,"enemies":"Small Slimes","floor":2.0,"turns":2.0},{"damage":0.0,"enemies":"Cultist","floor":5.0,"turns":2.0},{"damage":12.0,"enemies":"Gremlin Nob","floor":8.0,"turns":3.0},{"damage":22.0,"enemies":"Lagavulin","floor":12.0,"turns":6.0},{"damage":29.0,"enemies":"Gremlin Nob","floor":14.0,"turns":4.0},{"damage":57.0,"enemies":"The Guardian","floor":16.0,"turns":11.0},{"damage":6.0,"enemies":"2 Thieves","floor":18.0,"turns":3.0},{"damage":5.0,"enemies":"Spheric Guardian","floor":20.0,"turns":3.0},{"damage":33.0,"enemies":"Centurion and Healer","floor":21.0,"turns":6.0},{"damage":64,"enemies":"Gremlin Leader","floor":23,"turns":6}],"seed_played":"2918430748748219534","potions_obtained":[{"floor":1.0,"key":"SpeedPotion"},{"floor":4.0,"key":"EntropicBrew"},{"floor":4.0,"key":"Swift Potion"},{"floor":5.0,"key":"FocusPotion"},{"floor":12.0,"key":"Strength Potion"},{"floor":14.0,"key":"FairyPotion"},{"floor":16.0,"key":"Fire Potion"}],"is_trial":false,"path_per_floor":["M","M","?","?","M","R","?","E","T","$","R","E","R","E","R","B",null,"M","?","M","M","?","E"],"character_chosen":"DEFECT","items_purchased":["Self Repair","Redo","Conserve Battery"],"campfire_rested":3,"item_purchase_floors":[10,10,10],"current_hp_per_floor":[64,64,43,43,43,43,32,20,20,20,41,26,47,25,46,24,59,67,67,71,52,52,0,0],"gold":185,"neow_bonus":"ONE_RANDOM_RARE_CARD","is_daily":false,"chose_seed":false,"campfire_upgraded":1,"win_rate":0.0,"timestamp":1608649800,"path_taken":["M","M","?","?","?","R","?","E","T","?","R","E","R","E","R","BOSS","M","?","M","?","?","E"],"items_purchased_type":["Card","Card","Card"],"build_version":"2020-12-13","purchased_purges":1,"victory":false,"max_hp_per_floor":[71,71,71,71,71,71,71,71,71,71,71,71,71,71,71,71,71,71,71,71,71,71,71,71],"card_choices":[{"not_picked":["Auto Shields","Leap"],"picked":"BootSequence","floor":1.0},{"not_picked":["Skim","Consume"],"picked":"Ball Lightning","floor":2.0},{"not_picked":["Leap","Steam"],"picked":"Sunder","floor":5.0},{"not_picked":["Gash","Rip and Tear"],"picked":"Skim","floor":8.0},{"not_picked":["Streamline","All For One","Multi-Cast"],"picked":"SKIP","floor":12.0},{"not_picked":["Redo","Blizzard"],"picked":"Self Repair","floor":14.0},{"not_picked":["Machine Learning","Amplify"],"picked":"Seek","floor":16.0},{"not_picked":["Stack+1","Streamline"],"picked":"Barrage","floor":18.0},{"not_picked":["Streamline","Redo","Sweeping Beam"],"picked":"SKIP","floor":20.0},{"not_picked":["Streamline","Leap"],"picked":"Ball Lightning","floor":21.0}],"player_experience":980441,"relics_obtained":[{"floor":8.0,"key":"Blue Candle"},{"floor":9.0,"key":"Bronze Scales"},{"floor":12.0,"key":"Bag of Marbles"},{"floor":14.0,"key":"Whetstone"}],"event_choices":[{"damage_healed":0.0,"max_hp_gain":0.0,"max_hp_loss":0.0,"gold_gain":0.0,"event_name":"Shining Light","player_choice":"Entered Light","floor":3.0,"gold_loss":0.0,"damage_taken":21.0,"cards_upgraded":["Zap","BootSequence"]},{"damage_healed":0.0,"max_hp_gain":0.0,"max_hp_loss":0.0,"gold_gain":0.0,"event_name":"Lab","player_choice":"Got Potions","floor":4.0,"gold_loss":0.0,"damage_taken":0.0},{"damage_healed":0.0,"max_hp_gain":0.0,"max_hp_loss":0.0,"gold_gain":75.0,"event_name":"World of Goop","player_choice":"Gather Gold","floor":7.0,"gold_loss":0.0,"damage_taken":11.0},{"damage_healed":0.0,"max_hp_gain":0.0,"max_hp_loss":0.0,"gold_gain":0.0,"event_name":"Duplicator","player_choice":"Copied","floor":19.0,"gold_loss":0.0,"damage_taken":0.0,"cards_obtained":["Seek"]},{"cards_removed":["Strike_B"],"damage_healed":0.0,"max_hp_gain":0.0,"max_hp_loss":0.0,"gold_gain":0.0,"event_name":"Back to Basics","player_choice":"Elegance","floor":22.0,"gold_loss":0.0,"damage_taken":0.0}],"is_beta":false,"boss_relics":[{"not_picked":["SlaversCollar","SacredBark"],"picked":"Philosopher\u0027s Stone"}],"items_purged_floors":[10],"is_endless":false,"potions_floor_spawned":[1,5,12,14,16],"killed_by":"Gremlin Leader","ascension_level":16}}