{"host":"k5ezbu40hxyit46v","time":1608671016,"event":{"mods":["Act Like it!","Aspiration","Astrologer","BaseMod","BetterRewards","Conspire","DeckTracker","Energized Spire","Googly Eyes","Halation","HexUI Lib","Highlight Path","Hubris","Infinite Spire","Jedi Mod","Mad Scientist","Marisa????????","Minty Spire (QoL Compilation)","Quarter Circle Forward PUNCH!","Quick Restart","Replay The Spire","Reworked Bosses","Shop Mod","Spikes Relics","StSLib","The Administrix","The Awakened One except there are too many feathers","The Bladedancer","The Cursed","The IronCluck","The Servant 0.9.4","The Wild Card","everything is the same but u backflip on backflip","slay the spire mod where everything is the same but ironclad has a cowboy hat","vexMod"],"gold_per_floor":[111,111,130,2,16,51,51,78,103,103,121,121,135,163,163,238,238,251,268,268,268,284,319,319,331,358,273,273,287,318,333,333,410,410,424,135,135,135,153,153,169,197,197,232,1,0,0,13,13,13,13],"floor_reached":52,"playtime":1645,"items_purged":["Strike_G","Strike_G","Strike_G","Strike_G","Spreading Infection"],"score":2140,"play_id":"641f9777-5fd0-43d2-a7a9-983ec7507d9c","local_time":"20201222160336","is_ascension_mode":true,"campfire_choices":[{"floor":7.0,"key":"REST"},{"data":"Poison Darts","floor":7.0,"key":"SMITH"},{"data":"Poisoned Stab","floor":10.0,"key":"SMITH"},{"floor":15.0,"key":"REST"},{"data":"Poison Darts+1","floor":15.0,"key":"SMITH"},{"floor":24.0,"key":"REST"},{"data":"infinitespire:Collect","floor":24.0,"key":"SMITH"},{"data":"infinitespire:Collect+1","floor":32.0,"key":"SMITH"},{"floor":40,"key":"REST"},{"data":"astrologer:TheFool","floor":40,"key":"SMITH"},{"floor":49,"key":"REST"},{"data":"infinitespire:Collect+3","floor":49,"key":"SMITH"}],"circlet_count":0,"master_deck":["AscendersBane","Defend_G","Defend_G","Defend_G","Defend_G+1","Defend_G+1","Survivor+1","Neutralize+1","Poisoned Stab+1","Flying Knee","Dagger Throw","Poison Darts+2","Poisoned Stab+1","Toxin Wave+1","Corpse Explosion+1","hubris:InfiniteBlow+20","Assess+1","astrologer:TheFool+1","infinitespire:Collect+4"],"relics":["Ring of the Snake","NeowsBlessing","infinitespire:Magic Flask","halation:TwoAmDonut","Replay:Mystery Machine","conspire:InfiniteJournal","ReplayTheSpireMod:SealedPack","hubris:AncientText","vexMod:ImprovementManual","qcfpunch:School_Backpack","jedi:crownofsimplicity","Strawberry","Potion Belt","halation:LettersToHer","Busted Crown","Membership Card","War Paint","qcfpunch:Unceasing_Flame","aspiration:HummingbirdHeart","halation:BottledLove","Pantograph","Replay:Wax Seal","Guide Book","Red Mask"],"acts_visited":["Exordium","TheCity","TheBeyond"],"potions_floor_usage":[42,50,50,50,51,51,51,51,51],"damage_taken":[{"damage":0.0,"enemies":"Cultist","floor":1.0,"turns":1.0},{"damage":0.0,"enemies":"Small Slimes","floor":3.0,"turns":1.0},{"damage":0.0,"enemies":"Jaw Worm","floor":5.0,"turns":1.0},{"damage":26.0,"enemies":"Lagavulin","floor":6.0,"turns":7.0},{"damage":15.0,"enemies":"3 Sentries","floor":8.0,"turns":7.0},{"damage":2.0,"enemies":"2 Fungi Beasts","floor":11.0,"turns":3.0},{"damage":2.0,"enemies":"Exordium Thugs","floor":13.0,"turns":4.0},{"damage":8.0,"enemies":"Gremlin Nob","floor":14.0,"turns":3.0},{"damage":51.0,"enemies":"Fading Forest","floor":16.0,"turns":13.0},{"damage":17.0,"enemies":"Spheric Guardian","floor":18.0,"turns":4.0},{"damage":0.0,"enemies":"Chosen","floor":19.0,"turns":1.0},{"damage":0.0,"enemies":"Centurion and Healer","floor":22.0,"turns":3.0},{"damage":25.0,"enemies":"Slavers","floor":23.0,"turns":6.0},{"damage":0.0,"enemies":"Cultist and Chosen","floor":25.0,"turns":4.0},{"damage":6.0,"enemies":"Snake Plant","floor":29.0,"turns":3.0},{"damage":2.0,"enemies":"Book of Stabbing","floor":30.0,"turns":2.0},{"damage":0.0,"enemies":"Centurion and Healer","floor":31.0,"turns":2.0},{"damage":32.0,"enemies":"Automaton","floor":33.0,"turns":5.0},{"damage":0.0,"enemies":"3 Shapes","floor":35.0,"turns":2.0},{"damage":0,"enemies":"Orb Walker","floor":39,"turns":2},{"damage":10,"enemies":"Maw","floor":41,"turns":4},{"damage":0,"enemies":"Reptomancer","floor":42,"turns":2},{"damage":0,"enemies":"Giant Head","floor":44,"turns":4},{"damage":0,"enemies":"Spire Growth","floor":48,"turns":1},{"damage":12,"enemies":"bossMod:newAwakened","floor":50,"turns":5},{"damage":0,"enemies":"bossMod:newShapes","floor":51,"turns":2}],"seed_played":"-1077302741023799244","potions_obtained":[{"floor":1.0,"key":"SmokeBomb"},{"floor":3.0,"key":"Swift Potion"},{"floor":6.0,"key":"SneckoOil"},{"floor":11.0,"key":"Adrenaline Potion"},{"floor":16.0,"key":"Milkshake"},{"floor":18.0,"key":"BlessingOfTheForge"},{"floor":19.0,"key":"SteroidPotion"},{"floor":25.0,"key":"Strength Potion"},{"floor":29.0,"key":"jedi:StrikingPotion"},{"floor":30.0,"key":"Milkshake"},{"floor":37,"key":"BlessingOfTheForge"},{"floor":41,"key":"DuplicationPotion"},{"floor":42,"key":"SmokeBomb"},{"floor":48,"key":"FearPotion"}],"is_trial":false,"path_per_floor":["M","?","M","$","M","E","R","E","T","R","M","?","M","E","R","B",null,"M","M","?","AVR","M","E","R","M","T","?","?","M","E","M","R","B",null,"M","$","?","AVR","M","R","M","E","T","E","$","?","$","M","R","B","B",null],"character_chosen":"THE_SILENT","items_purchased":["Flying Knee","Membership Card","War Paint","Replay:Wax Seal","Guide Book","EntropicBrew"],"campfire_rested":5,"item_purchase_floors":[4,36,36,45,45,45],"current_hp_per_floor":[59,59,59,59,59,33,52,37,37,37,35,35,33,25,44,1,50,33,33,33,33,33,8,27,27,34,34,73,67,65,65,65,33,63,63,63,63,63,63,73,63,63,63,63,63,63,63,63,73,61,73],"gold":13,"neow_bonus":"THREE_ENEMY_KILL","is_daily":false,"chose_seed":false,"campfire_upgraded":7,"win_rate":0.0,"timestamp":1608671016,"path_taken":["M","?","?","?","?","E","R","E","T","R","M","?","M","E","R","BOSS","M","M","?","AVR","M","E","R","M","T","?","?","M","E","M","R","BOSS","M","$","?","AVR","M","R","?","E","T","E","$","?","?","M","R","BOSS","BOSS"],"items_purchased_type":["Card","Relic","Relic","Relic","Relic","Potion"],"build_version":"2020-12-13","purchased_purges":5,"victory":true,"max_hp_per_floor":[66,66,66,66,66,66,66,66,66,66,66,66,66,66,66,66,66,66,66,66,66,66,66,66,66,73,73,73,73,73,73,73,73,73,73,73,73,73,73,73,73,73,73,73,73,73,73,73,73,73,73],"card_choices":[{"not_picked":["Masterful Stab","Underhanded Strike","Backflip"],"picked":"SKIP","floor":1.0},{"not_picked":["Cloak And Dagger","Prepared"],"picked":"Poisoned Stab","floor":3.0},{"not_picked":["Outmaneuver","Acrobatics"],"picked":"Dagger Throw","floor":5.0},{"not_picked":["Crippling Poison","Leg Sweep"],"picked":"Poison Darts","floor":6.0},{"not_picked":["Endless Agony","jedi:pocketpoison","hubris:SlightOfHand"],"picked":"SKIP","floor":8.0},{"not_picked":["Deadly Poison","Underhanded Strike"],"picked":"Poisoned Stab","floor":11.0},{"not_picked":["Toxin Wave","ReplayTheSpireMod:Scrap Shanks","ShadowRift"],"picked":"SKIP","floor":13.0},{"not_picked":["ReplayTheSpireMod:Scrap Shanks","ShadowRift"],"picked":"Toxin Wave","floor":13.0},{"not_picked":["Poisoned Stab","Dodge and Roll","Underhanded Strike"],"picked":"SKIP","floor":14.0},{"not_picked":["After Image","A Thousand Cuts"],"picked":"Corpse Explosion","floor":16.0},{"not_picked":["Replay:Fractal Strike","infinitespire:SealOfDarkness+"],"picked":"hubris:InfiniteBlow+4","floor":17.0},{"not_picked":["Discovery","Mind Blast"],"picked":"Assess","floor":17.0},{"not_picked":["AdministrixMod:BlueCloak","KidneyShot"],"picked":"astrologer:TheFool","floor":17.0},{"not_picked":["PiercingWail","Deadly Poison","Underhanded Strike"],"picked":"SKIP","floor":18.0},{"not_picked":["ReplayTheSpireMod:The Works","Deflect","Underhanded Strike"],"picked":"SKIP","floor":19.0},{"not_picked":["Setup","Bane","Quick Slash"],"picked":"SKIP","floor":22.0},{"not_picked":["Steam","Sweeping Beam","Cold Snap"],"picked":"SKIP","floor":23.0},{"not_picked":["PiercingWail","Underhanded Strike","Bane"],"picked":"SKIP","floor":23.0},{"not_picked":["Barrage","Gash","jedi:BurstFrost"],"picked":"SKIP","floor":25.0},{"not_picked":["Dagger Spray","Grand Finale","Flying Knee"],"picked":"SKIP","floor":25.0},{"not_picked":["Crystallizer+1","jedi:BurstLightning","BasicCrystalCard+1"],"picked":"SKIP","floor":29.0},{"not_picked":["Backstab","hubris:Sniper","PiercingWail"],"picked":"SKIP","floor":29.0},{"not_picked":["TalkToTheHand","Study","BattleHymn"],"picked":"SKIP","floor":30.0},{"not_picked":["Toxin Wave","Outmaneuver","Deadly Poison"],"picked":"SKIP","floor":30.0},{"not_picked":["Backflip","Deadly Poison+1","ReplayTheSpireMod:Speed Training"],"picked":"SKIP","floor":31.0},{"not_picked":["Flying Knee+1"],"picked":"SKIP","floor":35.0},{"not_picked":["Deflect"],"picked":"SKIP","floor":39},{"not_picked":["Caltrops"],"picked":"SKIP","floor":41},{"not_picked":["Masterful Stab"],"picked":"SKIP","floor":42},{"not_picked":["Crippling Poison+1"],"picked":"SKIP","floor":44},{"not_picked":["Slice+1"],"picked":"SKIP","floor":48}],"player_experience":1204019,"relics_obtained":[{"floor":6.0,"key":"infinitespire:Magic Flask"},{"floor":8.0,"key":"halation:TwoAmDonut"},{"floor":9.0,"key":"Replay:Mystery Machine"},{"floor":14.0,"key":"conspire:InfiniteJournal"},{"floor":20.0,"key":"hubris:AncientText"},{"floor":23.0,"key":"jedi:crownofsimplicity"},{"floor":26.0,"key":"Strawberry"},{"floor":30.0,"key":"halation:LettersToHer"},{"floor":42,"key":"aspiration:HummingbirdHeart"},{"floor":43,"key":"halation:LettersToHer"},{"floor":43,"key":"halation:BottledLove"},{"floor":44,"key":"Pantograph"}],"event_choices":[{"cards_removed":["Strike_G"],"damage_healed":0.0,"max_hp_gain":0.0,"max_hp_loss":0.0,"gold_gain":0.0,"event_name":"Bonfire Elementals","player_choice":"Offered Basic","floor":2.0,"gold_loss":0.0,"damage_taken":0.0},{"damage_healed":0.0,"max_hp_gain":0.0,"max_hp_loss":0.0,"gold_gain":0.0,"event_name":"Upgrade Shrine","player_choice":"Upgraded","floor":12.0,"gold_loss":0.0,"damage_taken":0.0,"cards_upgraded":["Poisoned Stab"]},{"damage_healed":0.0,"max_hp_gain":0.0,"max_hp_loss":0.0,"gold_gain":0.0,"event_name":"Addict","player_choice":"Obtained Relic","floor":27.0,"gold_loss":85.0,"damage_taken":0.0,"relics_obtained":["Potion Belt"]},{"damage_healed":39.0,"max_hp_gain":0.0,"max_hp_loss":0.0,"gold_gain":0.0,"event_name":"Wheel of Change","player_choice":"Full Heal","floor":28.0,"gold_loss":0.0,"damage_taken":0.0},{"damage_healed":0,"gold_gain":0,"player_choice":"Got Potions","damage_taken":0,"max_hp_gain":0,"max_hp_loss":0,"event_name":"Lab","floor":37,"gold_loss":0},{"damage_healed":0,"gold_gain":0,"player_choice":"Paid","damage_taken":0,"relics_obtained":["Red Mask"],"max_hp_gain":0,"max_hp_loss":0,"event_name":"Tomb of Lord Red Mask","floor":46,"gold_loss":1}],"is_beta":false,"boss_relics":[{"not_picked":["hubris:HollowSoul","vexMod:TanglingVine"],"picked":"ReplayTheSpireMod:SealedPack"},{"not_picked":["WristBlade","energizedSpire:MagnifyingGlass"],"picked":"Busted Crown"}],"items_purged_floors":[4,21,36,38,45],"is_endless":false,"potions_floor_spawned":[1,3,6,11,16,18,19,25,29,30,41,42,48],"ascension_level":20}}