{"host":"19kf8tqwqindyscq","time":1608609074,"event":{"mods":["2.2 Compatiblity","BaseMod","Colored Map","Colored Powertips","Conspire","Downfall","Gremlin Mod","GungeonMod","Hermit","Hubris","Infinite Spire","Minty Spire (QoL Compilation)","Quick Restart","Rare Cards Sparkle","Replay The Spire","Somnambulant","StSLib","SuperFastMode","The Bladedancer","The Bug Knight","The Construct","The Cursed","The Mystic","The Necromancer"],"gold_per_floor":[109,122,134,134,144,157,191,191,270,270,327,357,371,383,383,482,482],"floor_reached":16,"playtime":1010,"items_purged":[],"score":164,"play_id":"bf851da8-437d-48ec-895f-3e3e432172fa","local_time":"20201222005114","is_ascension_mode":false,"campfire_choices":[{"floor":10,"key":"REST"}],"circlet_count":0,"master_deck":["Gremlin:Strike","Gremlin:Strike","Gremlin:Strike","Gremlin:Strike","Gremlin:Defend","Gremlin:Defend","Gremlin:Defend","Gremlin:Defend","Gremlin:TagTeam","Gremlin:GremlinDance","Gremlin:Pinprick","Gremlin:CounterStrike","Gremlin:Exacerbate","Gremlin:PourSalt","Gremlin:PourSalt","Gremlin:BurlyBlow","Gremlin:BulkUp","Gremlin:PourSalt","Gremlin:ShadowShiv"],"relics":["Gremlin:GremlinKnob","NeowsBlessing","Letter Opener","Gremlin Horn","Toy Ornithopter","DemoMod:ClearGuonStone"],"acts_visited":["Exordium"],"potions_floor_usage":[5,7,13],"damage_taken":[{"damage":0,"enemies":"Jaw Worm","floor":1,"turns":1},{"damage":0,"enemies":"Cultist","floor":2,"turns":1},{"damage":0,"enemies":"Small Slimes","floor":3,"turns":1},{"damage":6,"enemies":"conspire:2 RoseBushes","floor":5,"turns":7},{"damage":7,"enemies":"Blue Slaver","floor":6,"turns":3},{"damage":21,"enemies":"Replay:BlueRogue","floor":7,"turns":10},{"damage":22,"enemies":"Gremlin Nob","floor":12,"turns":5},{"damage":0,"enemies":"Looter","floor":13,"turns":4},{"damage":10,"enemies":"2 Fungi Beasts","floor":14,"turns":3},{"damage":38,"enemies":"The Guardian","floor":16,"turns":9}],"seed_played":"-6680610751979552354","potions_obtained":[{"floor":1,"key":"EssenceOfSteel"},{"floor":6,"key":"SpeedPotion"},{"floor":7,"key":"Cursed Concoction"},{"floor":11,"key":"LiquidMemories"},{"floor":13,"key":"SteroidPotion"},{"floor":16,"key":"AttackPotion"}],"is_trial":false,"path_per_floor":["M","M","M","?","M","M","E","?","T","R","?","E","M","M","R_BF","B"],"character_chosen":"GREMLIN","items_purchased":[],"campfire_rested":1,"item_purchase_floors":[],"current_hp_per_floor":[20,20,20,20,20,13,7,13,13,19,14,20,20,20,19,4,4],"gold":482,"neow_bonus":"THREE_ENEMY_KILL","is_daily":false,"chose_seed":false,"campfire_upgraded":0,"win_rate":0.0,"timestamp":1608609074,"path_taken":["M","M","M","?","?","M","E","?","T","R","?","E","M","M","R_BF","BOSS"],"items_purchased_type":[],"build_version":"2020-12-13","purchased_purges":0,"victory":false,"max_hp_per_floor":[20,20,20,20,20,20,20,20,20,20,20,20,20,20,19,19,19],"card_choices":[{"not_picked":["Gremlin:Dazzle","Gremlin:CatScratch"],"picked":"Gremlin:Pinprick","floor":1},{"not_picked":["Gremlin:Wizardry","Gremlin:DaggerDance"],"picked":"Gremlin:CounterStrike","floor":2},{"not_picked":["Gremlin:Pretaliation","Gremlin:Tadah","Gremlin:Tricksy"],"picked":"SKIP","floor":3},{"not_picked":["Gremlin:DaggerDance","Gremlin:FollowThrough"],"picked":"Gremlin:PourSalt","floor":5},{"not_picked":["Gremlin:GremlinOffensive","Gremlin:BubbleBarrier"],"picked":"Gremlin:PourSalt","floor":6},{"not_picked":["Gremlin:Mockery","Gremlin:GremlinArms"],"picked":"Gremlin:BurlyBlow","floor":7},{"not_picked":["Gremlin:DaggerDance","Gremlin:GlitterGuard"],"picked":"Gremlin:BulkUp","floor":11},{"not_picked":["Gremlin:Patsy","Gremlin:DaggerDance"],"picked":"Gremlin:PourSalt","floor":11},{"not_picked":["Gremlin:Stupend","Gremlin:ArmsTheft"],"picked":"Gremlin:ShadowShiv","floor":12},{"not_picked":["Gremlin:Glimmer","Gremlin:PourSalt","Gremlin:Wizardry"],"picked":"SKIP","floor":13},{"not_picked":["Gremlin:BulkUp","Gremlin:Pinprick","Gremlin:BubbleBarrier"],"picked":"SKIP","floor":14}],"player_experience":150184,"relics_obtained":[{"floor":7,"key":"Letter Opener"},{"floor":9,"key":"Gremlin Horn"},{"floor":11,"key":"Toy Ornithopter"},{"floor":12,"key":"DemoMod:ClearGuonStone"}],"event_choices":[{"damage_healed":0,"gold_gain":0,"player_choice":"1 cards matched","damage_taken":0,"max_hp_gain":0,"max_hp_loss":0,"event_name":"Match and Keep!","floor":4,"gold_loss":0,"cards_obtained":["Gremlin:Exacerbate"]},{"damage_healed":6,"gold_gain":0,"player_choice":"Banana","damage_taken":0,"max_hp_gain":0,"max_hp_loss":0,"event_name":"Big Fish","floor":8,"gold_loss":0}],"is_beta":false,"boss_relics":[],"items_purged_floors":[],"is_endless":false,"potions_floor_spawned":[1,6,7,13,16],"killed_by":"The Guardian","ascension_level":0}}