{"host":"3jjxuhjpio8e4zkv","time":1608601526,"event":{"mods":["BaseMod","Colored Map","Minty Spire (QoL Compilation)","Permanent Neow","Relic Stats","StSLib"],"gold_per_floor":[110,110,187,205,205,239,239,252,276,276,24,24,43,60,60,134,134,147,147,158,176,14,44,44,76,76,76,76,76],"floor_reached":28,"playtime":1153,"items_purged":[],"score":562,"play_id":"13c97ca4-6852-4817-8942-1f6018b94ba6","local_time":"20201221204526","is_ascension_mode":true,"campfire_choices":[{"floor":7,"key":"REST"},{"data":"Darkness","floor":10,"key":"SMITH"},{"data":"Apotheosis","floor":12,"key":"SMITH"},{"floor":15,"key":"REST"},{"data":"Echo Form","floor":24,"key":"SMITH"},{"data":"Self Repair","floor":27,"key":"SMITH"}],"circlet_count":0,"master_deck":["AscendersBane","Strike_B","Strike_B+1","Strike_B","Strike_B","Defend_B+1","Defend_B+1","Defend_B","Defend_B","Zap","Dualcast+1","Rebound+1","Darkness+1","Machine Learning","Conserve Battery","Apotheosis+1","Self Repair+1","Echo Form+1","Force Field","Chill","Hologram"],"relics":["Cracked Core","Dead Branch","Happy Flower","Ancient Tea Set","Membership Card","Nuclear Battery","Torii","Smiling Mask","HornCleat","War Paint"],"acts_visited":["Exordium","TheCity"],"potions_floor_usage":[6,20,23],"damage_taken":[{"damage":6,"enemies":"Jaw Worm","floor":1,"turns":4},{"damage":7,"enemies":"Small Slimes","floor":4,"turns":3},{"damage":0,"enemies":"Gremlin Nob","floor":6,"turns":2},{"damage":13,"enemies":"2 Louse","floor":8,"turns":3},{"damage":6,"enemies":"Large Slime","floor":13,"turns":5},{"damage":6,"enemies":"Looter","floor":14,"turns":4},{"damage":22,"enemies":"Slime Boss","floor":16,"turns":7},{"damage":21,"enemies":"Shell Parasite","floor":18,"turns":4},{"damage":28,"enemies":"3 Byrds","floor":20,"turns":8},{"damage":34,"enemies":"Snake Plant","floor":21,"turns":6},{"damage":9,"enemies":"Gremlin Leader","floor":23,"turns":9},{"damage":16,"enemies":"Book of Stabbing","floor":25,"turns":6},{"damage":22,"enemies":"Colosseum Slavers","floor":28,"turns":8},{"damage":41,"enemies":"Colosseum Nobs","floor":28,"turns":3}],"seed_played":"3636358395027875089","potions_obtained":[{"floor":4,"key":"SneckoOil"},{"floor":14,"key":"BlessingOfTheForge"},{"floor":16,"key":"PotionOfCapacity"},{"floor":21,"key":"GamblersBrew"},{"floor":25,"key":"Ancient Potion"}],"is_trial":false,"path_per_floor":["M","?","?","M","?","E","R","M","T","R","$","R","M","M","R","B",null,"M","?","M","M","$","E","R","E","T","R","?"],"character_chosen":"DEFECT","items_purchased":["Membership Card","Apotheosis","Torii"],"campfire_rested":2,"item_purchase_floors":[11,11,22],"current_hp_per_floor":[40,40,40,33,12,12,33,20,20,20,20,20,14,18,39,27,60,49,63,55,41,41,52,52,43,43,43,0,0],"gold":76,"neow_bonus":"ONE_RARE_RELIC","is_daily":false,"chose_seed":false,"campfire_upgraded":4,"win_rate":0.0,"timestamp":1608601526,"path_taken":["M","?","?","M","?","E","R","M","T","R","$","R","M","M","R","BOSS","M","?","M","M","$","E","R","E","T","R","?"],"items_purchased_type":["Relic","Card","Relic"],"build_version":"2020-12-13","purchased_purges":0,"victory":false,"max_hp_per_floor":[71,71,71,71,71,71,71,71,71,71,71,71,71,71,71,71,71,71,71,71,71,71,71,71,71,71,71,71,71],"relic_stats":{"Happy Flower":[21],"Torii":13,"counters":[14,72],"Dead Branch":[30],"War Paint":["Dualcast","Defend_B"],"Smiling Mask":0,"obtain_stats":[{"HornCleat":25,"Happy Flower":6,"Torii":22,"Dead Branch":0,"Membership Card":11,"War Paint":26,"Cracked Core":0,"Ancient Tea Set":9,"Smiling Mask":23,"Nuclear Battery":17},{"HornCleat":12,"Happy Flower":3,"Torii":10,"Dead Branch":0,"Membership Card":4,"War Paint":12,"Cracked Core":0,"Ancient Tea Set":4,"Smiling Mask":11,"Nuclear Battery":7},{"HornCleat":61,"Happy Flower":9,"Torii":46,"Dead Branch":0,"Membership Card":12,"War Paint":61,"Cracked Core":0,"Ancient Tea Set":12,"Smiling Mask":55,"Nuclear Battery":28}]},"card_choices":[{"not_picked":["Hologram","Leap"],"picked":"Rebound","floor":1},{"not_picked":["Barrage","Rebound"],"picked":"Darkness","floor":4},{"not_picked":["Sweeping Beam","Leap"],"picked":"Machine Learning","floor":6},{"not_picked":["Beam Cell","Turbo"],"picked":"Conserve Battery","floor":8},{"not_picked":["Sweeping Beam","Gash"],"picked":"Self Repair","floor":13},{"not_picked":["Static Discharge","Gash","Redo"],"picked":"SKIP","floor":14},{"not_picked":["Electrodynamics","Meteor Strike"],"picked":"Echo Form","floor":16},{"not_picked":["Stack","Rip and Tear","Rebound+1"],"picked":"SKIP","floor":18},{"not_picked":["Leap","Barrage"],"picked":"Force Field","floor":20},{"not_picked":["Beam Cell","Barrage"],"picked":"Chill","floor":21},{"not_picked":["Leap","Coolheaded"],"picked":"Hologram","floor":23},{"not_picked":["Leap","Turbo","Aggregate"],"picked":"SKIP","floor":25}],"player_experience":1090076,"relics_obtained":[{"floor":6,"key":"Happy Flower"},{"floor":9,"key":"Ancient Tea Set"},{"floor":23,"key":"Smiling Mask"},{"floor":25,"key":"HornCleat"},{"floor":26,"key":"War Paint"}],"event_choices":[{"damage_healed":0,"gold_gain":0,"player_choice":"Grow","damage_taken":0,"max_hp_gain":0,"max_hp_loss":0,"event_name":"Living Wall","floor":2,"gold_loss":0,"cards_upgraded":["Rebound"]},{"damage_healed":0,"gold_gain":77,"player_choice":"Gained Gold","damage_taken":0,"max_hp_gain":0,"max_hp_loss":0,"event_name":"Golden Wing","floor":3,"gold_loss":0},{"damage_healed":0,"gold_gain":0,"player_choice":"Entered Light","damage_taken":21,"max_hp_gain":0,"max_hp_loss":0,"event_name":"Shining Light","floor":5,"gold_loss":0,"cards_upgraded":["Strike_B","Defend_B"]},{"damage_healed":14,"gold_gain":0,"player_choice":"Heal","damage_taken":0,"max_hp_gain":0,"max_hp_loss":0,"event_name":"The Library","floor":19,"gold_loss":0},{"damage_healed":0,"gold_gain":0,"player_choice":"Fight","damage_taken":0,"max_hp_gain":0,"max_hp_loss":0,"event_name":"Colosseum","floor":28,"gold_loss":0},{"damage_healed":0,"gold_gain":0,"player_choice":"Fought Nobs","damage_taken":0,"max_hp_gain":0,"max_hp_loss":0,"event_name":"Colosseum","floor":28,"gold_loss":0}],"is_beta":false,"boss_relics":[{"not_picked":["Cursed Key","Tiny House"],"picked":"Nuclear Battery"}],"items_purged_floors":[],"is_endless":false,"potions_floor_spawned":[4,14,16,21,25],"killed_by":"Colosseum Nobs","ascension_level":20}}