{"host":"5fpb1gzflhq9886n","time":1608623288,"event":{"mods":["AchievementEnabler","BaseMod","Colored Map","Colored Powertips","Minty Spire (QoL Compilation)","Permanent Neow"],"gold_per_floor":[109,129,129,140,154,154,185,185,185,197,197,208,208,208],"floor_reached":13,"playtime":726,"items_purged":[],"score":100,"play_id":"def3585c-a2fd-43e5-a358-0e44037bb29f","local_time":"20201222024808","is_ascension_mode":true,"campfire_choices":[{"data":"Die Die Die","floor":6,"key":"SMITH"},{"floor":8,"key":"REST"}],"circlet_count":0,"master_deck":["Strike_G","Strike_G","Strike_G","Strike_G","Strike_G","Defend_G","Defend_G","Defend_G","Defend_G","Defend_G","Survivor","Neutralize","Decay","Die Die Die+1","Caltrops","Dagger Spray","Dash","Outmaneuver","Accuracy","Bane","Prepared"],"relics":["Ring of the Snake","Ancient Tea Set","Nunchaku"],"acts_visited":["Exordium"],"potions_floor_usage":[],"damage_taken":[{"damage":3,"enemies":"Small Slimes","floor":1,"turns":3},{"damage":0,"enemies":"2 Louse","floor":2,"turns":3},{"damage":3,"enemies":"Cultist","floor":4,"turns":3},{"damage":13,"enemies":"3 Louse","floor":5,"turns":2},{"damage":16,"enemies":"3 Sentries","floor":7,"turns":5},{"damage":0,"enemies":"Lots of Slimes","floor":10,"turns":2},{"damage":2,"enemies":"Red Slaver","floor":12,"turns":3},{"damage":59,"enemies":"Lagavulin","floor":13,"turns":8}],"seed_played":"-3421690497197213879","potions_obtained":[{"floor":1,"key":"Explosive Potion"},{"floor":2,"key":"DuplicationPotion"},{"floor":11,"key":"CultistPotion"}],"is_trial":false,"path_per_floor":["M","M","?","M","M","R","E","R","T","M","?","M","E"],"character_chosen":"THE_SILENT","items_purchased":[],"campfire_rested":1,"item_purchase_floors":[],"current_hp_per_floor":[67,67,67,64,51,51,35,56,56,56,56,54,0,0],"gold":208,"neow_bonus":"THREE_RARE_CARDS","is_daily":false,"chose_seed":false,"campfire_upgraded":1,"win_rate":0.0,"timestamp":1608623288,"path_taken":["M","M","?","M","M","R","E","R","T","M","?","?","E"],"items_purchased_type":[],"build_version":"2020-12-13","purchased_purges":0,"victory":false,"max_hp_per_floor":[70,70,70,70,70,70,70,70,70,70,70,70,70,70],"card_choices":[{"not_picked":["Wraith Form v2","Tools of the Trade"],"picked":"Die Die Die","floor":0},{"not_picked":["Underhanded Strike","Bouncing Flask"],"picked":"Caltrops","floor":1},{"not_picked":["Deflect","Deadly Poison"],"picked":"Dagger Spray","floor":2},{"not_picked":["Finisher","Heel Hook"],"picked":"Dash","floor":4},{"not_picked":["Finisher","Caltrops"],"picked":"Outmaneuver","floor":5},{"not_picked":["Slice","Heel Hook"],"picked":"Accuracy","floor":7},{"not_picked":["Underhanded Strike","Storm of Steel"],"picked":"Bane","floor":10},{"not_picked":["Flechettes","Heel Hook"],"picked":"Prepared","floor":12}],"player_experience":619847,"relics_obtained":[{"floor":7,"key":"Ancient Tea Set"},{"floor":9,"key":"Nunchaku"}],"event_choices":[{"damage_healed":0,"gold_gain":0,"player_choice":"Ignored","damage_taken":0,"max_hp_gain":0,"max_hp_loss":0,"event_name":"Shining Light","floor":3,"gold_loss":0},{"damage_healed":0,"gold_gain":0,"player_choice":"Got Potions","damage_taken":0,"max_hp_gain":0,"max_hp_loss":0,"event_name":"Lab","floor":11,"gold_loss":0}],"is_beta":false,"boss_relics":[],"items_purged_floors":[],"is_endless":false,"potions_floor_spawned":[1,2,12],"killed_by":"Lagavulin","ascension_level":3}}