{"host":"fevvm7bbzuh4s1jc","time":1608669371,"event":{"mods":["BaseMod","Highlight Path","Minty Spire (QoL Compilation)","Relic Stats"],"gold_per_floor":[115,127,140,158,158,172,211,211,211,211,211,226,226,247,247,342,342,363,379,5,25,25,25,25,25],"floor_reached":24,"playtime":1445,"items_purged":["Strike_G"],"score":400,"play_id":"4c5b3d36-1565-4c3e-8a77-2ed51567ace8","local_time":"20201222153611","is_ascension_mode":true,"campfire_choices":[{"data":"Well Laid Plans","floor":8,"key":"SMITH"},{"data":"Dagger Spray","floor":10,"key":"SMITH"},{"floor":13,"key":"REST"},{"data":"Footwork","floor":15,"key":"SMITH"},{"data":"Tools of the Trade","floor":23,"key":"SMITH"}],"circlet_count":0,"master_deck":["AscendersBane","Strike_G+1","Strike_G+1","Strike_G+1","Strike_G+1","Defend_G+1","Defend_G+1","Defend_G+1","Defend_G+1","Defend_G+1","Survivor","Neutralize","Quick Slash","Poisoned Stab","Dagger Spray+1","Blade Dance","Acrobatics","Well Laid Plans+1","Footwork+1","Tools of the Trade+1","Venomology","Blur","Deflect","Dodge and Roll"],"relics":["Ring of the Snake","Tingsha","Golden Idol","Regal Pillow","Snake Skull","Runic Dome","Membership Card","Strawberry","Anchor"],"acts_visited":["TheCity"],"potions_floor_usage":[7,7,19,19,21,24],"damage_taken":[{"damage":2.0,"enemies":"Jaw Worm","floor":1.0,"turns":6.0},{"damage":0.0,"enemies":"Small Slimes","floor":2.0,"turns":3.0},{"damage":3,"enemies":"2 Louse","floor":3,"turns":4},{"damage":2,"enemies":"2 Fungi Beasts","floor":4,"turns":3},{"damage":1,"enemies":"Red Slaver","floor":6,"turns":5},{"damage":12,"enemies":"Lagavulin","floor":7,"turns":4},{"damage":6,"enemies":"Large Slime","floor":12,"turns":4},{"damage":7,"enemies":"Looter","floor":14,"turns":4},{"damage":22,"enemies":"The Guardian","floor":16,"turns":14},{"damage":24,"enemies":"Shell Parasite","floor":18,"turns":9},{"damage":15,"enemies":"2 Thieves","floor":19,"turns":3},{"damage":2,"enemies":"Centurion and Healer","floor":21,"turns":10},{"damage":29,"enemies":"Gremlin Leader","floor":24,"turns":6}],"seed_played":"3622992757622653420","potions_obtained":[{"floor":3,"key":"SpeedPotion"},{"floor":4,"key":"BlessingOfTheForge"},{"floor":6,"key":"ColorlessPotion"},{"floor":18,"key":"Explosive Potion"}],"is_trial":false,"path_per_floor":["M","M","M","M","?","M","E","R","T","R","?","M","R","M","R","B",null,"M","M","$","M","?","R","E"],"character_chosen":"THE_SILENT","items_purchased":["Membership Card","Strawberry","Anchor"],"campfire_rested":1,"item_purchase_floors":[20,20,20],"current_hp_per_floor":[57,57,54,52,31,30,18,18,18,18,13,7,40,33,33,11,48,24,9,16,29,29,29,0,0],"gold":25,"neow_bonus":"ONE_RARE_RELIC","is_daily":false,"chose_seed":false,"campfire_upgraded":4,"win_rate":0.0,"timestamp":1608669371,"path_taken":["M","M","M","M","?","M","E","R","T","R","?","M","R","M","R","BOSS","M","M","$","M","?","R","E"],"items_purchased_type":["Relic","Relic","Relic"],"build_version":"2020-12-13","purchased_purges":1,"victory":false,"max_hp_per_floor":[60,60,60,60,60,60,60,60,60,60,60,60,60,60,60,60,60,60,60,67,67,67,67,67,67],"relic_stats":{"Regal Pillow":15,"counters":[13,75],"Golden Idol":48,"Tingsha":[121],"Snake Skull":[9],"obtain_stats":[{"Runic Dome":17,"Regal Pillow":7,"Anchor":20,"Golden Idol":5,"Strawberry":20,"Tingsha":0,"Snake Skull":9,"Membership Card":20,"Ring of the Snake":0},{"Runic Dome":9,"Regal Pillow":6,"Anchor":11,"Golden Idol":4,"Strawberry":11,"Tingsha":0,"Snake Skull":6,"Membership Card":11,"Ring of the Snake":0},{"Runic Dome":47,"Regal Pillow":25,"Anchor":59,"Golden Idol":16,"Strawberry":59,"Tingsha":0,"Snake Skull":25,"Membership Card":59,"Ring of the Snake":0}],"Ring of the Snake":[26]},"card_choices":[{"not_picked":["Flying Knee","Heel Hook"],"picked":"Quick Slash","floor":1.0},{"not_picked":["Backflip","Accuracy"],"picked":"Poisoned Stab","floor":2.0},{"not_picked":["Prepared","Dodge and Roll"],"picked":"Dagger Spray","floor":3},{"not_picked":["Quick Slash","Endless Agony"],"picked":"Blade Dance","floor":4},{"not_picked":["Catalyst","Accuracy"],"picked":"Acrobatics","floor":6},{"not_picked":["Expertise","Backstab"],"picked":"Well Laid Plans","floor":7},{"not_picked":["Poisoned Stab","All Out Attack"],"picked":"Footwork","floor":12},{"not_picked":["Sucker Punch","Dagger Spray"],"picked":"Tools of the Trade","floor":14},{"not_picked":["Phantasmal Killer","Glass Knife"],"picked":"Venomology","floor":16},{"not_picked":["Dagger Throw","Expertise"],"picked":"Blur","floor":18},{"not_picked":["Dagger Spray","Slice"],"picked":"Deflect","floor":19},{"not_picked":["Distraction","Deflect"],"picked":"Dodge and Roll","floor":21}],"player_experience":2564685,"relics_obtained":[{"floor":7,"key":"Regal Pillow"},{"floor":9,"key":"Snake Skull"}],"event_choices":[{"damage_healed":0,"gold_gain":0,"player_choice":"Take Damage","damage_taken":21,"relics_obtained":["Golden Idol"],"max_hp_gain":0,"max_hp_loss":0,"event_name":"Golden Idol","floor":5,"gold_loss":0},{"damage_healed":0,"gold_gain":0,"player_choice":"Fled","damage_taken":5,"max_hp_gain":0,"max_hp_loss":0,"event_name":"Scrap Ooze","floor":11,"gold_loss":0},{"damage_healed":0,"gold_gain":0,"player_choice":"Simplicity","damage_taken":0,"max_hp_gain":0,"max_hp_loss":0,"event_name":"Back to Basics","floor":22,"gold_loss":0,"cards_upgraded":["Strike_G","Strike_G","Strike_G","Strike_G","Defend_G","Defend_G","Defend_G","Defend_G","Defend_G"]}],"is_beta":false,"boss_relics":[{"not_picked":["Calling Bell","Sozu"],"picked":"Runic Dome"}],"items_purged_floors":[20],"is_endless":false,"potions_floor_spawned":[3,4,6,18],"killed_by":"Gremlin Leader","ascension_level":20}}