{"host":"cyh4fejqtcjbfr7k","time":1608671214,"event":{"mods":["2.2 Compatiblity","AchievementEnabler","BaseMod","Colored Map","Colored Powertips","DeckTracker","Downfall","Googly Eyes","Hubris","Infinite Spire","Minty Spire (QoL Compilation)","Replay The Spire","Shop Mod","StSLib","SuperFastMode","Unceasing Turn Reminder"],"gold_per_floor":[119,119,119,135,135,135,160,180,180,180,208,208,77,90,90,193,193,205,120,134,84,84,84,119,136,136,136,136,161,176,202,202,202,202],"floor_reached":33,"playtime":2273,"items_purged":[],"score":332,"play_id":"15eda452-a012-43b4-8af1-f3f32f6f0a01","local_time":"20201222140654","is_ascension_mode":true,"campfire_choices":[{"data":"Zap","floor":6.0,"key":"SMITH"},{"floor":12.0,"key":"REST"},{"floor":15.0,"key":"REST"},{"floor":23.0,"key":"REST"},{"floor":28,"key":"REST"},{"floor":32,"key":"REST"}],"circlet_count":0,"master_deck":["Strike_B","Strike_B","Strike_B","Strike_B","Defend_B","Defend_B","Defend_B","Defend_B","Dualcast","Capacitor+1","ReplayTheSpireMod:Calculation Training","Melter","ReplayTheSpireMod:Omega Cannon+1","Ball Lightning","Static Discharge","Double Energy+1","Conserve Battery","Mirror Shield","hubris:PowerSurge+1","Sunder","hubris:DuctTapeCard","Stack","Beam Cell","Go for the Eyes+1"],"relics":["Cracked Core","Chameleon Ring","Juzu Bracelet","hubris:DuctTape","Sozu","Pen Nib","Art of War","Kunai","Red Mask","Replay:Mystery Machine"],"acts_visited":["Exordium","TheCity"],"potions_floor_usage":[],"damage_taken":[{"damage":6.0,"enemies":"2 Louse","floor":1.0,"turns":3.0},{"damage":1.0,"enemies":"Cultist","floor":4.0,"turns":4.0},{"damage":25.0,"enemies":"3 Sentries","floor":7.0,"turns":6.0},{"damage":12.0,"enemies":"infinitespire:Voidling","floor":8.0,"turns":3.0},{"damage":15.0,"enemies":"Lagavulin","floor":11.0,"turns":4.0},{"damage":11.0,"enemies":"2 Fungi Beasts","floor":14.0,"turns":3.0},{"damage":8.0,"enemies":"Fading Forest","floor":16.0,"turns":8.0},{"damage":27.0,"enemies":"3 Byrds","floor":18.0,"turns":4.0},{"damage":8.0,"enemies":"Shell Parasite","floor":20.0,"turns":3.0},{"damage":11.0,"enemies":"Replay:Snechameleon","floor":24.0,"turns":4.0},{"damage":6,"enemies":"3 Cultists","floor":25,"turns":3},{"damage":0,"enemies":"Masked Bandits","floor":29,"turns":2},{"damage":0,"enemies":"Cultist and Chosen","floor":30,"turns":4},{"damage":12,"enemies":"Book of Stabbing","floor":31,"turns":4},{"damage":79,"enemies":"Champ","floor":33,"turns":8}],"seed_played":"6434849398334643887","potions_obtained":[{"floor":4.0,"key":"Doom Potion"},{"floor":7.0,"key":"Guardian:BlockOnCardUsePotion"}],"is_trial":false,"path_per_floor":["M","$","?","M","?","R","E","M","T","?","E","R","$","M","R","B",null,"M","?","M","?","?","R","E","M","T","?","R","?","M","E","R","B"],"character_chosen":"DEFECT","items_purchased":["Static Discharge","Double Energy+1"],"campfire_rested":5,"item_purchase_floors":[13,13],"current_hp_per_floor":[69,69,69,68,68,68,43,35,35,35,20,42,42,31,53,55,75,48,48,40,40,40,62,51,45,45,45,67,67,67,55,75,0,0],"gold":202,"neow_bonus":"THREE_CARDS","is_daily":false,"chose_seed":false,"campfire_upgraded":1,"win_rate":0.0,"timestamp":1608671214,"path_taken":["M","$","?","M","?","R","E","M","T","?","E","R","$","M","R","BOSS","M","?","M","?","?","R","E","M","T","?","R","?","M","E","R","BOSS"],"items_purchased_type":["Card","Card"],"build_version":"2020-12-13","purchased_purges":0,"victory":false,"max_hp_per_floor":[75,75,75,75,75,75,75,75,75,75,75,75,75,75,75,75,75,75,75,75,75,75,75,75,75,75,75,75,75,75,75,75,75,75],"card_choices":[{"not_picked":["hubris:Ukulele","Skim"],"picked":"Capacitor","floor":0.0},{"not_picked":["Stack","Hologram"],"picked":"ReplayTheSpireMod:Calculation Training","floor":1.0},{"not_picked":["Hello World","hubris:Ukulele"],"picked":"Melter","floor":4.0},{"not_picked":["Gash","Tempest"],"picked":"Ball Lightning","floor":7.0},{"not_picked":["Steam","Barrage"],"picked":"ReplayTheSpireMod:Omega Cannon","floor":8.0},{"not_picked":["Melter","Turbo"],"picked":"Ball Lightning","floor":11.0},{"not_picked":["Rebound","Gash"],"picked":"Conserve Battery","floor":14.0},{"not_picked":["Reboot","Machine Learning"],"picked":"Mirror Shield","floor":16.0},{"not_picked":["ReplayTheSpireMod:Repulse+1","Cold Snap"],"picked":"hubris:PowerSurge+1","floor":18.0},{"not_picked":["Stack","Coolheaded"],"picked":"Sunder","floor":20.0},{"not_picked":["Multi-Cast","Coolheaded","Scrape"],"picked":"SKIP","floor":24},{"not_picked":["Turbo","Hologram","Go for the Eyes"],"picked":"SKIP","floor":25},{"not_picked":["Cold Snap","Rebound"],"picked":"Stack","floor":29},{"not_picked":["Go for the Eyes","hubris:SpecializedCircuitry"],"picked":"Beam Cell","floor":30},{"not_picked":["Streamline","Darkness+1"],"picked":"Go for the Eyes+1","floor":31}],"player_experience":598721,"relics_obtained":[{"floor":7.0,"key":"Chameleon Ring"},{"floor":9.0,"key":"Juzu Bracelet"},{"floor":11.0,"key":"hubris:DuctTape"},{"floor":24,"key":"Art of War"},{"floor":26,"key":"Kunai"},{"floor":29,"key":"Red Mask"},{"floor":31,"key":"Replay:Mystery Machine"}],"event_choices":[{"damage_healed":0.0,"max_hp_gain":0.0,"max_hp_loss":0.0,"gold_gain":0.0,"event_name":"Upgrade Shrine","player_choice":"Upgraded","floor":5.0,"gold_loss":0.0,"damage_taken":0.0,"cards_upgraded":["Capacitor"]},{"damage_healed":0.0,"max_hp_gain":0.0,"max_hp_loss":0.0,"gold_gain":0.0,"event_name":"Addict","player_choice":"Obtained Relic","floor":19.0,"gold_loss":85.0,"damage_taken":0.0,"relics_obtained":["Pen Nib"]},{"damage_healed":0.0,"max_hp_gain":0.0,"max_hp_loss":0.0,"gold_gain":0.0,"event_name":"The Joust","player_choice":"Bet on Murderer","floor":21.0,"gold_loss":50.0,"damage_taken":0.0},{"damage_healed":0.0,"max_hp_gain":0.0,"max_hp_loss":0.0,"gold_gain":0.0,"event_name":"Cursed Tome","player_choice":"Ignored","floor":22.0,"gold_loss":0.0,"damage_taken":0.0},{"damage_healed":0,"gold_gain":0,"player_choice":"Leave","damage_taken":0,"max_hp_gain":0,"max_hp_loss":0,"event_name":"FaceTrader","floor":27,"gold_loss":0},{"damage_healed":0,"gold_gain":0,"player_choice":"Fought Bandits","damage_taken":0,"max_hp_gain":0,"max_hp_loss":0,"event_name":"Masked Bandits","floor":29,"gold_loss":0}],"is_beta":false,"boss_relics":[{"not_picked":["Coffee Dripper","FrozenCore"],"picked":"Sozu"}],"items_purged_floors":[],"is_endless":false,"potions_floor_spawned":[4,7,25,29,31],"killed_by":"Champ","ascension_level":1}}