{"host":"ec09novo68szpe7d","time":1608669509,"event":{"mods":["AchievementEnabler","BaseMod","Bestiary","Minty Spire (QoL Compilation)","Replay The Spire","StSLib"],"gold_per_floor":[109,122,122,172,97,175,175,205,231,13,24,37,62,147,159,171,171],"floor_reached":16,"playtime":1486,"items_purged":["Looming Evil"],"score":135,"play_id":"aa43c61f-b3a9-4671-a548-834c578428ff","local_time":"20201222213829","is_ascension_mode":false,"campfire_choices":[{"data":"ReplayReversal","floor":7.0,"key":"SMITH"}],"circlet_count":0,"master_deck":["Strike_R","Strike_R","Strike_R","Defend_R","Defend_R","Defend_R","Defend_R","Bash","Entrench","ReplayReversal+1","Power Through","Clumsy","Hallucinations","Seeing Red","ReplayReversal+1","ReplayTheSpireMod:Stacked+1","Brutality+1","Shrug It Off","Delirium","Wild Strike"],"relics":["Burning Blood","NeowsBlessing","Ring of Greed","MealTicket","Golden Egg","ReplayTheSpireMod:Ring of Challenge","Happy Flower","Regal Pillow","DollysMirror","MawBank","Replay:Bottled Steam"],"acts_visited":["Exordium"],"potions_floor_usage":[16,16],"damage_taken":[{"damage":0.0,"enemies":"Cultist","floor":1.0,"turns":1.0},{"damage":0.0,"enemies":"2 Louse","floor":2.0,"turns":1.0},{"damage":1.0,"enemies":"Gremlin Nob","floor":6.0,"turns":1.0},{"damage":6.0,"enemies":"Jaw Worm","floor":8.0,"turns":5.0},{"damage":15,"enemies":"Exordium Thugs","floor":11,"turns":8},{"damage":17,"enemies":"Lots of Slimes","floor":12,"turns":7},{"damage":7,"enemies":"Replay:BlueRogue","floor":13,"turns":8},{"damage":75,"enemies":"Hexaghost","floor":16,"turns":14}],"seed_played":"4237708353248231931","potions_obtained":[{"floor":2.0,"key":"Venom Potion"},{"floor":6.0,"key":"BloodPotion"}],"is_trial":false,"path_per_floor":["M","M","?","?","$","E","R","M","T","$","M","M","E","T","R","B"],"character_chosen":"IRONCLAD","items_purchased":["DollysMirror","ReplayTheSpireMod:Stacked"],"campfire_rested":0,"item_purchase_floors":[10,10],"current_hp_per_floor":[80,80,73,73,80,80,80,80,80,80,71,60,59,59,59,0,0],"gold":171,"neow_bonus":"THREE_ENEMY_KILL","is_daily":false,"chose_seed":false,"campfire_upgraded":1,"win_rate":0.0,"timestamp":1608669509,"path_taken":["M","M","?","?","$","E","R","M","T","$","M","M","E","?","R","BOSS"],"items_purchased_type":["Relic","Card"],"build_version":"2020-12-13","purchased_purges":1,"victory":false,"max_hp_per_floor":[80,80,80,80,80,80,80,80,80,80,80,80,80,80,80,80,80],"card_choices":[{"not_picked":["Warcry","Clothesline"],"picked":"Entrench","floor":1.0},{"not_picked":["Searing Blow","Wild Strike"],"picked":"ReplayReversal","floor":2.0},{"not_picked":["Rampage","Perfected Strike"],"picked":"Power Through","floor":6.0},{"not_picked":["Searing Blow","Wild Strike"],"picked":"Seeing Red","floor":8.0},{"not_picked":["ReplayTheSpireMod:Corrosion Curse","Clothesline"],"picked":"Brutality","floor":11},{"not_picked":["Sword Boomerang","Replay:Undeath\u0027s Touch","Iron Wave"],"picked":"SKIP","floor":12},{"not_picked":["Spot Weakness","Clothesline"],"picked":"Shrug It Off","floor":13}],"player_experience":169684,"relics_obtained":[{"floor":4.0,"key":"Ring of Greed"},{"floor":4.0,"key":"MealTicket"},{"floor":4.0,"key":"Golden Egg"},{"floor":4.0,"key":"ReplayTheSpireMod:Ring of Challenge"},{"floor":6.0,"key":"Happy Flower"},{"floor":9.0,"key":"Regal Pillow"},{"floor":13,"key":"MawBank"},{"floor":14,"key":"Replay:Bottled Steam"}],"event_choices":[{"cards_removed":["Strike_R"],"damage_healed":0.0,"max_hp_gain":0.0,"max_hp_loss":0.0,"gold_gain":0.0,"event_name":"Golden Wing","player_choice":"Card Removal","floor":3.0,"gold_loss":0.0,"damage_taken":7.0}],"is_beta":false,"boss_relics":[],"items_purged_floors":[5],"is_endless":false,"potions_floor_spawned":[2,6],"killed_by":"Hexaghost","ascension_level":0}}