{"host":"Teixeira","time":1608666378,"event":{"mods":["2.2 Compatiblity","AchievementEnabler","Aspiration","BaseMod","Better Match","Better Note","Better Sensory Stone","Better Skull","Better Third Choice","Colored Map","Colored Powertips","Downfall","Hermit","Hubris","Infinite Spire","Marked Mod","Minty Spire (QoL Compilation)","Permanent Neow","Quick Restart","Rare Cards Sparkle","Relic Filter","Replay The Spire","Spicy Shops","StSLib","SuperFastMode"],"gold_per_floor":[119,119,135,154,229,265,265,304,331,331,331,256,256,44,44,173,173,188,201,201,214,214,252,252,177,201,201,201,217,0,0,16,56,56,179,179,195,195,195,195,195,226,226,226,226,226,226,262,282,182,182,182,182],"floor_reached":52,"playtime":2556,"items_purged":["Strike_R","Pain","Languid","Strike_R"],"score":628,"play_id":"c323c9e8-c39d-42e0-bd7d-f8981ad60b95","local_time":"20201222164618","is_ascension_mode":true,"campfire_choices":[{"data":"Hemokinesis","floor":7.0,"key":"SMITH"},{"data":"Massacre","floor":10.0,"key":"SMITH"},{"data":"ReplayTheSpireMod:Brewmster","floor":24.0,"key":"SMITH"},{"data":"Hemogenesis","floor":31.0,"key":"SMITH"},{"data":"Massacre","floor":34.0,"key":"SMITH"},{"floor":43,"key":"RECALL"},{"data":"Combust","floor":46,"key":"SMITH"},{"data":"Flex","floor":51,"key":"SMITH"}],"circlet_count":0,"master_deck":["Strike_R","Strike_R","Defend_R","Defend_R","Defend_R","Defend_R","Bash+1","Flex+1","Hemokinesis+1","Massacre+1","Flex+1","ReplayTheSpireMod:Brewmster+1","Hemogenesis+1","Brutality+1","Combust+1","Spreading Infection","Flex+1"],"relics":["Burning Blood","Question Card","Golden Idol","Self Forming Clay","hubris:OldNail","Nunchaku","Onion Ring","ReplayTheSpireMod:CursedCoin","Incense Burner","SlaversCollar","CaptainsWheel","Dream Catcher","Tiny Chest","Membership Card","Replay:Wax Seal","hubris:ChampionShield","hubris:TerracottaHorce","Mirror","hubris:Towel","ReplayTheSpireMod:Ring of Addiction","Toy Ornithopter","White Beast Statue","Paper Frog","Molten Egg 2","Pocketwatch"],"acts_visited":["Exordium","TheCity","TheBeyond"],"potions_floor_usage":[42,42,42,42,42,42,42,42,48,48,49,52],"damage_taken":[{"damage":6.0,"enemies":"Jaw Worm","floor":1.0,"turns":3.0},{"damage":5.0,"enemies":"Small Slimes","floor":3.0,"turns":3.0},{"damage":8.0,"enemies":"Cultist","floor":4.0,"turns":3.0},{"damage":26.0,"enemies":"Gremlin Nob","floor":6.0,"turns":4.0},{"damage":30.0,"enemies":"Lagavulin","floor":8.0,"turns":4.0},{"damage":22.0,"enemies":"Slime Boss","floor":16.0,"turns":9.0},{"damage":10.0,"enemies":"Chosen","floor":18.0,"turns":5.0},{"damage":7.0,"enemies":"Spheric Guardian","floor":19.0,"turns":3.0},{"damage":7.0,"enemies":"Snecko","floor":21.0,"turns":2.0},{"damage":25.0,"enemies":"Slavers","floor":23.0,"turns":4.0},{"damage":1.0,"enemies":"Snake Plant","floor":29.0,"turns":1.0},{"damage":8.0,"enemies":"Shelled Parasite and Fungi","floor":32.0,"turns":2.0},{"damage":16.0,"enemies":"Book of Stabbing","floor":33.0,"turns":5.0},{"damage":96.0,"enemies":"hubris:MusketHawk","floor":35.0,"turns":9.0},{"damage":32.0,"enemies":"3 Darklings","floor":37.0,"turns":5.0},{"damage":88,"enemies":"Nemesis","floor":42,"turns":11},{"damage":18,"enemies":"Reptomancer","floor":48,"turns":4},{"damage":16,"enemies":"Orb Walker","floor":49,"turns":3},{"damage":78,"enemies":"Nightmare","floor":52,"turns":4}],"seed_played":"-5911333580410100870","potions_obtained":[{"floor":4.0,"key":"PowerPotion"},{"floor":6.0,"key":"AttackPotion"},{"floor":23.0,"key":"Explosive Potion"},{"floor":32.0,"key":"Languid Potion"},{"floor":33.0,"key":"GamblersBrew"},{"floor":35.0,"key":"SkillPotion"},{"floor":48,"key":"CultistPotion"},{"floor":49,"key":"hexamod:EctoCoolerPotion"}],"is_trial":false,"path_per_floor":["M","?","M","M","?","E","R","E","T","R","?","$","?","$","R_BF","B",null,"M","M","AVR","M","T","E","R","?","T","PTL","PTL","M","$","R","M","E","R","B",null,"M","?","AVR","?","?","E","R","PTL","PTL","R","T","E","M","NS","R","NM"],"character_chosen":"IRONCLAD","items_purchased":["ReplayTheSpireMod:Brewmster","ReplayTheSpireMod:CursedCoin","Incense Burner","Membership Card","Replay:Wax Seal","Combust"],"campfire_rested":0,"item_purchase_floors":[14,14,14,30,30,30],"current_hp_per_floor":[80,80,80,78,67,47,47,23,23,23,23,23,23,23,47,31,80,80,79,79,78,78,64,64,64,64,64,64,69,69,69,67,75,75,14,64,68,68,68,68,68,60,60,60,60,60,60,72,78,78,78,0,0],"gold":182,"neow_bonus":"RANDOM_EVENT","is_daily":false,"chose_seed":false,"campfire_upgraded":7,"win_rate":0.0,"timestamp":1608666378,"path_taken":["M","?","M","M","?","E","R","E","T","R","?","$","?","$","R_BF","BOSS","M","M","AVR","M","?","E","R","?","T","PTL","PTL","M","$","R","M","E","R","BOSS","M","?","AVR","?","?","E","R","PTL","PTL","R","T","E","M","NS","R","NM"],"items_purchased_type":["Card","Relic","Relic","Relic","Relic","Card"],"build_version":"2020-11-17","purchased_purges":4,"victory":false,"max_hp_per_floor":[80,80,80,80,80,80,80,80,80,80,80,80,80,80,80,80,80,80,80,80,80,80,80,80,80,80,80,80,80,80,80,80,80,80,80,80,80,80,80,80,80,80,80,80,80,78,78,78,78,78,78,78,78],"card_choices":[{"not_picked":["Battle Trance","Dropkick"],"picked":"Flex","floor":1.0},{"not_picked":["hubris:CleavingFinish","Twin Strike","Iron Wave"],"picked":"Hemokinesis","floor":3.0},{"not_picked":["True Grit","Twin Strike","Pommel Strike"],"picked":"Massacre","floor":4.0},{"not_picked":["Replay:Undeath\u0027s Touch","Massacre","Wild Strike"],"picked":"Flex","floor":6.0},{"not_picked":["Intimidate","Dual Wield","Wild Strike","Sentinel"],"picked":"SKIP","floor":8.0},{"not_picked":["Demonic Infusion","Offering","Replay:Many Hands"],"picked":"Hemogenesis","floor":16.0},{"not_picked":["Anger","Sever Soul","Flex","Replay:Undeath\u0027s Touch+1"],"picked":"SKIP","floor":18.0},{"not_picked":["ReplayTheSpireMod:Limb From Limb","Perfected Strike","Clash","ReplayTheSpireMod:LeadingStrike"],"picked":"SKIP","floor":19.0},{"not_picked":["Body Slam+1","Clash+1","Clothesline+1","Perfected Strike"],"picked":"SKIP","floor":21.0},{"not_picked":["Cleave","Sword Boomerang+1","Flex","Intimidate"],"picked":"SKIP","floor":23.0},{"not_picked":["Berserk+1","Reaper+1","Feed+1"],"picked":"Brutality+1","floor":25.0},{"not_picked":["Barricade+1","Immolate+1","Feed+1"],"picked":"Reaper+1","floor":25.0},{"not_picked":["ReplayTheSpireMod:Corrosion Curse","Clash+1","Twin Strike+1","Limit Break"],"picked":"SKIP","floor":29.0},{"not_picked":["Sword Boomerang","Ghostly Armor","Reckless Charge+1","Blood for Blood"],"picked":"SKIP","floor":32.0},{"not_picked":["Shrug It Off+1","Feel No Pain+1","Abandon+1","ReplayTheSpireMod:Corrosion Curse"],"picked":"SKIP","floor":33.0},{"not_picked":["Iron Wave","Heavy Blade","Headbutt+1","Armaments+1"],"picked":"SKIP","floor":37.0},{"not_picked":["Intimidate+1","Iron Wave+1","Cleave+1","Demonic Infusion"],"picked":"SKIP","floor":42},{"not_picked":["Combust","Life Link+1","Havoc","Shrug It Off"],"picked":"SKIP","floor":48},{"not_picked":["Cleave+1","Dual Wield+1","Heavy Blade+1"],"picked":"Flex+1","floor":49}],"player_experience":98830,"relics_obtained":[{"floor":6.0,"key":"Self Forming Clay"},{"floor":8.0,"key":"hubris:OldNail"},{"floor":9.0,"key":"Nunchaku"},{"floor":11.0,"key":"Onion Ring"},{"floor":23.0,"key":"Dream Catcher"},{"floor":26.0,"key":"Tiny Chest"},{"floor":33.0,"key":"hubris:ChampionShield"},{"floor":41,"key":"ReplayTheSpireMod:Ring of Addiction"},{"floor":41,"key":"Toy Ornithopter"},{"floor":41,"key":"White Beast Statue"},{"floor":42,"key":"Paper Frog"},{"floor":47,"key":"Molten Egg 2"},{"floor":48,"key":"Pocketwatch"}],"event_choices":[{"damage_healed":0.0,"max_hp_gain":0.0,"max_hp_loss":0.0,"gold_gain":0.0,"event_name":"Living Wall","player_choice":"Grow","floor":0.0,"gold_loss":0.0,"damage_taken":0.0,"cards_upgraded":["Bash"]},{"damage_healed":0.0,"max_hp_gain":0.0,"max_hp_loss":0.0,"gold_gain":75.0,"event_name":"betterThird:BetterGoop","player_choice":"Gold","floor":5.0,"gold_loss":0.0,"damage_taken":11.0},{"cards_removed":["Strike_R"],"damage_healed":0.0,"max_hp_gain":0.0,"max_hp_loss":0.0,"gold_gain":0.0,"event_name":"Bonfire Elementals","player_choice":"Offered Basic","floor":13.0,"gold_loss":0.0,"damage_taken":0.0},{"damage_healed":0.0,"max_hp_gain":0.0,"max_hp_loss":0.0,"gold_gain":0.0,"event_name":"betterMatch:BetterMatch","player_choice":"3","floor":25.0,"gold_loss":0.0,"damage_taken":0.0,"cards_obtained":["betterMatch:RareCard"]},{"damage_healed":0.0,"max_hp_gain":0.0,"max_hp_loss":0.0,"gold_gain":0.0,"event_name":"Tomb of Lord Red Mask","player_choice":"Ignored","floor":38.0,"gold_loss":0.0,"damage_taken":0.0}],"is_beta":true,"boss_relics":[{"not_picked":["Sozu","aspiration:SecretTechniqueScroll"],"picked":"SlaversCollar"},{"not_picked":["Busted Crown","aspiration:PoetsPen"],"picked":"hubris:TerracottaHorce"}],"items_purged_floors":[12,14,20,39],"is_endless":false,"potions_floor_spawned":[4,6,19,23,32,33,35,42,48,49],"killed_by":"Nightmare","ascension_level":1}}