{"host":"n4fty02wqqi95laq","time":1608637107,"event":{"mods":["BaseMod","Highlight Path","Minty Spire (QoL Compilation)","Quick Restart","Rare Cards Sparkle","StSLib"],"gold_per_floor":[364,364,46,61,74,74,105,115,115,115,146,165,165,176,176,176,176],"floor_reached":16,"playtime":576,"items_purged":["Strike_G"],"score":224,"play_id":"3e471085-d5a9-48e8-948e-b6761dd884d9","local_time":"20201222193827","is_ascension_mode":true,"campfire_choices":[{"data":"Neutralize","floor":6.0,"key":"SMITH"},{"data":"Storm of Steel","floor":10.0,"key":"SMITH"},{"data":"Tactician","floor":13.0,"key":"SMITH"},{"data":"Well Laid Plans","floor":15,"key":"SMITH"}],"circlet_count":0,"master_deck":["AscendersBane","Strike_G","Strike_G","Strike_G","Strike_G","Defend_G","Defend_G","Defend_G","Defend_G","Defend_G","Survivor","Neutralize+1","Blade Dance","Tactician+1","After Image","Well Laid Plans+1","Blade Dance","Storm of Steel+1","Prepared+1","Choke"],"relics":["Ring of the Snake","Orrery","Matryoshka","Toxic Egg 2","InkBottle","Smiling Mask"],"acts_visited":["Exordium"],"potions_floor_usage":[],"damage_taken":[{"damage":6.0,"enemies":"Small Slimes","floor":1.0,"turns":5.0},{"damage":0.0,"enemies":"Cultist","floor":4.0,"turns":4.0},{"damage":0.0,"enemies":"2 Louse","floor":5.0,"turns":3.0},{"damage":6.0,"enemies":"Lagavulin","floor":7.0,"turns":7.0},{"damage":1.0,"enemies":"Exordium Wildlife","floor":8.0,"turns":4.0},{"damage":23.0,"enemies":"Gremlin Nob","floor":11.0,"turns":4.0},{"damage":1.0,"enemies":"2 Fungi Beasts","floor":12.0,"turns":5.0},{"damage":6,"enemies":"3 Louse","floor":14,"turns":4},{"damage":13,"enemies":"Slime Boss","floor":16,"turns":8}],"seed_played":"-302451816123575101","potions_obtained":[{"floor":4.0,"key":"CunningPotion"},{"floor":7.0,"key":"LiquidBronze"},{"floor":12.0,"key":"LiquidBronze"}],"is_trial":false,"path_per_floor":["M","?","$","M","M","R","E","M","T","R","E","M","R","M","R","B"],"character_chosen":"THE_SILENT","items_purchased":["Orrery","CunningPotion"],"campfire_rested":0,"item_purchase_floors":[3,3],"current_hp_per_floor":[53,53,53,53,53,53,47,46,46,46,23,22,22,16,16,3,3],"gold":176,"neow_bonus":"TWO_FIFTY_GOLD","is_daily":false,"chose_seed":false,"campfire_upgraded":4,"win_rate":0.0,"timestamp":1608637107,"path_taken":["M","?","$","?","M","R","E","M","T","R","E","M","R","M","R","BOSS"],"items_purchased_type":["Relic","Potion"],"build_version":"2020-12-13","purchased_purges":1,"victory":false,"max_hp_per_floor":[66,66,66,66,66,66,66,66,66,66,66,66,66,66,66,66,66],"card_choices":[{"not_picked":["PiercingWail","Acrobatics"],"picked":"Blade Dance","floor":1.0},{"not_picked":["Choke","Slice"],"picked":"Tactician","floor":3.0},{"not_picked":["Quick Slash","Backflip"],"picked":"After Image","floor":3.0},{"not_picked":["Sucker Punch","Quick Slash"],"picked":"Well Laid Plans","floor":3.0},{"not_picked":["Dagger Spray","Prepared"],"picked":"Blade Dance","floor":4.0},{"not_picked":["Flying Knee","Bane","Blade Dance"],"picked":"SKIP","floor":5.0},{"not_picked":["Prepared","Deflect"],"picked":"Storm of Steel","floor":7.0},{"not_picked":["Flechettes","Dagger Spray","Deflect"],"picked":"SKIP","floor":8.0},{"not_picked":["Quick Slash","Underhanded Strike","Bouncing Flask+1"],"picked":"SKIP","floor":11.0},{"not_picked":["Quick Slash","Underhanded Strike","Bouncing Flask+1"],"picked":"SKIP","floor":11.0},{"not_picked":["Sucker Punch","Masterful Stab"],"picked":"Prepared+1","floor":12.0},{"not_picked":["Well Laid Plans","Sucker Punch"],"picked":"Choke","floor":14}],"player_experience":631196,"relics_obtained":[{"floor":7.0,"key":"Matryoshka"},{"floor":9.0,"key":"Toxic Egg 2"},{"floor":9.0,"key":"InkBottle"},{"floor":11.0,"key":"Smiling Mask"}],"event_choices":[{"cards_removed":["Pain"],"damage_healed":0.0,"max_hp_gain":0.0,"max_hp_loss":0.0,"gold_gain":0.0,"event_name":"Purifier","player_choice":"Purged","floor":2.0,"gold_loss":0.0,"damage_taken":0.0}],"is_beta":false,"boss_relics":[],"items_purged_floors":[3],"is_endless":false,"potions_floor_spawned":[4,7,12],"killed_by":"Slime Boss","ascension_level":20}}