{"host":"55yei7x27djrlaep","time":1608633314,"event":{"mods":["Act Like it!","Aspiration","BaseMod","Better Third Choice","BetterRewards","Colored Map","Downfall","Friendly Minions","GifTheSpireLib","Hubris","Minty Spire (QoL Compilation)","Replay The Spire","StSLib","Stuff the Spire","The Servant 0.9.4"],"gold_per_floor":[99,99,99,99,99,99,99,99,129,143,68,8,27,43,54,149,149,74,86,99,9,9,0,24,24,124,134,161,86,71,86,117,117,117,117],"floor_reached":33,"playtime":3555,"items_purged":["Pain"],"score":263,"play_id":"5b05f20a-36a4-4848-9d3d-29542ef6172e","local_time":"20201222133514","is_ascension_mode":false,"campfire_choices":[{"data":"champ:PreciseThrust","floor":8,"key":"SMITH"},{"floor":11,"key":"RECALL"},{"data":"champ:Improvising","floor":18,"key":"SMITH"},{"data":"champ:CrookedStrike","floor":25,"key":"SMITH"},{"floor":29,"key":"REST"}],"circlet_count":0,"master_deck":["champ:Strike","champ:Strike","champ:Defend","champ:Defend","champ:Defend","champ:Defend","champ:Execute","champ:Taunt","champ:Circumvent","champ:GladiatorsShout","champ:PreciseThrust+1","champ:Haymaker","champ:DefensiveStyle","champ:Duel","champ:ShieldThrow","champ:ShieldSlam","champ:BladeFlurry","champ:BringItOn","champ:CrookedStrike+1","champ:Improvising+1","champ:ShieldWall+1","champ:GladiatorStyle+1","champ:CrookedStrike","champ:StrikeOfGenius","champ:HoldFirm","champ:ViciousMockery","champ:StanceDance+1","champ:VampiricStrike","champ:RisingSlash+1","champ:CalledShot+1","champ:DefensiveShout+1"],"relics":["champ:ChampionCrown","downfall:HeartsMalice","WarpedTongs","Bag of Marbles","champ:FightingForDummies","downfall:HeartBlessingGreen","hubris:Backtick","Calipers","downfall:HeartBlessingRed","hubris:Icosahedron","MutagenicStrength","hubris:TenFootPole","downfall:HeartBlessingBlue"],"acts_visited":["Exordium","TheCity"],"potions_floor_usage":[16,16,28,32,33],"damage_taken":[{"damage":0,"enemies":"Small Slimes","floor":2,"turns":1},{"damage":0,"enemies":"Cultist","floor":5,"turns":1},{"damage":0,"enemies":"2 Louse","floor":6,"turns":1},{"damage":33,"enemies":"Replay:BlueRogue","floor":9,"turns":7},{"damage":8,"enemies":"Large Slime","floor":10,"turns":6},{"damage":8,"enemies":"downfall:FleeingMerchant","floor":12,"turns":4},{"damage":22,"enemies":"Exordium Wildlife","floor":13,"turns":4},{"damage":12,"enemies":"Gremlin Gang","floor":14,"turns":6},{"damage":9,"enemies":"Blue Slaver","floor":15,"turns":3},{"damage":13,"enemies":"downfall:Watcher","floor":16,"turns":8},{"damage":11,"enemies":"3 Byrds","floor":19,"turns":6},{"damage":7,"enemies":"Spheric Guardian","floor":20,"turns":4},{"damage":8,"enemies":"downfall:FleeingMerchant","floor":21,"turns":4},{"damage":0,"enemies":"downfall:FleeingMerchant","floor":23,"turns":4},{"damage":23,"enemies":"downfall:Augmenter","floor":26,"turns":6},{"damage":29,"enemies":"Snecko","floor":27,"turns":6},{"damage":38,"enemies":"Gremlin Leader","floor":28,"turns":8},{"damage":8,"enemies":"downfall:FleeingMerchant","floor":30,"turns":4},{"damage":5,"enemies":"Centurion and Healer","floor":31,"turns":4},{"damage":10,"enemies":"Sentry and Sphere","floor":32,"turns":4},{"damage":77,"enemies":"downfall:Silent","floor":33,"turns":10}],"seed_played":"8620524039637364607","potions_obtained":[{"floor":9,"key":"Toxic Potion"},{"floor":10,"key":"Strength Potion"},{"floor":27,"key":"Strength Potion"},{"floor":28,"key":"ColorlessPotion"},{"floor":32,"key":"Swift Potion"}],"is_trial":false,"path_per_floor":["R_BF","M","?","?","M","M","T","R","E","M","R","$","M","M","M","B",null,"R","M","M","$","?","$","T","R","?","M","E","R","$","M","M","B"],"character_chosen":"THE_CHAMP","items_purchased":["champ:BladeFlurry"],"campfire_rested":1,"item_purchase_floors":[12],"current_hp_per_floor":[90,90,90,90,90,90,90,90,67,59,59,56,39,32,23,10,90,90,84,82,79,79,79,79,79,56,44,11,51,65,86,76,0,0,0],"gold":117,"neow_bonus":"THREE_ENEMY_KILL","is_daily":false,"chose_seed":false,"campfire_upgraded":3,"win_rate":0.0,"timestamp":1608633314,"path_taken":["R_BF","M","?","?","M","M","T","R","E","M","R","$","M","?","M","BOSS","R","M","M","$","?","$","T","R","?","M","E","R","$","M","M","BOSS"],"items_purchased_type":["Card"],"build_version":"2020-12-13","purchased_purges":1,"victory":false,"max_hp_per_floor":[90,90,90,90,90,90,90,90,90,90,90,90,90,90,90,90,90,90,90,90,90,90,90,90,90,90,90,90,100,100,100,100,100,100,100],"card_choices":[{"not_picked":["champ:FalseCounter","champ:BerserkersShout"],"picked":"champ:GladiatorsShout","floor":2},{"not_picked":["champ:Shatter","champ:GladiatorsShout"],"picked":"champ:Haymaker","floor":5},{"not_picked":["champ:ViciousMockery","champ:Circumvent"],"picked":"champ:DefensiveStyle","floor":6},{"not_picked":["champ:Haymaker","champ:Riposte"],"picked":"champ:Duel","floor":9},{"not_picked":["champ:GladiatorsShout","champ:StanceDance"],"picked":"champ:ShieldThrow","floor":10},{"not_picked":["champ:Backstep","champ:FocusedGladiator"],"picked":"champ:ShieldSlam","floor":12},{"not_picked":["champ:EndlessRage","champ:DefensiveShout"],"picked":"champ:BringItOn","floor":13},{"not_picked":["champ:EnragedBash","champ:GutPunch","champ:EndlessRage"],"picked":"SKIP","floor":14},{"not_picked":["champ:PerfectedStrike","champ:Duel"],"picked":"champ:CrookedStrike","floor":15},{"not_picked":["champ:PerfectForm","champ:IgnorePain"],"picked":"champ:Improvising","floor":16},{"not_picked":["champ:Encircle+1","champ:AdrenalArmor"],"picked":"champ:ShieldWall+1","floor":19},{"not_picked":["champ:DefensiveShout","champ:AdrenalArmor+1"],"picked":"champ:GladiatorsShout","floor":20},{"not_picked":["champ:BerserkersShout","champ:FanOfKnives"],"picked":"champ:GladiatorStyle+1","floor":21},{"not_picked":["champ:BerserkerStyle","champ:Backstep"],"picked":"champ:CrookedStrike","floor":23},{"not_picked":["champ:GladiatorsShout+1","champ:FanOfKnives"],"picked":"champ:ViciousMockery","floor":26},{"not_picked":["champ:FanOfKnives+1","champ:CrookedStrike"],"picked":"champ:StanceDance+1","floor":27},{"not_picked":["champ:TornadoPunch","champ:Haymaker+1"],"picked":"champ:VampiricStrike","floor":28},{"not_picked":["champ:ShieldThrow","champ:FanOfKnives"],"picked":"champ:RisingSlash+1","floor":30},{"not_picked":["champ:Encircle+1","champ:FlashCut+1"],"picked":"champ:CalledShot+1","floor":31},{"not_picked":["champ:RisingSlash+1","champ:Circumvent"],"picked":"champ:DefensiveShout+1","floor":32}],"player_experience":360481,"relics_obtained":[{"floor":7,"key":"Bag of Marbles"},{"floor":9,"key":"champ:FightingForDummies"},{"floor":26,"key":"MutagenicStrength"},{"floor":28,"key":"hubris:TenFootPole"}],"event_choices":[{"damage_healed":0,"gold_gain":0,"player_choice":"Rummage","damage_taken":0,"relics_obtained":["WarpedTongs"],"max_hp_gain":0,"max_hp_loss":0,"event_name":"Accursed Blacksmith","floor":4,"gold_loss":0,"cards_obtained":["Pain"]}],"is_beta":false,"boss_relics":[{"not_picked":["Replay:Drink Me","Replay:Ancient Bell"],"picked":"hubris:Backtick"}],"items_purged_floors":[21],"is_endless":false,"potions_floor_spawned":[9,10,27,28,32],"killed_by":"downfall:Silent","ascension_level":0}}