{"host":"36ls4ricihodphgx","time":1608637163,"event":{"mods":["AchievementEnabler","BaseMod","Colored Map","Downfall","Hermit","HololiveMod","Marisa????????","Minty Spire (QoL Compilation)","Replay The Spire","StSLib","The Animator","The Cursed","The Servant 0.9.4"],"gold_per_floor":[125,71,71,86,86,86,106,106,106,106,119,131,162,194,194,296,296,340,265,91,105,0,0,0],"floor_reached":23,"playtime":1237,"items_purged":["Overencumbered"],"score":191,"play_id":"3dd29b7e-aca2-4f4d-b60b-d106561b4129","local_time":"20201222043923","is_ascension_mode":false,"campfire_choices":[{"data":"animator:Vanir","floor":6,"key":"SMITH"},{"data":"animator:Vanir","floor":8,"key":"SMITH"},{"floor":15,"key":"REST"}],"circlet_count":0,"master_deck":["animator:Strike_Konosuba","animator:Defend_Konosuba","animator:Strike","animator:Defend","animator:Kazuma","animator:Vanir+1","animator:Vanir+1","animator:Aqua","animator:Aqua","animator:Verdia","animator:Mitsurugi","animator:Darkness","animator:Mitsurugi","animator:YunYun","animator:Megumin+2"],"relics":["animator:LivingPicture","animator:TheMissingPiece","NeowsBlessing","Replay:Baseball","Potion Belt","White Beast Statue","animator:RacePiece","ReplayTheSpireMod:CursedCoin","ReplayTheSpireMod:Shallot"],"acts_visited":["Exordium","TheCity"],"potions_floor_usage":[16,16,16,16,21,23],"damage_taken":[{"damage":0,"enemies":"Small Slimes","floor":1,"turns":1},{"damage":0,"enemies":"Cultist","floor":4,"turns":1},{"damage":0,"enemies":"2 Louse","floor":7,"turns":1},{"damage":8,"enemies":"Blue Slaver","floor":11,"turns":3},{"damage":0,"enemies":"Lots of Slimes","floor":12,"turns":4},{"damage":34,"enemies":"Lagavulin","floor":13,"turns":6},{"damage":7,"enemies":"Large Slime","floor":14,"turns":8},{"damage":57,"enemies":"Fading Forest","floor":16,"turns":11},{"damage":18,"enemies":"3 Byrds","floor":18,"turns":5},{"damage":2,"enemies":"Shell Parasite","floor":21,"turns":3},{"damage":84,"enemies":"Gremlin Leader","floor":23,"turns":9}],"seed_played":"-3395399146720423353","potions_obtained":[{"floor":1,"key":"Toxic Potion"},{"floor":7,"key":"Fire Potion"},{"floor":12,"key":"Energy Potion"},{"floor":13,"key":"Adrenaline Potion"},{"floor":14,"key":"Venom Potion"},{"floor":16,"key":"Energy Potion"},{"floor":18,"key":"DuplicationPotion"},{"floor":21,"key":"sneckomod:MuddlingPotion"}],"is_trial":false,"path_per_floor":["M","$","?","M","?","R","M","R","T","?","M","M","E","M","R","B",null,"M","?","$","M","?","E"],"character_chosen":"THE_ANIMATOR","items_purchased":["animator:Vanir","ReplayTheSpireMod:CursedCoin","ReplayTheSpireMod:Shallot"],"campfire_rested":1,"item_purchase_floors":[2,20,20],"current_hp_per_floor":[66,66,66,66,66,66,66,66,66,66,61,67,39,38,58,32,68,59,59,59,61,61,0,0],"gold":0,"neow_bonus":"THREE_ENEMY_KILL","is_daily":false,"chose_seed":false,"campfire_upgraded":2,"win_rate":0.0,"timestamp":1608637163,"path_taken":["M","$","?","?","?","R","M","R","T","?","M","?","E","M","R","BOSS","M","?","$","M","?","E"],"items_purchased_type":["Card","Relic","Relic"],"build_version":"2020-12-13","purchased_purges":1,"victory":false,"max_hp_per_floor":[66,66,66,66,66,66,66,66,66,66,67,67,67,67,67,68,68,68,68,68,68,68,68,68],"card_choices":[{"not_picked":["animator:YachiyoNanami","animator:SilverFang"],"picked":"animator:Vanir","floor":1},{"not_picked":["animator:Tet","animator:YachiyoNanami"],"picked":"animator:Aqua","floor":4},{"not_picked":["animator:GuildGirl","animator:YuiTsuruno","animator:Demiurge"],"picked":"SKIP","floor":7},{"not_picked":["animator:Aqua","animator:Kazuma"],"picked":"animator:Verdia","floor":11},{"not_picked":["animator:SilverFang","animator:LizardPriest","animator:YuiTsuruno"],"picked":"SKIP","floor":12},{"not_picked":["animator:NarberalGamma","animator:PandorasActor","animator:Shizu"],"picked":"SKIP","floor":13},{"not_picked":["animator:GuildGirl","animator:YunYun"],"picked":"animator:Mitsurugi","floor":14},{"not_picked":["animator:Boros","animator:Shizu"],"picked":"animator:Eris","floor":16},{"not_picked":["animator:Verdia","animator:Mitsurugi"],"picked":"animator:Megumin","floor":18},{"not_picked":["animator:DolaRiku","animator:SuzuneAmano","animator:NagisaMomoe"],"picked":"SKIP","floor":21}],"player_experience":4183,"relics_obtained":[{"floor":9,"key":"Potion Belt"},{"floor":13,"key":"White Beast Statue"}],"event_choices":[{"cards_removed":["animator:Defend"],"damage_healed":0,"gold_gain":0,"player_choice":"Purged","damage_taken":0,"max_hp_gain":0,"max_hp_loss":0,"event_name":"Purifier","floor":3,"gold_loss":0},{"damage_healed":0,"gold_gain":0,"player_choice":"Box","damage_taken":0,"relics_obtained":["Replay:Baseball"],"max_hp_gain":0,"max_hp_loss":0,"event_name":"Big Fish","floor":5,"gold_loss":0,"cards_obtained":["Regret"]},{"damage_healed":0,"gold_gain":0,"cards_transformed":["animator:Strike"],"player_choice":"Transformed","damage_taken":0,"max_hp_gain":0,"max_hp_loss":0,"event_name":"Transmorgrifier","floor":10,"gold_loss":0,"cards_obtained":["animator:Aqua"]},{"cards_removed":["animator:Aqua"],"damage_healed":0,"gold_gain":0,"player_choice":"Gave Gold","damage_taken":0,"max_hp_gain":0,"max_hp_loss":0,"event_name":"Beggar","floor":19,"gold_loss":75},{"damage_healed":0,"gold_gain":0,"player_choice":"Paid Fearfully","damage_taken":0,"max_hp_gain":0,"max_hp_loss":0,"event_name":"Masked Bandits","floor":22,"gold_loss":105}],"is_beta":false,"boss_relics":[{"not_picked":["Velvet Choker","Replay:Bronze Core"],"picked":"animator:RacePiece"}],"items_purged_floors":[20],"is_endless":false,"potions_floor_spawned":[1,7,12,13,14,16,18,21],"killed_by":"Gremlin Leader","ascension_level":0}}