{"host":"wppa8gky53tnknhf","time":1608646306,"event":{"mods":["AchievementEnabler","Act Like it!","BaseMod","Better Third Choice","BetterRewards","Card Forge","Colored Powertips","Energized Spire","Hubris","Infinite Spire","Marked Mod","Minty Spire (QoL Compilation)","Permanent Neow","Quick Restart","Rare Cards Sparkle","Relic Stats","Remove Card Discount Mod","Replay The Spire","Spikes Relics","Spire Birthday Party","StSLib"],"gold_per_floor":[113,113,132,151,163,197,226,254,292,258,285,285,320,330,330,433,433,445,445,445,457,470,501,513,539,590,609,609,625,651,664,664,761,761,772,792,792,463,463,463,463,463,463,498,498,498,524,534,534,534,534],"floor_reached":50,"playtime":1604,"items_purged":[],"score":771,"play_id":"58f026f9-223f-4a19-97bc-ba30778ce9a7","local_time":"20201222141146","is_ascension_mode":true,"campfire_choices":[{"floor":12.0,"key":"REST"},{"floor":15.0,"key":"RECALL"},{"floor":28.0,"key":"REST"},{"floor":32.0,"key":"REST"},{"floor":41.0,"key":"REST"},{"floor":46,"key":"REST"},{"floor":49,"key":"REST"}],"circlet_count":0,"master_deck":["Strike_B+1","Strike_B+1","Strike_B+1","Strike_B+1","Defend_B+1","Defend_B+1","Defend_B+1","Defend_B+1","Zap+1","Dualcast+1","Streamline+1","Capacitor+1","Beam Cell+1","Conserve Battery+1","Leap+1","Barrage+1","Sunder+1","Ball Lightning+1","Ball Lightning+1","Ball Lightning+1","Beam Cell+1","Barrage+1","Ball Lightning+1","Ball Lightning+1","Sweeping Beam+1","Go for the Eyes+1","Doom and Gloom+1","Ball Lightning+1","White Noise+1","Barrage+1","Melter+1","Storm+1","Streamline+1","Beam Cell+1"],"relics":["Cracked Core","Hammer of Thor","Seething Fire","Anvil of the Gods","hubris:64BitClover","MawBank","Mercury Hourglass","SnailShell","Replay:Grab Bag","Sozu","energizedSpire:EnergizedDie","Inserter","Black Star","Anchor","SpikesRelics:DaevaFist","Lantern","Eternal Feather","RollingBoulder","CosmicIsotope","hubris:Icosahedron","Replay:Ringing Soul","Blue Doll","MealTicket","Orichalcum","RoseTintedShades"],"acts_visited":["Exordium","TheCity","TheBeyond"],"potions_floor_usage":[],"damage_taken":[{"damage":0.0,"enemies":"Small Slimes","floor":1.0,"turns":2.0},{"damage":0.0,"enemies":"Jaw Worm","floor":3.0,"turns":2.0},{"damage":0.0,"enemies":"Cultist","floor":4.0,"turns":3.0},{"damage":16.0,"enemies":"3 Louse","floor":5.0,"turns":3.0},{"damage":4.0,"enemies":"Gremlin Nob","floor":6.0,"turns":3.0},{"damage":0.0,"enemies":"2 Fungi Beasts","floor":7.0,"turns":3.0},{"damage":0.0,"enemies":"Looter","floor":8.0,"turns":3.0},{"damage":18.0,"enemies":"Lagavulin","floor":11.0,"turns":5.0},{"damage":0.0,"enemies":"3 Sentries","floor":13.0,"turns":3.0},{"damage":0.0,"enemies":"Gremlin Gang","floor":14.0,"turns":2.0},{"damage":13.0,"enemies":"Hexaghost","floor":16.0,"turns":5.0},{"damage":0.0,"enemies":"Spheric Guardian","floor":18.0,"turns":3.0},{"damage":5.0,"enemies":"Chosen","floor":20.0,"turns":3.0},{"damage":5.0,"enemies":"Shelled Parasite and Fungi","floor":21.0,"turns":4.0},{"damage":2.0,"enemies":"Chosen and Byrds","floor":22.0,"turns":3.0},{"damage":20.0,"enemies":"Book of Stabbing","floor":23.0,"turns":5.0},{"damage":0.0,"enemies":"3 Cultists","floor":24.0,"turns":3.0},{"damage":0.0,"enemies":"Slavers","floor":25.0,"turns":3.0},{"damage":0.0,"enemies":"Centurion and Healer","floor":27.0,"turns":3.0},{"damage":0.0,"enemies":"Sentry and Sphere","floor":29.0,"turns":3.0},{"damage":0.0,"enemies":"Replay:Snechameleon","floor":30.0,"turns":3.0},{"damage":0.0,"enemies":"Shelled Parasite and Fungi","floor":31.0,"turns":3.0},{"damage":40.0,"enemies":"Automaton","floor":33.0,"turns":8.0},{"damage":0.0,"enemies":"3 Shapes","floor":35.0,"turns":4.0},{"damage":0.0,"enemies":"Orb Walker","floor":36.0,"turns":2.0},{"damage":0.0,"enemies":"Transient","floor":40.0,"turns":5.0},{"damage":52,"enemies":"Reptomancer","floor":44,"turns":5},{"damage":40,"enemies":"Giant Head","floor":47,"turns":7},{"damage":17,"enemies":"4 Shapes","floor":48,"turns":4},{"damage":79,"enemies":"Awakened One","floor":50,"turns":9}],"seed_played":"-8393846580349351337","potions_obtained":[{"floor":3.0,"key":"Strength Potion"},{"floor":5.0,"key":"Dexterity Potion"},{"floor":7.0,"key":"FocusPotion"},{"floor":13.0,"key":"Strength Potion"}],"is_trial":false,"path_per_floor":["M","?","M","M","M","E","M","M","T","$","E","R","E","M","R","B",null,"M","?","M","M","M","E","M","E","T","M","R","M","E","M","R","B",null,"M","M","?","$","?","M","R","AVR","T","E","?","R","E","M","R","B"],"character_chosen":"DEFECT","items_purchased":["Ball Lightning","Storm","Replay:Ringing Soul"],"campfire_rested":6,"item_purchase_floors":[10,38,38],"current_hp_per_floor":[75,75,75,75,59,55,55,55,55,55,37,59,59,59,59,46,75,75,75,70,65,63,43,43,43,43,43,65,65,65,65,75,35,75,75,75,75,75,75,75,75,75,75,26,49,81,44,27,70,0,0],"gold":534,"neow_bonus":"ONE_RARE_RELIC","is_daily":false,"chose_seed":false,"campfire_upgraded":0,"win_rate":0.0,"timestamp":1608646306,"path_taken":["M","?","M","M","M","E","M","M","T","$","E","R","E","M","R","BOSS","M","?","M","M","M","E","M","E","T","M","R","M","E","M","R","BOSS","M","M","?","$","?","M","R","AVR","T","E","?","R","E","M","R","BOSS"],"items_purchased_type":["Card","Card","Relic"],"build_version":"2020-12-13","purchased_purges":0,"victory":false,"max_hp_per_floor":[75,75,75,75,75,75,75,75,75,75,75,75,75,75,75,75,75,75,75,75,75,75,75,75,75,75,75,75,75,75,75,75,75,75,75,75,75,75,75,75,75,75,75,78,81,81,84,84,84,84,84],"relic_stats":{"Sozu":6,"Inserter":[39],"counters":[30,113],"Eternal Feather":46,"MealTicket":0,"Black Star":5,"Orichalcum":[48],"MawBank":48,"obtain_stats":[{"SnailShell":14,"Lantern":27,"Blue Doll":42,"RoseTintedShades":47,"Hammer of Thor":0,"Sozu":17,"Replay:Ringing Soul":38,"hubris:Icosahedron":37,"RollingBoulder":30,"MealTicket":44,"Cracked Core":0,"Inserter":17,"hubris:64BitClover":0,"Replay:Grab Bag":17,"energizedSpire:EnergizedDie":17,"Eternal Feather":30,"Seething Fire":0,"Orichalcum":44,"MawBank":6,"Mercury Hourglass":11,"Anchor":23,"Anvil of the Gods":0,"Black Star":17,"SpikesRelics:DaevaFist":26,"CosmicIsotope":34},{"SnailShell":10,"Lantern":19,"Blue Doll":26,"RoseTintedShades":28,"Hammer of Thor":0,"Sozu":11,"Replay:Ringing Soul":25,"hubris:Icosahedron":25,"RollingBoulder":21,"MealTicket":27,"Cracked Core":0,"Inserter":11,"hubris:64BitClover":0,"Replay:Grab Bag":11,"energizedSpire:EnergizedDie":11,"Eternal Feather":21,"Seething Fire":0,"Orichalcum":27,"MawBank":5,"Mercury Hourglass":8,"Anchor":16,"Anvil of the Gods":0,"Black Star":11,"SpikesRelics:DaevaFist":18,"CosmicIsotope":23},{"SnailShell":29,"Lantern":60,"Blue Doll":88,"RoseTintedShades":100,"Hammer of Thor":0,"Sozu":34,"Replay:Ringing Soul":83,"hubris:Icosahedron":83,"RollingBoulder":66,"MealTicket":93,"Cracked Core":0,"Inserter":34,"hubris:64BitClover":0,"Replay:Grab Bag":34,"energizedSpire:EnergizedDie":34,"Eternal Feather":66,"Seething Fire":0,"Orichalcum":93,"MawBank":13,"Mercury Hourglass":24,"Anchor":51,"Anvil of the Gods":0,"Black Star":34,"SpikesRelics:DaevaFist":57,"CosmicIsotope":77}],"Mercury Hourglass":[309]},"card_choices":[{"not_picked":["Storm","Darkness"],"picked":"Streamline","floor":1.0},{"not_picked":["Compile Driver","Redo"],"picked":"Capacitor","floor":3.0},{"not_picked":["Reprogram","Conserve Battery"],"picked":"Beam Cell","floor":4.0},{"not_picked":["Melter","Coolheaded"],"picked":"Conserve Battery","floor":5.0},{"not_picked":["Meteor Strike","Rebound"],"picked":"Leap","floor":6.0},{"not_picked":["Glacier","Coolheaded"],"picked":"Barrage","floor":7.0},{"not_picked":["Rip and Tear","Redo"],"picked":"Sunder","floor":8.0},{"not_picked":["ReplaySolidLightProjector","Meteor Strike"],"picked":"Ball Lightning","floor":11.0},{"not_picked":["Steam Power","Time Bomb"],"picked":"Ball Lightning","floor":13.0},{"not_picked":["Panic Button","Go for the Eyes"],"picked":"Beam Cell","floor":14.0},{"not_picked":["Streamline+1","BasicCrystalCard+1","ReplayTheSpireMod:Reroute Power+1"],"picked":"SKIP","floor":18.0},{"not_picked":["ReplayTheSpireMod:System Scan","Coolheaded"],"picked":"Barrage+1","floor":20.0},{"not_picked":["Go for the Eyes+1","Barrage"],"picked":"Ball Lightning+1","floor":21.0},{"not_picked":["Panic Button","Gash+1"],"picked":"Ball Lightning","floor":22.0},{"not_picked":["Rebound","Streamline"],"picked":"Sweeping Beam","floor":23.0},{"not_picked":["Rebound","Coolheaded","Double Energy"],"picked":"SKIP","floor":24.0},{"not_picked":["Beam Cell","Steam+1"],"picked":"Go for the Eyes","floor":25.0},{"not_picked":["BasicCrystalCard","Reprogram"],"picked":"Doom and Gloom","floor":27.0},{"not_picked":["Loop","Multi-Cast"],"picked":"Ball Lightning","floor":29.0},{"not_picked":["Gash+1","Beam Cell"],"picked":"White Noise","floor":30.0},{"not_picked":["ReplayTheSpireMod:Reroute Power","Hologram","Time Bomb"],"picked":"SKIP","floor":31.0},{"not_picked":["Cold Snap","Streamline"],"picked":"Barrage+1","floor":35.0},{"not_picked":["Crystallizer","Beam Cell"],"picked":"Melter","floor":36.0},{"not_picked":["Hello World+1","Panic Button","Amplify"],"picked":"SKIP","floor":40.0},{"not_picked":["Streamline","Gash+1","Rebound"],"picked":"SKIP","floor":44},{"not_picked":["Gash+1","Rebound"],"picked":"Streamline","floor":44},{"not_picked":["Multi-Cast","Compile Driver"],"picked":"Beam Cell+1","floor":47},{"not_picked":["Beam Cell+1","Time Bomb+1","Hello World+1"],"picked":"SKIP","floor":48}],"player_experience":676643,"relics_obtained":[{"floor":6.0,"key":"MawBank"},{"floor":11.0,"key":"Mercury Hourglass"},{"floor":14.0,"key":"SnailShell"},{"floor":23.0,"key":"Anchor"},{"floor":26.0,"key":"SpikesRelics:DaevaFist"},{"floor":27.0,"key":"Lantern"},{"floor":30.0,"key":"Eternal Feather"},{"floor":30.0,"key":"RollingBoulder"},{"floor":44,"key":"MealTicket"},{"floor":44,"key":"Orichalcum"},{"floor":47,"key":"RoseTintedShades"}],"event_choices":[{"damage_healed":0.0,"max_hp_gain":0.0,"max_hp_loss":0.0,"gold_gain":0.0,"event_name":"Accursed Blacksmith","player_choice":"Ignored","floor":19.0,"gold_loss":0.0,"damage_taken":0.0},{"damage_healed":0.0,"max_hp_gain":0.0,"max_hp_loss":0.0,"gold_gain":0.0,"event_name":"Tomb of Lord Red Mask","player_choice":"Ignored","floor":39.0,"gold_loss":0.0,"damage_taken":0.0},{"damage_healed":20,"gold_gain":0,"player_choice":"Writhe","damage_taken":0,"max_hp_gain":0,"max_hp_loss":0,"event_name":"Winding Halls","floor":45,"gold_loss":0,"cards_obtained":["Writhe"]}],"is_beta":false,"boss_relics":[{"not_picked":["AncientExoskeleton","hubris:GrandSneckoEye"],"picked":"Replay:Grab Bag"},{"not_picked":["Coffee Dripper","Velvet Choker"],"picked":"Sozu"},{"not_picked":["energizedSpire:MagnifyingGlass","Ectoplasm"],"picked":"energizedSpire:EnergizedDie"},{"not_picked":["Replay:Drink Me","Kintsugi"],"picked":"Inserter"},{"not_picked":["Pandora\u0027s Box","hubris:HollowSoul"],"picked":"Black Star"},{"not_picked":["Painkiller Herb","energizedSpire:StickyHand"],"picked":"CosmicIsotope"}],"items_purged_floors":[],"is_endless":false,"potions_floor_spawned":[3,5,7,13,20,21,25,27,29,36,44],"killed_by":"Awakened One","ascension_level":1}}