{"host":"95z455tvs39jqwbd","time":1608613457,"event":{"mods":["2.2 Compatiblity","Abigail Mod","AchievementEnabler","Act Like it!","Aspiration","Astrologer","BaseMod","Bestiary","Better Match","Better Third Choice","BetterRewards","Challenge The Spire","Colored Map","Conspire","Curses Come First","Custom Start","DeckTracker","Defuse TimeMaze Blight","Downfall","Duelist Mod","Ekko","Elementarium","Friendly Minions","GifTheSpireLib","Grow up Mod","Halation","Hallownest","Hermit","Hero for Fun","Hubris","Infinite Spire","JesterMod","Jorbs\u0027s Wanderer Trilogy","Kiyohime????","Luminous","Marisa????????","Mimic Mod","Minty Spire (QoL Compilation)","Pale of the Ancients","Permanent Neow","READ ME - Guardian Mod","Rare Cards Sparkle","Remove Card Discount Mod","Replay The Spire","Shade Mod","Spikes Relics","StSLib","Stuff the Spire","SuperFastMode","The Administrix","The Awakened One except there are too many feathers","The Construct","The Cursed","The Death Knight","The Disciple","The Exalted","The Factory","The Forsaken","The Hayseed","The Hierophant","The Judge","The Jungle","The Marked","The Mystic","The Necromancer","The Runesmith","The Servant 0.9.4","TheArtist","TheBandit","TheSwordswoman","Treasure Hunter","Uncapped","Unceasing Turn Reminder","Waifu the Spire","Yuyuko","vexMod"],"gold_per_floor":[99,110,124,124,224,149,149,184,197,212,277,291,355,405,425,520,520,445,457,507,600,618,668,668,684,719,644,662,686,109,120,139,236,236,236,253,303,353,416,432,432,432,84,112,112,162,227,227,246,247],"floor_reached":51,"playtime":2929,"items_purged":["hexamod:FourthSeal"],"score":860,"play_id":"7029122b-2904-4b13-9676-4fa515b77130","local_time":"20201222060417","is_ascension_mode":false,"campfire_choices":[{"floor":1,"key":"RECALL"},{"floor":6,"key":"REST"},{"floor":18,"key":"DIG"},{"floor":27,"key":"REST"},{"data":"hexamod:TurnItUp","floor":42,"key":"SMITH"},{"data":"hexamod:EmpoweringStance","floor":42,"key":"SMITH"},{"data":"hexamod:GhostflameInferno","floor":45,"key":"SMITH"},{"data":"TH:CursedSword","floor":45,"key":"SMITH"}],"circlet_count":0,"master_deck":["hexamod:Strike","hexamod:Strike","hexamod:Strike","hexamod:Strike+1","hexamod:Defend","hexamod:Defend","hexamod:Defend","hexamod:Defend","hexamod:Sear","hexamod:Float","hexamod:NightmareStrike","hexamod:EmpoweredFlame","hexamod:ChargedBarrage","TH:CursedSword+1","hexamod:GhostShield","TH:Mimic","hexamod:NightmareGuise+1","hexamod:TimeOfNeed","hexamod:Haunt+1","hexamod:NightmareStrike","hexamod:AdvancingGuard+1","TH:CopperCoins","hexamod:GhostflameBarrier","hexamod:GhostLash+1","hexamod:Hexaguard+1","hexamod:SwordOfDarkness","hexamod:AdvancingGuard+1","hexamod:GhostflameInferno+1","StuffTheSpire:Innocence+1","TH:CursedSword+1","hexamod:RadiantFlame","hexamod:NightmareGuise","hexamod:ShieldOfDarkness","hexamod:SpectersWail+1","hexamod:TurnItUp+1","hexamod:GhostLash+1","hexamod:Rewind","hexamod:EmpoweredFlame","hexamod:StepThrough","hexamod:SoulSteal","hexamod:BacktrackSmack","hexamod:RainOfEmbers+1","TH:DeckOfManyThings+1","hexamod:EmpoweringStance+1","hexamod:HeatCrush+1","hexamod:NightmareStrike","hexamod:ExtraCrispy+1","TH:CopperCoins","hexamod:ThermalTransfer+1","expansioncontent:StudyTheSpire","Survey Options","hexamod:ThermalTransfer+1","hexamod:HeatMetal+1","hexamod:BurningTouch","hexamod:FastForward","hexamod:FastForward","TH:BikiniMail","hexamod:Hexaguard+1","hexamod:GhostflameInferno","hexamod:TimeWarp+1","infinitespire:Fortify","hexamod:GhostShield+1"],"relics":["hexamod:SpiritBrand","downfall:CloakOfManyFaces","CultistMask","FaceOfCleric","NlothsMask","GremlinMask","SsserpentHead","downfall:HeartBlessingRed","aspiration:StickyExplosives_weak","Black Star","downfall:HeartBlessingGreen","Bromod:ArcanePistoleer","aspiration:RitualStick","MiniBlackHole","downfall:HeartBlessingBlue","hexamod:TheBrokenSeal","Membership Card","Replay:Arrowhead","Strawberry","aspiration:SecretTechniqueScroll","hubris:Icosahedron","Molten Egg 2","construct:RocketBooster","BargainBundle","theForsaken:Gavel","BranchBurnRelic","theForsaken:PaleLantern","Blood Vial"],"acts_visited":["Exordium","TheCity","TheBeyond"],"potions_floor_usage":[5,8,16,16,22,28,28,28,28,32,39,40],"damage_taken":[{"damage":6,"enemies":"Small Slimes","floor":2,"turns":4},{"damage":10,"enemies":"Jaw Worm","floor":3,"turns":4},{"damage":65,"enemies":"downfall:FaceTrader","floor":5,"turns":16},{"damage":36,"enemies":"Lagavulin","floor":8,"turns":8},{"damage":9,"enemies":"Cultist","floor":9,"turns":4},{"damage":20,"enemies":"Lots of Slimes","floor":10,"turns":6},{"damage":13,"enemies":"2 Fungi Beasts","floor":11,"turns":5},{"damage":6,"enemies":"Exordium Wildlife","floor":12,"turns":3},{"damage":8,"enemies":"3 Louse","floor":13,"turns":2},{"damage":8,"enemies":"Blue Slaver","floor":15,"turns":4},{"damage":56,"enemies":"downfall:Ironclad","floor":16,"turns":10},{"damage":35,"enemies":"Shell Parasite","floor":19,"turns":6},{"damage":22,"enemies":"Snake Plant","floor":21,"turns":15},{"damage":47,"enemies":"Snake Plant","floor":22,"turns":5},{"damage":47,"enemies":"Cultist and Chosen","floor":25,"turns":7},{"damage":1,"enemies":"downfall:FleeingMerchant","floor":26,"turns":4},{"damage":43,"enemies":"Shelled Parasite and Fungi","floor":28,"turns":9},{"damage":49,"enemies":"Snake Plant","floor":29,"turns":7},{"damage":0,"enemies":"downfall:FleeingMerchant","floor":30,"turns":4},{"damage":10,"enemies":"Cultist and Chosen","floor":31,"turns":6},{"damage":24,"enemies":"Sentry and Sphere","floor":32,"turns":5},{"damage":72,"enemies":"downfall:Watcher","floor":33,"turns":11},{"damage":15,"enemies":"Orb Walker","floor":36,"turns":3},{"damage":16,"enemies":"3 Shapes","floor":39,"turns":4},{"damage":18,"enemies":"Transient","floor":40,"turns":5},{"damage":0,"enemies":"downfall:FleeingMerchant","floor":43,"turns":4},{"damage":0,"enemies":"Nemesis","floor":44,"turns":8},{"damage":30,"enemies":"4 Shapes","floor":47,"turns":4},{"damage":8,"enemies":"Spire Growth","floor":49,"turns":4},{"damage":17,"enemies":"downfall:Silent","floor":50,"turns":10}],"seed_played":"4727647239754847351","potions_obtained":[{"floor":2,"key":"Toxic Potion"},{"floor":5,"key":"DeathKnight:RimePotion"},{"floor":8,"key":"LiquidBronze"},{"floor":9,"key":"hexamod:InfernoChargePotion"},{"floor":9,"key":"FearPotion"},{"floor":10,"key":"DistilledChaos"},{"floor":15,"key":"EntropicBrew"},{"floor":16,"key":"EntropicBrew"},{"floor":19,"key":"Explosive Potion"},{"floor":22,"key":"SpeedPotion"},{"floor":33,"key":"Swift Potion"},{"floor":47,"key":"Weak Potion"},{"floor":49,"key":"Slimebound:ThreeZeroPotion"}],"is_trial":false,"path_per_floor":["R_BF","M","M","?","?","R","T","E","M","M","M","M","M","?","M","B",null,"R_BF","M","?","MIM","M","?","T","M","$","R","M","M","$","M","M","B",null,"R_BF","M","?","?","M","M","T","R","$","E","R","?","M","AVR","M","B",null],"character_chosen":"THE_SPIRIT","items_purchased":["Membership Card","Replay:Arrowhead","Strawberry","hexamod:GhostLash+1","hexamod:Rewind","hexamod:EmpoweredFlame","hexamod:StepThrough","hexamod:SoulSteal","construct:RocketBooster","BargainBundle","infinitespire:Satchel","expansioncontent:StudyTheSpire","Survey Options","hexamod:ThermalTransfer+1","hexamod:HeatMetal+1","hexamod:BurningTouch","hexamod:FastForward","hexamod:FourthSeal"],"campfire_rested":2,"item_purchase_floors":[30,30,30,30,30,30,30,30,43,43,43,43,43,43,43,43,43,43],"current_hp_per_floor":[90,94,94,104,49,98,108,83,85,76,74,79,82,92,95,50,258,268,244,254,243,207,217,227,191,201,329,304,405,423,424,411,350,466,476,472,482,507,502,495,505,515,526,537,547,557,550,560,565,561],"gold":247,"neow_bonus":"RANDOM_COMMON_RELIC","is_daily":false,"chose_seed":false,"campfire_upgraded":4,"win_rate":0.0,"timestamp":1608613457,"path_taken":["R_BF","M","M","?","?","R","T","E","M","M","?","M","?","?","M","BOSS","R_BF","M","?","?","M","?","T","M","?","R","M","M","$","M","M","BOSS","R_BF","M","?","?","?","M","T","R","$","E","R","?","?","AVR","M","BOSS"],"items_purchased_type":["Relic","Relic","Relic","Card","Card","Card","Card","Card","Relic","Relic","Relic","Card","Card","Card","Card","Card","Card","Card"],"build_version":"2020-12-13","purchased_purges":1,"victory":true,"max_hp_per_floor":[90,100,110,120,130,140,150,161,172,183,194,205,216,226,237,248,258,268,279,289,300,311,321,331,342,353,373,384,405,423,434,445,456,466,476,487,497,507,518,529,539,549,560,571,581,591,602,612,623,634],"card_choices":[{"not_picked":["hexamod:ThermalTransfer","hexamod:FastForward"],"picked":"hexamod:NightmareStrike","floor":2},{"not_picked":["hexamod:HauntingEcho","hexamod:BurningTouch"],"picked":"hexamod:FourthSeal","floor":3},{"not_picked":["hexamod:SwordOfDarkness","hexamod:HauntingEcho"],"picked":"hexamod:ChargedBarrage","floor":5},{"not_picked":["TH:PixieDust"],"picked":"TH:CursedSword","floor":7},{"not_picked":["hexamod:ShieldOfDarkness","hexamod:RetreatToShadows"],"picked":"hexamod:GhostShield","floor":8},{"not_picked":["TH:TreasureMap"],"picked":"TH:Mimic","floor":8},{"not_picked":["hexamod:DynamicBlow","hexamod:PhantomCloak"],"picked":"hexamod:NightmareGuise","floor":9},{"not_picked":["hexamod:PhantomFireball","hexamod:SwordOfDarkness"],"picked":"hexamod:TimeOfNeed","floor":10},{"not_picked":["hexamod:EtherealExpedition","hexamod:RainOfEmbers"],"picked":"hexamod:Haunt","floor":11},{"not_picked":["hexamod:RetreatToShadows","hexamod:NightmareGuise"],"picked":"hexamod:NightmareStrike","floor":12},{"not_picked":["hexamod:BacktrackSmack","hexamod:SecondSeal"],"picked":"hexamod:AdvancingGuard","floor":13},{"not_picked":["hexamod:AdvancingGuard","hexamod:SwordOfDarkness"],"picked":"hexamod:ThirdSeal","floor":15},{"not_picked":["hexamod:TurnItUp","hexamod:CrushingStance"],"picked":"hexamod:SixthSeal","floor":16},{"not_picked":["TH:DeckOfManyThings"],"picked":"TH:CopperCoins","floor":16},{"not_picked":["hexamod:SixthSeal","hexamod:GhostflameInferno"],"picked":"hexamod:FifthSeal","floor":16},{"not_picked":["hexamod:GhostShield","hexamod:AdvancingGuard"],"picked":"hexamod:GhostflameBarrier","floor":19},{"not_picked":["hexamod:Firestarter","hexamod:BurningTouch"],"picked":"hexamod:GhostLash+1","floor":19},{"not_picked":["hexamod:ThirdSeal","hexamod:FourthSeal"],"picked":"hexamod:SecondSeal","floor":19},{"not_picked":["hexamod:GhostLash","hexamod:GhostOfSpirePresent"],"picked":"hexamod:Hexaguard+1","floor":21},{"not_picked":["hexamod:ThirdSeal","hexamod:HauntingEcho"],"picked":"hexamod:SwordOfDarkness","floor":21},{"not_picked":["hexamod:Firestarter","hexamod:BacktrackSmack"],"picked":"hexamod:AdvancingGuard+1","floor":22},{"not_picked":["hexamod:Firestarter","hexamod:NightmareGuise"],"picked":"hexamod:GhostflameInferno","floor":22},{"not_picked":["StuffTheSpire:Harmony","StuffTheSpire:Vigor"],"picked":"StuffTheSpire:Innocence","floor":23},{"not_picked":["TH:DeckOfManyThings"],"picked":"TH:CursedSword","floor":24},{"not_picked":["hexamod:BurningTouch","hexamod:SpectralAdrenaline"],"picked":"hexamod:RadiantFlame","floor":25},{"not_picked":["hexamod:ThirdSeal","hexamod:SixthSeal"],"picked":"hexamod:FirstSeal","floor":26},{"not_picked":["hexamod:ShieldOfDarkness","hexamod:SixthSeal"],"picked":"hexamod:NightmareGuise","floor":26},{"not_picked":["hexamod:SpectersWail","hexamod:SecondSeal"],"picked":"hexamod:ShieldOfDarkness","floor":28},{"not_picked":["hexamod:SixthSeal","hexamod:ThirdSeal","hexamod:FourthSeal"],"picked":"SKIP","floor":28},{"not_picked":["hexamod:ShieldOfDarkness","hexamod:BurningTouch"],"picked":"hexamod:SpectersWail+1","floor":29},{"not_picked":["hexamod:ShieldOfDarkness","hexamod:ThermalTransfer"],"picked":"hexamod:TurnItUp","floor":30},{"not_picked":["hexamod:BurningTouch","hexamod:HauntingEcho"],"picked":"hexamod:BacktrackSmack","floor":31},{"not_picked":["hexamod:NightmareGuise","hexamod:GhostOfSpirePresent"],"picked":"hexamod:RainOfEmbers+1","floor":32},{"not_picked":["TH:EnergyPotion"],"picked":"TH:DeckOfManyThings","floor":33},{"not_picked":["hexamod:TimeWarp","hexamod:WildfireWeapon"],"picked":"hexamod:EmpoweringStance","floor":33},{"not_picked":["hexamod:NightmareStrike+1","hexamod:ThirdSeal"],"picked":"hexamod:HeatCrush+1","floor":36},{"not_picked":["hexamod:InspiringFlames","hexamod:FirstSeal"],"picked":"hexamod:NightmareStrike","floor":39},{"not_picked":["hexamod:BurningTouch","hexamod:SpectersWail+1"],"picked":"hexamod:ExtraCrispy+1","floor":40},{"not_picked":["TH:Mimic"],"picked":"TH:CopperCoins","floor":41},{"not_picked":["hexamod:NightmareStrike+1","hexamod:AdvancingGuard+1"],"picked":"hexamod:ThermalTransfer+1","floor":43},{"not_picked":["TH:PixieDust"],"picked":"TH:BikiniMail","floor":44},{"not_picked":["hexamod:InspiringFlames","hexamod:FastForward"],"picked":"hexamod:Hexaguard+1","floor":44},{"not_picked":["hexamod:Again","hexamod:NightmareStrike+1"],"picked":"hexamod:TimeWarp+1","floor":47},{"not_picked":["hexamod:BurningTouch","hexamod:Hexaguard+1"],"picked":"hexamod:GhostShield+1","floor":49}],"player_experience":162748,"relics_obtained":[{"floor":5,"key":"downfall:CloakOfManyFaces"},{"floor":8,"key":"aspiration:StickyExplosives_weak"},{"floor":18,"key":"Bromod:ArcanePistoleer"},{"floor":24,"key":"MiniBlackHole"},{"floor":41,"key":"Molten Egg 2"},{"floor":44,"key":"Dead Branch"},{"floor":44,"key":"theForsaken:Gavel"}],"event_choices":[{"damage_healed":15,"gold_gain":0,"player_choice":"Full Heal","damage_taken":0,"max_hp_gain":0,"max_hp_loss":0,"event_name":"Wheel of Change","floor":38,"gold_loss":0}],"is_beta":false,"boss_relics":[{"not_picked":["hubris:HollowSoul","Runic Pyramid"],"picked":"Black Star"},{"not_picked":["ReplayTheSpireMod:DimensionalGlitch","StuffTheSpire:RunicHypercube"],"picked":"aspiration:SecretTechniqueScroll"}],"items_purged_floors":[43],"is_endless":false,"potions_floor_spawned":[2,9,11,13,19,28,29,32,33,47,49],"ascension_level":0}}