{"host":"a61r67bv2jut9r88","time":1608616542,"event":{"mods":["AchievementEnabler","BaseMod","Downfall","Marisa£®ÏF”Í°°ƒß¿Ì…≥£©","Minty Spire (QoL Compilation)","Replay The Spire","Shop Mod","StSLib","SuperFastMode","The Bug Knight","The Cursed","The Servant 0.9.4"],"gold_per_floor":[112,112,162,174,203,215,227,252,264,64,76,88,88,101,101,101,101],"floor_reached":16,"playtime":588,"items_purged":["Replay:Sluggish"],"score":92,"play_id":"1e1dedca-f039-405c-837e-dbd3b120f0b4","local_time":"20201222135542","is_ascension_mode":false,"campfire_choices":[{"floor":6.0,"key":"REST"},{"floor":13,"key":"REST"},{"data":"Hallucinations","floor":15,"key":"PURGE"}],"circlet_count":0,"master_deck":["Strike_S+1","Strike_S","Strike_S","Defend_S","Defend_S","Defend_S","Defend_S+1","KidneyShot+1","Exchange","ShatteredReality+1"],"relics":["Uniform","ReplayTheSpireMod:Ring of Collecting","Ring of Greed","Golden Egg","MawBank","Gremlin Food","Ring of Hypnosis","Blood Vial","Replay:Wax Seal"],"acts_visited":["Exordium"],"potions_floor_usage":[16],"damage_taken":[{"damage":6.0,"enemies":"Jaw Worm","floor":1.0,"turns":3.0},{"damage":0.0,"enemies":"Small Slimes","floor":5.0,"turns":4.0},{"damage":0.0,"enemies":"Cultist","floor":8.0,"turns":4.0},{"damage":0.0,"enemies":"Blue Slaver","floor":11.0,"turns":4.0},{"damage":3.0,"enemies":"Red Slaver","floor":12.0,"turns":3.0},{"damage":3,"enemies":"Lots of Slimes","floor":14,"turns":3},{"damage":70,"enemies":"Hexaghost","floor":16,"turns":15}],"seed_played":"-5893267207793852973","potions_obtained":[{"floor":8.0,"key":"Fruit Juice"},{"floor":11.0,"key":"hexamod:EctoCoolerPotion"}],"is_trial":false,"path_per_floor":["M","?","?","?","M","R","$","M","T","$","M","M","R","M","R","B"],"character_chosen":"THE_SERVANT","items_purchased":["Replay:Wax Seal","ShatteredReality"],"campfire_rested":2,"item_purchase_floors":[10,10],"current_hp_per_floor":[59,52,52,45,45,64,64,69,69,69,70,67,70,67,67,0,0],"gold":101,"neow_bonus":"RANDOM_EVENT","is_daily":false,"chose_seed":false,"campfire_upgraded":0,"win_rate":0.0,"timestamp":1608616542,"path_taken":["M","?","?","?","M","R","$","?","T","?","M","M","R","M","R","BOSS"],"items_purchased_type":["Relic","Card"],"build_version":"2020-12-13","purchased_purges":1,"victory":false,"max_hp_per_floor":[65,65,65,65,65,65,65,70,70,70,70,70,70,70,70,70,70],"card_choices":[{"not_picked":["Starlight","Alleviate","FastForward"],"picked":"SKIP","floor":1.0},{"not_picked":["WasteNot","GearUp","Replace"],"picked":"SKIP","floor":5.0},{"not_picked":["Misdirection","Ricochet","FastForward"],"picked":"SKIP","floor":8.0},{"not_picked":["Alleviate","Shuttle","Starlight"],"picked":"SKIP","floor":11.0},{"not_picked":["Alleviate","Shuttle","Starlight"],"picked":"SKIP","floor":11.0},{"not_picked":["SurpressingFire","Collapse","LightFlow"],"picked":"SKIP","floor":12.0},{"not_picked":["Moonlight","Unruled","Defy"],"picked":"SKIP","floor":14}],"player_experience":421762,"relics_obtained":[{"floor":3.0,"key":"ReplayTheSpireMod:Ring of Collecting"},{"floor":3.0,"key":"Ring of Greed"},{"floor":3.0,"key":"Golden Egg"},{"floor":3.0,"key":"MawBank"},{"floor":9.0,"key":"Ring of Hypnosis"},{"floor":9.0,"key":"Blood Vial"}],"event_choices":[{"cards_removed":["Strike_S"],"damage_healed":0.0,"max_hp_gain":0.0,"max_hp_loss":0.0,"gold_gain":0.0,"event_name":"Golden Wing","player_choice":"Card Removal","floor":2.0,"gold_loss":0.0,"damage_taken":7.0},{"damage_healed":0.0,"max_hp_gain":0.0,"max_hp_loss":0.0,"gold_gain":0.0,"event_name":"Scrap Ooze","player_choice":"Success","floor":4.0,"gold_loss":0.0,"damage_taken":7.0,"relics_obtained":["Gremlin Food"]}],"is_beta":false,"boss_relics":[],"items_purged_floors":[10],"is_endless":false,"potions_floor_spawned":[8,11],"killed_by":"Hexaghost","ascension_level":0}}