{"host":"lhth1efayex2023z","time":1608602582,"event":{"mods":["BaseMod","Colored Map","Googly Eyes","Minty Spire (QoL Compilation)","StSLib"],"gold_per_floor":[10,10,85,260,260,293,293,314,338,359,359,395,46,77,77,205,205,229,269,287,287,287],"floor_reached":21,"playtime":609,"items_purged":["Doubt"],"score":293,"play_id":"4f1a273b-22b8-46bb-8775-e1405181855e","local_time":"20201221190302","is_ascension_mode":true,"campfire_choices":[{"data":"Rampage","floor":7,"key":"SMITH"},{"floor":11,"key":"REST"},{"floor":15,"key":"REST"}],"circlet_count":0,"master_deck":["AscendersBane","Strike_R","Strike_R","Strike_R","Strike_R","Defend_R","Defend_R","Defend_R","Bash","Inflame","Rampage+1","Clash","Twin Strike","Pommel Strike","Rupture","Limit Break","Limit Break","Sword Boomerang+1","Ghostly Armor","Anger+1"],"relics":["Burning Blood","Golden Idol","CultistMask","Singing Bowl","Smiling Mask","Pear","Brimstone","Darkstone Periapt","Cursed Key","Red Mask"],"acts_visited":["Exordium","TheCity"],"potions_floor_usage":[12,16],"damage_taken":[{"damage":11,"enemies":"Jaw Worm","floor":1,"turns":7},{"damage":52,"enemies":"Gremlin Nob","floor":6,"turns":6},{"damage":9,"enemies":"2 Louse","floor":8,"turns":3},{"damage":5,"enemies":"Small Slimes","floor":10,"turns":4},{"damage":30,"enemies":"Lagavulin","floor":12,"turns":5},{"damage":16,"enemies":"3 Sentries","floor":14,"turns":5},{"damage":31,"enemies":"The Guardian","floor":16,"turns":6},{"damage":27,"enemies":"2 Thieves","floor":18,"turns":3},{"damage":32,"enemies":"Masked Bandits","floor":19,"turns":3},{"damage":8,"enemies":"Spheric Guardian","floor":20,"turns":3},{"damage":20,"enemies":"Snecko","floor":21,"turns":2}],"seed_played":"1666984984433538961","potions_obtained":[{"floor":1,"key":"ElixirPotion"},{"floor":14,"key":"DuplicationPotion"}],"is_trial":false,"path_per_floor":["M","?","?","?","?","E","R","M","T","M","R","E","$","E","R","B",null,"M","?","M","M"],"character_chosen":"IRONCLAD","items_purchased":["Brimstone","Twin Strike","Pommel Strike","Rupture"],"campfire_rested":2,"item_purchase_floors":[13,13,13,13],"current_hp_per_floor":[67,67,56,56,56,10,10,9,9,10,32,20,20,10,36,11,69,48,22,20,0,0],"gold":287,"neow_bonus":"REMOVE_TWO","is_daily":false,"chose_seed":false,"campfire_upgraded":1,"win_rate":0.0,"timestamp":1608602582,"path_taken":["M","?","?","?","?","E","R","M","T","?","R","E","$","E","R","BOSS","M","?","M","M"],"items_purchased_type":["Relic","Card","Card","Card"],"build_version":"2020-12-13","purchased_purges":1,"victory":false,"max_hp_per_floor":[80,74,74,74,74,74,74,76,76,76,76,88,88,88,88,88,88,88,88,88,88,88],"card_choices":[{"not_picked":["Reckless Charge","Seeing Red"],"picked":"Inflame","floor":1},{"not_picked":["Headbutt","Iron Wave"],"picked":"Rampage","floor":6},{"not_picked":["Flex","Pommel Strike","Armaments"],"picked":"Singing Bowl","floor":8},{"not_picked":["Reckless Charge","Sword Boomerang"],"picked":"Clash","floor":10},{"not_picked":["Entrench","Carnage","Perfected Strike"],"picked":"Singing Bowl","floor":12},{"not_picked":["Second Wind","Cleave"],"picked":"Limit Break","floor":14},{"not_picked":["Juggernaut","Double Tap"],"picked":"Limit Break","floor":16},{"not_picked":["Clothesline","Dark Embrace+1"],"picked":"Sword Boomerang+1","floor":18},{"not_picked":["Iron Wave","Havoc"],"picked":"Ghostly Armor","floor":19},{"not_picked":["Pommel Strike","Shockwave+1"],"picked":"Anger+1","floor":20}],"player_experience":382061,"relics_obtained":[{"floor":6,"key":"Singing Bowl"},{"floor":9,"key":"Smiling Mask"},{"floor":12,"key":"Pear"},{"floor":14,"key":"Darkstone Periapt"},{"floor":19,"key":"Red Mask"}],"event_choices":[{"damage_healed":0,"gold_gain":0,"player_choice":"Lose Max HP","damage_taken":0,"relics_obtained":["Golden Idol"],"max_hp_gain":0,"max_hp_loss":6,"event_name":"Golden Idol","floor":2,"gold_loss":0},{"damage_healed":0,"gold_gain":75,"player_choice":"Gather Gold","damage_taken":11,"max_hp_gain":0,"max_hp_loss":0,"event_name":"World of Goop","floor":3,"gold_loss":0},{"damage_healed":0,"gold_gain":175,"player_choice":"AGREE","damage_taken":0,"max_hp_gain":0,"max_hp_loss":0,"event_name":"Liars Game","floor":4,"gold_loss":0,"cards_obtained":["Doubt"]},{"damage_healed":0,"gold_gain":0,"player_choice":"Trade","damage_taken":0,"relics_obtained":["CultistMask"],"max_hp_gain":0,"max_hp_loss":0,"event_name":"FaceTrader","floor":5,"gold_loss":0},{"damage_healed":0,"gold_gain":0,"player_choice":"Fought Bandits","damage_taken":0,"max_hp_gain":0,"max_hp_loss":0,"event_name":"Masked Bandits","floor":19,"gold_loss":0}],"is_beta":false,"boss_relics":[{"not_picked":["Philosopher\u0027s Stone","Mark of Pain"],"picked":"Cursed Key"}],"items_purged_floors":[13],"is_endless":false,"potions_floor_spawned":[1,14],"killed_by":"Snecko","ascension_level":10}}