{"host":"9ndbo4kgsfoemf7y","time":1608631628,"event":{"mods":["AchievementEnabler","BaseMod","Colored Map","DeckTracker","Keyboard Shortcuts","Minty Spire (QoL Compilation)","Permanent Neow","Quick Restart","Relic Stats","StSLib","SuperFastMode"],"gold_per_floor":[117,137,137,62,77,77,110,110,134,134,59,108,108,157,157,157,157],"floor_reached":16,"playtime":373,"items_purged":["Defend_G"],"score":226,"play_id":"27527086-32e2-4f88-b111-8f7c4d75b2bd","local_time":"20201222190708","is_ascension_mode":true,"campfire_choices":[{"data":"Adrenaline","floor":6.0,"key":"SMITH"},{"data":"Terror","floor":8.0,"key":"SMITH"},{"data":"Cloak And Dagger","floor":10.0,"key":"SMITH"},{"floor":13.0,"key":"REST"},{"floor":15.0,"key":"REST"}],"circlet_count":0,"master_deck":["AscendersBane","Strike_G","Strike_G","Strike_G","Strike_G","Defend_G","Defend_G","Defend_G","Defend_G","Survivor","Neutralize","Adrenaline+1","Backstab","Cloak And Dagger+1","Well Laid Plans","Terror+1","Reflex","Acrobatics"],"relics":["Ring of the Snake","Golden Idol","Potion Belt","CeramicFish","MealTicket","Bag of Preparation"],"acts_visited":["Exordium"],"potions_floor_usage":[],"damage_taken":[{"damage":4.0,"enemies":"Small Slimes","floor":1.0,"turns":4.0},{"damage":0.0,"enemies":"Jaw Worm","floor":2.0,"turns":4.0},{"damage":2.0,"enemies":"2 Louse","floor":5.0,"turns":3.0},{"damage":22.0,"enemies":"3 Sentries","floor":7.0,"turns":15.0},{"damage":16.0,"enemies":"Lagavulin","floor":12.0,"turns":6.0},{"damage":27.0,"enemies":"Gremlin Nob","floor":14.0,"turns":4.0},{"damage":25,"enemies":"Slime Boss","floor":16,"turns":5}],"seed_played":"-3090381866741133423","potions_obtained":[{"floor":5.0,"key":"EssenceOfSteel"},{"floor":7.0,"key":"SkillPotion"},{"floor":12.0,"key":"Fire Potion"}],"is_trial":false,"path_per_floor":["M","M","?","$","M","R","E","R","T","R","?","E","R","E","R","B"],"character_chosen":"THE_SILENT","items_purchased":[],"campfire_rested":2,"item_purchase_floors":[],"current_hp_per_floor":[55,55,55,55,53,53,31,31,31,31,31,15,33,6,24,0,0],"gold":157,"neow_bonus":"ONE_RANDOM_RARE_CARD","is_daily":false,"chose_seed":false,"campfire_upgraded":3,"win_rate":0.0,"timestamp":1608631628,"path_taken":["M","M","?","$","M","R","E","R","T","R","?","E","R","E","R","BOSS"],"items_purchased_type":[],"build_version":"2020-12-13","purchased_purges":1,"victory":false,"max_hp_per_floor":[66,66,60,60,60,60,60,60,60,60,60,60,60,60,60,60,60],"relic_stats":{"counters":[7,41],"Golden Idol":26,"CeramicFish":18,"MealTicket":0,"Bag of Preparation":[2],"obtain_stats":[{"Potion Belt":7,"Golden Idol":3,"CeramicFish":9,"MealTicket":12,"Bag of Preparation":14,"Ring of the Snake":0},{"Potion Belt":4,"Golden Idol":2,"CeramicFish":4,"MealTicket":5,"Bag of Preparation":6,"Ring of the Snake":0},{"Potion Belt":26,"Golden Idol":8,"CeramicFish":26,"MealTicket":32,"Bag of Preparation":36,"Ring of the Snake":0}],"Ring of the Snake":[14]},"card_choices":[{"not_picked":["Slice","Outmaneuver"],"picked":"Backstab","floor":1.0},{"not_picked":["Sucker Punch","Terror"],"picked":"Cloak And Dagger","floor":2.0},{"not_picked":["Masterful Stab","Sucker Punch"],"picked":"Well Laid Plans","floor":5.0},{"not_picked":["Choke","Deflect"],"picked":"Terror","floor":7.0},{"not_picked":["Well Laid Plans","Sucker Punch"],"picked":"Reflex","floor":12.0},{"not_picked":["Dagger Throw","Sucker Punch"],"picked":"Acrobatics","floor":14.0}],"player_experience":731331,"relics_obtained":[{"floor":7.0,"key":"Potion Belt"},{"floor":9.0,"key":"CeramicFish"},{"floor":12.0,"key":"MealTicket"},{"floor":14.0,"key":"Bag of Preparation"}],"event_choices":[{"damage_healed":0.0,"max_hp_gain":0.0,"max_hp_loss":6.0,"gold_gain":0.0,"event_name":"Golden Idol","player_choice":"Lose Max HP","floor":3.0,"gold_loss":0.0,"damage_taken":0.0,"relics_obtained":["Golden Idol"]},{"cards_removed":["Strike_G"],"damage_healed":0.0,"max_hp_gain":0.0,"max_hp_loss":0.0,"gold_gain":0.0,"event_name":"The Cleric","player_choice":"Card Removal","floor":11.0,"gold_loss":75.0,"damage_taken":0.0}],"is_beta":false,"boss_relics":[],"items_purged_floors":[4],"is_endless":false,"potions_floor_spawned":[5,7,12],"killed_by":"Slime Boss","ascension_level":19}}