{"host":"5tnmlfm2arf82kze","time":1608643767,"event":{"mods":["Act Like it!","BaseMod","CapriCore","Colored Powertips","Gensokyo","Minty Spire (QoL Compilation)","Replay The Spire","RumiaBox-露米娅的神秘盒子","Shop Mod","Spicy Shops","StSLib","The Alterego","Waifu the Spire","【功能Mod】聪明的最终Boss"],"gold_per_floor":[14,14,29,29,45,77,77,77,77],"floor_reached":8,"playtime":767,"items_purged":[],"score":56,"play_id":"2ec384de-7fa6-4613-b293-a502d1422308","local_time":"20201222212927","is_ascension_mode":false,"campfire_choices":[{"data":"alterego_mod:PainIsPleasure","floor":7.0,"key":"SMITH"}],"circlet_count":0,"master_deck":["alterego_mod:Strike","alterego_mod:Strike","alterego_mod:Strike","alterego_mod:Defend","alterego_mod:Defend","alterego_mod:Defend","alterego_mod:Defend","alterego_mod:Impale","alterego_mod:BigMeatyClaws","alterego_mod:BrynhildrsRune","alterego_mod:AlterEgo","alterego_mod:Punishment","alterego_mod:TrashNCrash","alterego_mod:PurpleHair","alterego_mod:PainIsPleasure+1"],"relics":["alterego_mod:MasochisticConstitution","Ccalipers"],"acts_visited":["Exordium"],"potions_floor_usage":[],"damage_taken":[{"damage":3.0,"enemies":"Cultist","floor":1.0,"turns":5.0},{"damage":5.0,"enemies":"2 Louse","floor":3.0,"turns":4.0},{"damage":9.0,"enemies":"Jaw Worm","floor":5.0,"turns":6.0},{"damage":52.0,"enemies":"3 Sentries","floor":6.0,"turns":14.0},{"damage":18,"enemies":"Gremlin Nob","floor":8,"turns":4}],"seed_played":"429186899401691548","potions_obtained":[{"floor":3.0,"key":"Dexterity Potion"}],"is_trial":false,"path_per_floor":["M","$","M","?","M","E","R","E"],"character_chosen":"The_Alterego","items_purchased":[],"campfire_rested":0,"item_purchase_floors":[],"current_hp_per_floor":[68,68,72,65,57,20,20,2,2],"gold":77,"neow_bonus":"THREE_RARE_CARDS","is_daily":false,"chose_seed":false,"campfire_upgraded":1,"win_rate":0.0,"timestamp":1608643767,"path_taken":["M","?","M","?","M","E","R","E"],"items_purchased_type":[],"build_version":"2020-12-13","purchased_purges":0,"victory":false,"max_hp_per_floor":[71,71,72,72,73,74,74,74,74],"card_choices":[{"not_picked":["alterego_mod:Rake","alterego_mod:STier"],"picked":"alterego_mod:AlterEgo","floor":0.0},{"not_picked":["alterego_mod:Cycle","alterego_mod:RidiculouslyBig"],"picked":"alterego_mod:Punishment","floor":1.0},{"not_picked":["alterego_mod:BiFurious","alterego_mod:DustData"],"picked":"alterego_mod:TrashNCrash","floor":3.0},{"not_picked":["alterego_mod:Jiggle","alterego_mod:TrashNCrash"],"picked":"alterego_mod:PurpleHair","floor":5.0},{"not_picked":["alterego_mod:DestructionOfProperty","alterego_mod:Undulate"],"picked":"alterego_mod:PainIsPleasure","floor":6.0}],"player_experience":114751,"relics_obtained":[{"floor":6.0,"key":"Ccalipers"}],"event_choices":[{"cards_removed":["alterego_mod:Strike"],"damage_healed":0.0,"max_hp_gain":0.0,"max_hp_loss":0.0,"gold_gain":0.0,"event_name":"Golden Wing","player_choice":"Card Removal","floor":4.0,"gold_loss":0.0,"damage_taken":7.0}],"is_beta":false,"boss_relics":[],"items_purged_floors":[],"is_endless":false,"potions_floor_spawned":[3],"killed_by":"Gremlin Nob","ascension_level":0}}