{"host":"egyxg9lnjq7g2hmw","time":1608605188,"event":{"mods":["AchievementEnabler","BaseMod","Block Reminder","Colored Map","Colored Powertips","Highlight Path","Minty Spire (QoL Compilation)","Rare Cards Sparkle","StSLib"],"gold_per_floor":[115,190,115,115,127,127,158,175,175,190,208,208,228,261,261,333,333,350,350,116,116,133,133,165,165,192,204,249,261,261],"floor_reached":29,"playtime":1445,"items_purged":["Strike_G","Strike_G"],"score":542,"play_id":"bc3ee068-a142-40a4-aa3f-44c9b38b0118","local_time":"20201221184628","is_ascension_mode":true,"campfire_choices":[{"data":"Underhanded Strike","floor":6.0,"key":"SMITH"},{"data":"Masterful Stab","floor":12.0,"key":"SMITH"},{"floor":15.0,"key":"REST"},{"floor":23,"key":"REST"},{"data":"Eviscerate","floor":25,"key":"SMITH"}],"circlet_count":0,"master_deck":["AscendersBane","Strike_G","Strike_G","Strike_G","Defend_G","Defend_G","Defend_G","Defend_G","Defend_G","Survivor","Neutralize+1","Forethought","Underhanded Strike+1","Backstab","PiercingWail","Dagger Throw","Masterful Stab+1","Infinite Blades","Tools of the Trade","Eviscerate+1","Acrobatics","Decay","Dagger Throw","Underhanded Strike","RitualDagger"],"relics":["Ring of the Snake","Letter Opener","Pen Nib","Strawberry","HoveringKite","Incense Burner","MawBank","Darkstone Periapt"],"acts_visited":["Exordium","TheCity"],"potions_floor_usage":[24,24,28],"damage_taken":[{"damage":2.0,"enemies":"Jaw Worm","floor":1.0,"turns":7.0},{"damage":0.0,"enemies":"Small Slimes","floor":5.0,"turns":3.0},{"damage":45.0,"enemies":"Gremlin Nob","floor":7.0,"turns":6.0},{"damage":0.0,"enemies":"Cultist","floor":8.0,"turns":4.0},{"damage":0.0,"enemies":"2 Fungi Beasts","floor":10.0,"turns":3.0},{"damage":3.0,"enemies":"Looter","floor":11.0,"turns":5.0},{"damage":0.0,"enemies":"3 Louse","floor":13.0,"turns":2.0},{"damage":10.0,"enemies":"3 Sentries","floor":14.0,"turns":7.0},{"damage":4.0,"enemies":"Hexaghost","floor":16.0,"turns":9.0},{"damage":20,"enemies":"Spheric Guardian","floor":18,"turns":4},{"damage":14,"enemies":"3 Byrds","floor":22,"turns":5},{"damage":8,"enemies":"Gremlin Leader","floor":24,"turns":9},{"damage":23,"enemies":"Book of Stabbing","floor":28,"turns":4},{"damage":12,"enemies":"Snake Plant","floor":29,"turns":3}],"seed_played":"3103040726511703786","potions_obtained":[{"floor":7.0,"key":"Regen Potion"},{"floor":8.0,"key":"Strength Potion"},{"floor":13.0,"key":"Poison Potion"},{"floor":14.0,"key":"PowerPotion"},{"floor":24,"key":"Swift Potion"}],"is_trial":false,"path_per_floor":["M","?","$","?","M","R","E","M","T","M","M","R","M","E","R","B",null,"M","?","$","?","M","R","E","R","T","?","E","M"],"character_chosen":"THE_SILENT","items_purchased":["LiquidMemories","Block Potion"],"campfire_rested":2,"item_purchase_floors":[20,20],"current_hp_per_floor":[57,46,46,46,46,46,1,1,1,1,12,12,12,9,30,26,61,41,41,41,41,27,48,40,40,40,34,11,0,0],"gold":261,"neow_bonus":"RANDOM_COLORLESS","is_daily":false,"chose_seed":false,"campfire_upgraded":3,"win_rate":0.0,"timestamp":1608605188,"path_taken":["M","?","$","?","M","R","E","M","T","M","M","R","?","E","R","BOSS","M","?","$","?","M","R","E","R","T","?","E","M"],"items_purchased_type":["Potion","Potion"],"build_version":"2020-12-13","purchased_purges":2,"victory":false,"max_hp_per_floor":[66,66,66,66,66,66,66,66,66,66,66,66,66,73,73,73,73,73,73,73,73,73,73,73,73,73,73,73,73,73],"card_choices":[{"not_picked":["Finesse","Mind Blast"],"picked":"Forethought","floor":0.0},{"not_picked":["All Out Attack","Prepared"],"picked":"Underhanded Strike","floor":1.0},{"not_picked":["Deflect","Prepared"],"picked":"Backstab","floor":5.0},{"not_picked":["Catalyst","Bullet Time"],"picked":"PiercingWail","floor":7.0},{"not_picked":["Tactician","Poisoned Stab","Deflect"],"picked":"SKIP","floor":8.0},{"not_picked":["Outmaneuver","All Out Attack"],"picked":"Dagger Throw","floor":10.0},{"not_picked":["Footwork","Skewer"],"picked":"Masterful Stab","floor":11.0},{"not_picked":["Backflip","Slice"],"picked":"Infinite Blades","floor":13.0},{"not_picked":["PiercingWail","Bane","Bullet Time"],"picked":"SKIP","floor":14.0},{"not_picked":["Wraith Form v2","Grand Finale"],"picked":"Tools of the Trade","floor":16.0},{"not_picked":["Blur","Deflect"],"picked":"Eviscerate","floor":18},{"not_picked":["Sucker Punch","PiercingWail"],"picked":"Dagger Throw","floor":22},{"not_picked":["Footwork","Accuracy+1"],"picked":"Underhanded Strike","floor":24},{"not_picked":["Crippling Poison","Well Laid Plans","Flying Knee"],"picked":"SKIP","floor":28}],"player_experience":564887,"relics_obtained":[{"floor":7.0,"key":"Letter Opener"},{"floor":9.0,"key":"Pen Nib"},{"floor":14.0,"key":"Strawberry"},{"floor":24,"key":"Incense Burner"},{"floor":26,"key":"MawBank"},{"floor":28,"key":"Darkstone Periapt"}],"event_choices":[{"damage_healed":0.0,"max_hp_gain":0.0,"max_hp_loss":0.0,"gold_gain":75.0,"event_name":"World of Goop","player_choice":"Gather Gold","floor":2.0,"gold_loss":0.0,"damage_taken":11.0},{"damage_healed":0.0,"max_hp_gain":0.0,"max_hp_loss":0.0,"gold_gain":0.0,"event_name":"Upgrade Shrine","player_choice":"Upgraded","floor":4.0,"gold_loss":0.0,"damage_taken":0.0,"cards_upgraded":["Neutralize"]},{"damage_healed":0,"gold_gain":0,"player_choice":"Read","damage_taken":0,"max_hp_gain":0,"max_hp_loss":0,"event_name":"The Library","floor":19,"gold_loss":0,"cards_obtained":["Acrobatics"]},{"damage_healed":0,"gold_gain":0,"player_choice":"Smashed Altar","damage_taken":0,"max_hp_gain":0,"max_hp_loss":0,"event_name":"Forgotten Altar","floor":21,"gold_loss":0,"cards_obtained":["Decay"]},{"damage_healed":0,"gold_gain":0,"player_choice":"Joined the Cult","damage_taken":6,"max_hp_gain":0,"max_hp_loss":0,"event_name":"Nest","floor":27,"gold_loss":0,"cards_obtained":["RitualDagger"]}],"is_beta":false,"boss_relics":[{"not_picked":["Busted Crown","Runic Dome"],"picked":"HoveringKite"}],"items_purged_floors":[3,20],"is_endless":false,"potions_floor_spawned":[7,8,13,14,22,24],"killed_by":"Snake Plant","ascension_level":20}}