{"host":"709gjpjg43u3i5a8","time":1608669949,"event":{"mods":["BaseMod","Colored Map","Colored Powertips","Downfall","Hermit","Hubris","Infinite Spire","Marisa????????","Minty Spire (QoL Compilation)","Remilia??????","StSLib","Td1madao Mod","The Animator","The Bug Knight","The Cursed","The Disciple","The Hierophant","The Jungle","The Servant 0.9.4"],"gold_per_floor":[117,117,135,60,79,112,130,158,182,182,215,215,215,215,215,215,215],"floor_reached":16,"playtime":1132,"items_purged":[],"score":118,"play_id":"100c590d-882b-47ff-83f1-d925e79a3d19","local_time":"20201222134549","is_ascension_mode":false,"campfire_choices":[{"floor":12,"key":"REST"},{"floor":15,"key":"REST"}],"circlet_count":0,"master_deck":["HollowMod:NailStrikeStart","HollowMod:NailStrikeStart","HollowMod:NailStrikeStart","HollowMod:QuickDashStart","HollowMod:QuickDashStart+1","HollowMod:QuickDashStart","HollowMod:QuickDashStart","HollowMod:FocusHealStart","HollowMod:PogoStrike","HollowMod:GreatSlash","HollowMod:VengefulSpirit+1","HollowMod:NewGlowingWomb","HollowMod:TaintedHusks","HollowMod:DungDefenderAura","HollowMod:NewLittleFool","HollowMod:NewLittleFool"],"relics":["HollowMod:VesselMask","NeowsBlessing","Singing Bowl","ScarletDevilRocket","Kunai","Centennial Puzzle"],"acts_visited":["Exordium"],"potions_floor_usage":[11,11,11],"damage_taken":[{"damage":0,"enemies":"Small Slimes","floor":1,"turns":1},{"damage":0,"enemies":"Jaw Worm","floor":3,"turns":1},{"damage":0,"enemies":"infinitespire:Voidling","floor":5,"turns":1},{"damage":33,"enemies":"3 Sentries","floor":6,"turns":9},{"damage":0,"enemies":"3 Louse","floor":7,"turns":3},{"damage":53,"enemies":"Lagavulin","floor":8,"turns":7},{"damage":2,"enemies":"3 Sentries","floor":11,"turns":4},{"damage":41,"enemies":"The Guardian","floor":16,"turns":5}],"seed_played":"-675942661950138860","potions_obtained":[{"floor":3,"key":"SkillPotion"},{"floor":5,"key":"PowerPotion"},{"floor":8,"key":"AttackPotion"}],"is_trial":false,"path_per_floor":["M","?","M","?","M","E","M","E","T","T","E","R","?","?","R","B"],"character_chosen":"THE_BUGKNIGHT","items_purchased":[],"campfire_rested":2,"item_purchase_floors":[],"current_hp_per_floor":[75,75,75,80,80,57,57,10,10,10,8,32,25,9,33,0,0],"gold":215,"neow_bonus":"THREE_ENEMY_KILL","is_daily":false,"chose_seed":false,"campfire_upgraded":0,"win_rate":0.0,"timestamp":1608669949,"path_taken":["M","?","M","?","M","E","M","E","T","?","E","R","?","?","R","BOSS"],"items_purchased_type":[],"build_version":"2020-12-13","purchased_purges":0,"victory":false,"max_hp_per_floor":[75,75,75,80,80,80,80,80,80,80,80,80,80,80,80,80,80],"card_choices":[{"not_picked":["HollowMod:NewJinnsSoul","HollowMod:SiblingsSouls"],"picked":"HollowMod:GreatSlash","floor":1},{"not_picked":["HollowMod:ChannelNail","HollowMod:CloakDash"],"picked":"HollowMod:VengefulSpirit","floor":3},{"not_picked":["HollowMod:LifebloodCocoon","HollowMod:DescendingDark"],"picked":"HollowMod:NewGlowingWomb","floor":5},{"not_picked":["HollowMod:VengefulSpirit","HollowMod:HowlingWraiths"],"picked":"HollowMod:TaintedHusks","floor":6},{"not_picked":["HollowMod:ChannelNail","HollowMod:SharpenedNail"],"picked":"HollowMod:DungDefenderAura","floor":7},{"not_picked":["HollowMod:SiblingsShadow","HollowMod:GoodIntentions"],"picked":"HollowMod:NewLittleFool","floor":8},{"not_picked":["HollowMod:PerfectDash","HollowMod:BlackTendrils"],"picked":"HollowMod:NewLittleFool","floor":11}],"player_experience":377035,"relics_obtained":[{"floor":6,"key":"Singing Bowl"},{"floor":8,"key":"ScarletDevilRocket"},{"floor":10,"key":"Kunai"},{"floor":11,"key":"Centennial Puzzle"}],"event_choices":[{"cards_removed":["HollowMod:NailStrikeStart"],"damage_healed":0,"gold_gain":0,"player_choice":"Card Removal","damage_taken":7,"max_hp_gain":0,"max_hp_loss":0,"event_name":"Golden Wing","floor":13,"gold_loss":0},{"damage_healed":0,"gold_gain":0,"player_choice":"Entered Light","damage_taken":16,"max_hp_gain":0,"max_hp_loss":0,"event_name":"Shining Light","floor":14,"gold_loss":0,"cards_upgraded":["HollowMod:VengefulSpirit","HollowMod:QuickDashStart"]}],"is_beta":false,"boss_relics":[],"items_purged_floors":[],"is_endless":false,"potions_floor_spawned":[3,5,8],"killed_by":"The Guardian","ascension_level":0}}