{"host":"8xt6qtpg1rkermdd","time":1608675602,"event":{"mods":["AchievementEnabler","BaseMod","Downfall","Hermit","Hubris","Jorbs\u0027s Wanderer Trilogy","Marisa????????","Minty Spire (QoL Compilation)","Replay The Spire","StSLib","The Cursed","The Servant 0.9.4"],"gold_per_floor":[112,112,112,76,76,76,76,76,131,155,69,82,96,111,111,231,231,263,203,243,66,66,66,66,66,102,102,153,200,254,258,258],"floor_reached":31,"playtime":1310,"items_purged":[],"score":225,"play_id":"d42c40d6-f31b-4699-86b7-74f060d92cf5","local_time":"20201222162002","is_ascension_mode":false,"campfire_choices":[{"data":"All Out Attack","floor":6,"key":"SMITH"},{"data":"Neutralize","floor":8,"key":"SMITH"},{"data":"Quick Slash","floor":15,"key":"SMITH"},{"floor":23,"key":"REST"},{"floor":27,"key":"REST"}],"circlet_count":0,"master_deck":["Strike_G","Strike_G","Strike_G","Strike_G+1","Strike_G","Defend_G","Defend_G","Defend_G","Defend_G","Defend_G","Survivor","Neutralize+1","All Out Attack+1","Dagger Spray+1","Acrobatics","Blade Dance","Blade Dance","Quick Slash+1","Flying Knee","Phantasmal Killer","Predator","Burst","Injury","Clumsy","Hallucinations","Hidden Blade","Dagger Throw+1","Underhanded Strike","Well Laid Plans","Finisher+1","hubris:Sniper","Backstab"],"relics":["Ring of the Snake","Golden Idol","Juzu Bracelet","Replay:Ancient Bell","Replay:Bandana","Question Card","hubris:CuriousFeather","hubris:Icosahedron","Whetstone"],"acts_visited":["Exordium","TheCity"],"potions_floor_usage":[],"damage_taken":[{"damage":1,"enemies":"Cultist","floor":1,"turns":5},{"damage":0,"enemies":"Jaw Worm","floor":10,"turns":2},{"damage":0,"enemies":"Small Slimes","floor":12,"turns":1},{"damage":7,"enemies":"Looter","floor":13,"turns":3},{"damage":0,"enemies":"2 Fungi Beasts","floor":14,"turns":1},{"damage":51,"enemies":"Hexaghost","floor":16,"turns":10},{"damage":38,"enemies":"Shell Parasite","floor":18,"turns":7},{"damage":20,"enemies":"Spheric Guardian","floor":20,"turns":4},{"damage":38,"enemies":"Shelled Parasite and Fungi","floor":26,"turns":6},{"damage":17,"enemies":"Cultist and Chosen","floor":29,"turns":6},{"damage":6,"enemies":"Chosen and Byrds","floor":30,"turns":4},{"damage":5,"enemies":"Snake Plant","floor":31,"turns":1}],"seed_played":"6247836494176350519","potions_obtained":[{"floor":1,"key":"BlessingOfTheForge"},{"floor":14,"key":"Adrenaline Potion"},{"floor":18,"key":"Adrenaline Potion"}],"is_trial":false,"path_per_floor":["M","?","?","$","?","R","?","R","T","M","$","M","M","M","R","B",null,"M","?","M","$","?","R","PTL","PTL","M","R","T","M","M","M"],"character_chosen":"THE_SILENT","items_purchased":["Dagger Spray+1","Blade Dance","Quick Slash","Underhanded Strike","Well Laid Plans","CunningPotion"],"campfire_rested":2,"item_purchase_floors":[4,11,11,21,21,21],"current_hp_per_floor":[76,71,76,76,76,76,76,76,76,76,76,76,69,69,69,18,76,38,38,18,18,18,40,40,40,2,24,24,7,1,0,0],"gold":258,"neow_bonus":"TEN_PERCENT_HP_BONUS","is_daily":false,"chose_seed":false,"campfire_upgraded":3,"win_rate":0.0,"timestamp":1608675602,"path_taken":["M","?","?","?","?","R","?","R","T","M","$","M","M","M","R","BOSS","M","?","M","$","?","R","PTL","PTL","M","R","T","M","M","M"],"items_purchased_type":["Card","Card","Card","Card","Card","Potion"],"build_version":"2020-12-13","purchased_purges":0,"victory":false,"max_hp_per_floor":[77,71,76,76,76,76,76,76,76,76,76,76,76,76,76,76,76,76,76,76,76,76,76,76,76,76,76,76,76,76,76,76],"card_choices":[{"not_picked":["Choke","Outmaneuver"],"picked":"All Out Attack","floor":1},{"not_picked":["Well Laid Plans","Deadly Poison"],"picked":"Acrobatics","floor":10},{"not_picked":["Dodge and Roll","Deflect"],"picked":"Flying Knee","floor":12},{"not_picked":["Flying Knee","Deflect"],"picked":"Phantasmal Killer","floor":13},{"not_picked":["ReplayTheSpireMod:Tripwire","Deflect"],"picked":"Predator","floor":14},{"not_picked":["Unload","ReplayTheSpireMod:From All Sides"],"picked":"Burst","floor":16},{"not_picked":["stsjorbsmod:Withering","Spreading Infection","ReplayTheSpireMod:IOU"],"picked":"Injury","floor":17},{"not_picked":["Hallucinations","hubris:Greed","hubris:Envy"],"picked":"Clumsy","floor":17},{"not_picked":["Normality","stsjorbsmod:Withering","stsjorbsmod:Amnesia"],"picked":"Hallucinations","floor":17},{"not_picked":["Deadly Poison","ReplayTheSpireMod:Scrap Shanks","Prepared"],"picked":"Hidden Blade","floor":18},{"not_picked":["Reflex","Deadly Poison","hubris:SlightOfHand"],"picked":"Dagger Throw+1","floor":20},{"not_picked":["Backflip","Blade Dance+1","Hidden Blade"],"picked":"Finisher","floor":26},{"not_picked":["Quick Slash+1","Blur","Underhanded Strike"],"picked":"hubris:Sniper","floor":29},{"not_picked":["Prepared","Sucker Punch","Toxin Wave"],"picked":"Backstab","floor":30}],"player_experience":809,"relics_obtained":[{"floor":9,"key":"Juzu Bracelet"},{"floor":28,"key":"Whetstone"}],"event_choices":[{"damage_healed":0,"gold_gain":0,"player_choice":"Lose Max HP","damage_taken":0,"relics_obtained":["Golden Idol"],"max_hp_gain":0,"max_hp_loss":6,"event_name":"Golden Idol","floor":2,"gold_loss":0},{"damage_healed":0,"gold_gain":0,"player_choice":"Donut","damage_taken":0,"max_hp_gain":5,"max_hp_loss":0,"event_name":"Big Fish","floor":3,"gold_loss":0},{"damage_healed":0,"gold_gain":0,"player_choice":"Leave","damage_taken":0,"max_hp_gain":0,"max_hp_loss":0,"event_name":"The Cleric","floor":5,"gold_loss":0}],"is_beta":false,"boss_relics":[{"not_picked":["Snecko Eye","Replay:Bronze Core"],"picked":"Replay:Ancient Bell"},{"not_picked":["Centennial Puzzle","PreservedInsect"],"picked":"Replay:Bandana"},{"not_picked":["Chameleon Ring","Garlic"],"picked":"Question Card"},{"not_picked":["Pocketwatch","Basket Of Snakes"],"picked":"hubris:CuriousFeather"}],"items_purged_floors":[],"is_endless":false,"potions_floor_spawned":[1,14,18,26],"killed_by":"Snake Plant","ascension_level":0}}