{"host":"0u21swshytqr30ym","time":1608604769,"event":{"mods":["2.2 Compatiblity","Act Like it!","BaseMod","Better Third Choice","ChefMod","Colored Map","Conspire","Hallownest","Hermit","Minty Spire (QoL Compilation)","Rare Cards Sparkle","StSLib","The Bug Knight","Wandering Minibosses"],"gold_per_floor":[114,126,51,0,0,33,33,62,62,92,92,92,92,0,0,97,97,111,111,61,61,61,61,118,118,118,143,155,206,206,206,206,216,216],"floor_reached":33,"playtime":2280,"items_purged":[],"score":388,"play_id":"f4002b13-984b-4e59-8cca-55c1a719fad0","local_time":"20201222003929","is_ascension_mode":true,"campfire_choices":[{"data":"HollowMod:VengefulVoid","floor":7,"key":"SMITH"},{"data":"HollowMod:FocusHealStart","floor":12,"key":"SMITH"},{"data":"HollowMod:DashSlash","floor":15,"key":"SMITH"},{"data":"HollowMod:CycloneSlash","floor":23,"key":"SMITH"},{"floor":25,"key":"DIG"},{"floor":30,"key":"DIG"},{"floor":32,"key":"DIG"}],"circlet_count":0,"master_deck":["HollowMod:NailStrikeStart","HollowMod:NailStrikeStart","HollowMod:NailStrikeStart","HollowMod:NailStrikeStart","HollowMod:FocusHealStart+1","HollowMod:PogoStrike","Writhe","HollowMod:VengefulVoid+1","HollowMod:CycloneSlash+1","Hallownest:skillGreenpathMap","HollowMod:DashSlash+1","HollowMod:BlackTendrils","HollowMod:HornetsHelp","HollowMod:SiblingsShadow+1","Hallownest:skillSlugHide+1","Hallownest:skillSlugHide+1","Hallownest:skillSlugHide+1","Hallownest:skillSlugHide+1","Hallownest:skillSlugHide+1","HollowMod:WraithStrike","Hallownest:curseDreamersLament","conspire:SpireCoStock+1","HollowMod:DescendingDark","HollowMod:ShadowDash+1","HollowMod:DashSlash","HollowMod:MonarchWings+1"],"relics":["HollowMod:VesselMask","Turnip","Meat on the Bone","conspire:DeflatedDodgeball","Toxic Egg 2","StrikeDummy","Lantern","conspire:RunicOctahedron","Hallownest:WatcherSealRelic","HornCleat","Shovel","Singing Bowl","Ancient Tea Set","Bag of Preparation","Toy Ornithopter","HollowMod:MantisClawRelic","Darkstone Periapt"],"acts_visited":["Hallownest:Greenpath","Hallownest:CityofTears"],"potions_floor_usage":[8,24,28,33,33],"damage_taken":[{"damage":3,"enemies":"Hallownest:monsterHuskGuard","floor":1,"turns":5},{"damage":0,"enemies":"Hallownest:2_MossCreeps","floor":2,"turns":6},{"damage":9,"enemies":"Hallownest:eliteVengeflyKing","floor":6,"turns":10},{"damage":36,"enemies":"Hallownest:eliteCrystalGuardian","floor":8,"turns":6},{"damage":5,"enemies":"Hallownest:eliteMossKnight","floor":10,"turns":14},{"damage":25,"enemies":"Hallownest:BossFalseKnight","floor":16,"turns":10},{"damage":8,"enemies":"Hallownest:Flukemon_and_Top","floor":18,"turns":7},{"damage":51,"enemies":"Hallownest:eliteSoulWarrior","floor":24,"turns":9},{"damage":2,"enemies":"Hallownest:Nosk","floor":27,"turns":9},{"damage":39,"enemies":"Hallownest:3_Youths","floor":28,"turns":4},{"damage":24,"enemies":"Hallownest:eliteSoulWarrior","floor":29,"turns":7},{"damage":83,"enemies":"Hallownest:BossGrimm","floor":33,"turns":16}],"seed_played":"-6077733272058578509","potions_obtained":[{"floor":6,"key":"PowerPotion"},{"floor":10,"key":"Fire Potion"},{"floor":16,"key":"GamblersBrew"},{"floor":27,"key":"GamblersBrew"},{"floor":29,"key":"BlessingOfTheForge"}],"is_trial":false,"path_per_floor":["M","M","?","$","?","E","R","E","T","E","?","R","?","?","R","B",null,"M","?","?","?","T","R","E","R","T","E","M","E","R","?","R","B"],"character_chosen":"THE_BUGKNIGHT","items_purchased":["HollowMod:DashSlash"],"campfire_rested":0,"item_purchase_floors":[4],"current_hp_per_floor":[75,75,75,75,75,72,72,38,38,45,45,45,45,45,45,36,75,75,75,75,75,75,75,46,46,46,55,31,32,32,34,34,0,0],"gold":216,"neow_bonus":"ONE_RARE_RELIC","is_daily":false,"chose_seed":false,"campfire_upgraded":4,"win_rate":0.0,"timestamp":1608604769,"path_taken":["M","M","?","$","?","E","R","E","T","E","?","R","?","?","R","BOSS","M","?","?","?","?","R","E","R","T","E","M","E","R","?","R","BOSS"],"items_purchased_type":["Card"],"build_version":"2020-12-13","purchased_purges":0,"victory":false,"max_hp_per_floor":[75,75,75,75,75,75,75,75,75,75,75,75,75,75,75,75,75,75,75,75,75,75,75,75,75,75,75,77,77,77,79,79,79,79],"card_choices":[{"not_picked":["HollowMod:SharpenedNail","HollowMod:InfectedCysts"],"picked":"HollowMod:VengefulVoid","floor":1},{"not_picked":["HollowMod:DesolateDive","HollowMod:ShapeofUnn"],"picked":"HollowMod:CycloneSlash","floor":2},{"not_picked":["HollowMod:VengefulSpirit","HollowMod:DoubleDash"],"picked":"HollowMod:BlackTendrils","floor":6},{"not_picked":["HollowMod:ChannelNail","HollowMod:SoulVessel"],"picked":"HollowMod:HornetsHelp","floor":8},{"not_picked":["HollowMod:CoiledNail","HollowMod:HuntersJournal+1"],"picked":"HollowMod:SiblingsShadow+1","floor":10},{"not_picked":["HollowMod:SoulSplash+1","HollowMod:CloakDash+1"],"picked":"HollowMod:WraithStrike","floor":18},{"not_picked":["HollowMod:GoodIntentions+1","HollowMod:NewLittleFool"],"picked":"HollowMod:DescendingDark","floor":24},{"not_picked":["HollowMod:CloakDash+1","HollowMod:GrimmsGift+1"],"picked":"HollowMod:ShadowDash+1","floor":27},{"not_picked":["HollowMod:NewJinnsSoul+1","HollowMod:SoulShaman+1","HollowMod:DreamGate+1"],"picked":"Singing Bowl","floor":28},{"not_picked":["HollowMod:Grubsong","HollowMod:NewJinnsSoul+1"],"picked":"HollowMod:DashSlash","floor":29},{"not_picked":["HollowMod:NewJinnsSoul+1","HollowMod:DesolateDive+1","HollowMod:WhiteLadysBlessing"],"picked":"Singing Bowl","floor":31},{"not_picked":["HollowMod:CornifersMapStart+1","HollowMod:NewLittleFool+1"],"picked":"HollowMod:MonarchWings+1","floor":31}],"player_experience":347754,"relics_obtained":[{"floor":6,"key":"Meat on the Bone"},{"floor":8,"key":"conspire:DeflatedDodgeball"},{"floor":9,"key":"Toxic Egg 2"},{"floor":10,"key":"StrikeDummy"},{"floor":22,"key":"HornCleat"},{"floor":24,"key":"Shovel"},{"floor":25,"key":"Singing Bowl"},{"floor":26,"key":"Ancient Tea Set"},{"floor":27,"key":"Bag of Preparation"},{"floor":29,"key":"Toy Ornithopter"},{"floor":30,"key":"HollowMod:MantisClawRelic"},{"floor":32,"key":"Darkstone Periapt"}],"event_choices":[{"damage_healed":0,"gold_gain":0,"player_choice":"Invest 1","damage_taken":0,"max_hp_gain":0,"max_hp_loss":0,"event_name":"conspire:Investor","floor":20,"gold_loss":0}],"is_beta":false,"boss_relics":[{"not_picked":["Snecko Eye","Philosopher\u0027s Stone"],"picked":"conspire:RunicOctahedron"}],"items_purged_floors":[],"is_endless":false,"potions_floor_spawned":[6,10,16,27,29],"killed_by":"Hallownest:BossGrimm","ascension_level":2}}