{"host":"1a32ffxog1zcqoh0","time":1608627128,"event":{"mods":["BaseMod","Block Reminder","Colored Map","Colored Powertips","Googly Eyes","Minty Spire (QoL Compilation)","Quick Restart","Rare Cards Sparkle","Relic Stats","StSLib","Unceasing Turn Reminder","everything is the same but u backflip on backflip","slay the spire mod where everything is the same but ironclad has a cowboy hat"],"gold_per_floor":[111,10,25,25,125,125,135,161,161,193,207,217,280,292,292,389,389,409,409,409,422,422,448,448,483,483,73,73,104,104,123,123,123,123],"floor_reached":33,"playtime":1543,"items_purged":["Strike_G","Decay"],"score":391,"play_id":"380cc4ad-b7d3-47e2-8458-00c880c82248","local_time":"20201222035208","is_ascension_mode":true,"campfire_choices":[{"data":"Poisoned Stab","floor":6,"key":"SMITH"},{"floor":15,"key":"REST"},{"floor":24,"key":"REST"},{"floor":28,"key":"REST"},{"floor":32,"key":"REST"}],"circlet_count":0,"master_deck":["Strike_G","Strike_G","Strike_G","Defend_G","Defend_G","Defend_G","Defend_G","Defend_G","Survivor","Neutralize","Deadly Poison","Poisoned Stab+1","Terror","Bane","Bane","Bouncing Flask","Finisher","Deflect","Bane","Blade Dance","Die Die Die","Infinite Blades+1","Slice+1","Deadly Poison","Setup+1","Injury","Noxious Fumes","Slice"],"relics":["Ring of the Snake","Boot","The Courier","Paper Crane","Pocketwatch","WingedGreaves","Cursed Key","MutagenicStrength","Toy Ornithopter","Pantograph","Bird Faced Urn","Letter Opener","Ornamental Fan","Vajra","Meat on the Bone"],"acts_visited":["Exordium","TheCity"],"potions_floor_usage":[13,16,16,21,23,23,23,33,33],"damage_taken":[{"damage":2,"enemies":"Jaw Worm","floor":1,"turns":4},{"damage":0,"enemies":"Small Slimes","floor":3,"turns":3},{"damage":1,"enemies":"Cultist","floor":7,"turns":3},{"damage":22,"enemies":"3 Sentries","floor":8,"turns":8},{"damage":12,"enemies":"Gremlin Nob","floor":10,"turns":3},{"damage":0,"enemies":"2 Fungi Beasts","floor":11,"turns":3},{"damage":3,"enemies":"Blue Slaver","floor":12,"turns":2},{"damage":3,"enemies":"3 Sentries","floor":13,"turns":7},{"damage":8,"enemies":"Looter","floor":14,"turns":3},{"damage":16,"enemies":"The Guardian","floor":16,"turns":8},{"damage":7,"enemies":"3 Byrds","floor":18,"turns":3},{"damage":21,"enemies":"Shell Parasite","floor":21,"turns":3},{"damage":17,"enemies":"Slavers","floor":23,"turns":4},{"damage":23,"enemies":"Book of Stabbing","floor":25,"turns":4},{"damage":13,"enemies":"Slavers","floor":29,"turns":4},{"damage":13,"enemies":"Snecko","floor":31,"turns":4},{"damage":84,"enemies":"Automaton","floor":33,"turns":6}],"seed_played":"-1061982714393585019","potions_obtained":[{"floor":10,"key":"CunningPotion"},{"floor":11,"key":"LiquidBronze"},{"floor":13,"key":"Explosive Potion"},{"floor":14,"key":"PowerPotion"},{"floor":16,"key":"DuplicationPotion"},{"floor":18,"key":"Ancient Potion"},{"floor":21,"key":"Energy Potion"},{"floor":23,"key":"Explosive Potion"},{"floor":25,"key":"GamblersBrew"}],"is_trial":false,"path_per_floor":["M","$","M","?","?","R","M","E","T","E","M","M","?","M","R","B",null,"M","?","?","M","?","E","R","E","T","$","R","E","?","M","R","B"],"character_chosen":"THE_SILENT","items_purchased":["Poisoned Stab","Ornamental Fan","Vajra"],"campfire_rested":4,"item_purchase_floors":[2,27,27],"current_hp_per_floor":[68,68,68,61,61,61,60,38,38,26,26,23,20,12,33,17,57,50,50,50,29,29,27,48,25,25,25,46,35,58,47,68,0,0],"gold":123,"neow_bonus":"RANDOM_COMMON_RELIC","is_daily":false,"chose_seed":false,"campfire_upgraded":1,"win_rate":0.0,"timestamp":1608627128,"path_taken":["M","$","M","?","?","R","M","E","T","E","?","M","?","M","R","BOSS","M","?","?","M","?","E","R","E","T","$","R","E","?","?","R","BOSS"],"items_purchased_type":["Card","Relic","Relic"],"build_version":"2020-12-13","purchased_purges":2,"victory":false,"max_hp_per_floor":[70,70,70,70,70,70,70,70,70,70,70,70,70,70,70,70,70,70,70,70,70,70,70,70,70,70,70,70,70,70,70,70,70,70],"relic_stats":{"counters":[17,72],"Ornamental Fan":[36],"Pantograph":2,"Bird Faced Urn":[4],"Letter Opener":[60],"Boot":[63],"Cursed Key":1,"obtain_stats":[{"Vajra":27,"The Courier":8,"Letter Opener":26,"Paper Crane":9,"Boot":0,"Cursed Key":17,"Ornamental Fan":27,"MutagenicStrength":19,"Pantograph":23,"Bird Faced Urn":25,"WingedGreaves":13,"Toy Ornithopter":22,"Ring of the Snake":0,"Pocketwatch":10,"Meat on the Bone":29},{"Vajra":14,"The Courier":4,"Letter Opener":14,"Paper Crane":4,"Boot":0,"Cursed Key":10,"Ornamental Fan":14,"MutagenicStrength":11,"Pantograph":13,"Bird Faced Urn":14,"WingedGreaves":7,"Toy Ornithopter":12,"Ring of the Snake":0,"Pocketwatch":5,"Meat on the Bone":15},{"Vajra":58,"The Courier":18,"Letter Opener":58,"Paper Crane":18,"Boot":0,"Cursed Key":44,"Ornamental Fan":58,"MutagenicStrength":47,"Pantograph":54,"Bird Faced Urn":58,"WingedGreaves":26,"Toy Ornithopter":50,"Ring of the Snake":0,"Pocketwatch":21,"Meat on the Bone":62}],"Toy Ornithopter":25,"Ring of the Snake":[34],"Pocketwatch":[27],"Meat on the Bone":0},"card_choices":[{"not_picked":["Slice","Quick Slash"],"picked":"Deadly Poison","floor":1},{"not_picked":["Outmaneuver","PiercingWail"],"picked":"Terror","floor":3},{"not_picked":["Concentrate","Flying Knee"],"picked":"Bane","floor":7},{"not_picked":["Quick Slash","Blade Dance"],"picked":"Bane","floor":8},{"not_picked":["Dagger Spray","Blade Dance"],"picked":"Bouncing Flask","floor":10},{"not_picked":["Skewer","Storm of Steel"],"picked":"Finisher","floor":11},{"not_picked":["Tactician","Quick Slash"],"picked":"Deflect","floor":12},{"not_picked":["Setup","Dagger Spray"],"picked":"Bane","floor":13},{"not_picked":["Calculated Gamble","Cloak And Dagger"],"picked":"Blade Dance","floor":14},{"not_picked":["Tools of the Trade","Storm of Steel"],"picked":"Die Die Die","floor":16},{"not_picked":["Underhanded Strike","Heel Hook+1"],"picked":"Infinite Blades+1","floor":18},{"not_picked":["Underhanded Strike+1","Terror"],"picked":"Slice+1","floor":21},{"not_picked":["Outmaneuver+1","Skewer"],"picked":"Deadly Poison","floor":23},{"not_picked":["Choke","Dagger Throw"],"picked":"Setup+1","floor":25},{"not_picked":["Backflip+1","Sucker Punch+1"],"picked":"Noxious Fumes","floor":29},{"not_picked":["Unload","Calculated Gamble"],"picked":"Slice","floor":31}],"player_experience":248386,"relics_obtained":[{"floor":8,"key":"The Courier"},{"floor":9,"key":"Paper Crane"},{"floor":10,"key":"Pocketwatch"},{"floor":23,"key":"Pantograph"},{"floor":25,"key":"Bird Faced Urn"},{"floor":26,"key":"Letter Opener"},{"floor":29,"key":"Meat on the Bone"}],"event_choices":[{"cards_removed":["Strike_G"],"damage_healed":0,"gold_gain":0,"player_choice":"Card Removal","damage_taken":7,"max_hp_gain":0,"max_hp_loss":0,"event_name":"Golden Wing","floor":4,"gold_loss":0},{"damage_healed":0,"gold_gain":100,"player_choice":"Pray","damage_taken":0,"max_hp_gain":0,"max_hp_loss":0,"event_name":"Golden Shrine","floor":5,"gold_loss":0},{"damage_healed":0,"gold_gain":0,"player_choice":"Searched \u00272\u0027 times","damage_taken":0,"relics_obtained":["WingedGreaves"],"max_hp_gain":0,"max_hp_loss":0,"event_name":"Dead Adventurer","floor":13,"gold_loss":0},{"damage_healed":0,"gold_gain":0,"player_choice":"Inject Mutagens","damage_taken":0,"relics_obtained":["MutagenicStrength"],"max_hp_gain":0,"max_hp_loss":0,"event_name":"Drug Dealer","floor":19,"gold_loss":0},{"damage_healed":0,"gold_gain":0,"player_choice":"Smashed Altar","damage_taken":0,"max_hp_gain":0,"max_hp_loss":0,"event_name":"Forgotten Altar","floor":20,"gold_loss":0,"cards_obtained":["Decay"]},{"damage_healed":0,"gold_gain":0,"player_choice":"Opened","damage_taken":0,"relics_obtained":["Toy Ornithopter"],"max_hp_gain":0,"max_hp_loss":0,"event_name":"The Mausoleum","floor":22,"gold_loss":0},{"damage_healed":23,"gold_gain":0,"player_choice":"Heal","damage_taken":0,"max_hp_gain":0,"max_hp_loss":0,"event_name":"The Library","floor":30,"gold_loss":0}],"is_beta":false,"boss_relics":[{"not_picked":["SacredBark","Fusion Hammer"],"picked":"Cursed Key"}],"items_purged_floors":[2,27],"is_endless":false,"potions_floor_spawned":[10,11,13,14,16,18,21,23,25],"killed_by":"Automaton","ascension_level":5}}