{"host":"0cgp910o8339lr91","time":1608674583,"event":{"mods":["BaseMod","Colored Map","Filter the Spire","Minty Spire (QoL Compilation)","Relic Stats","Slay-I","ojb\u0027s Better Paths Mod","ojb\u0027s Info Mod"],"gold_per_floor":[112,130,150,163,163,206,206,219,219,257,257,207,222,242,242,366,366,384,3,3,102,117,160,160,160,209,209,234,234,251,283,283,379,379,389,409,427,1426,479,510,523,523,605,619,644,644,671,671,671,671,671,671,389,421,421,421],"floor_reached":55,"playtime":15475,"items_purged":["Strike_B","Normality","Normality"],"score":1335,"play_id":"406a3987-a818-4c01-be1c-c8cc2dfbbb40","local_time":"20201222230303","is_ascension_mode":true,"campfire_choices":[{"data":"Beam Cell","floor":7.0,"key":"SMITH"},{"data":"Hologram","floor":15.0,"key":"SMITH"},{"data":"Seek","floor":24.0,"key":"SMITH"},{"data":"Creative AI","floor":27.0,"key":"SMITH"},{"data":"Streamline","floor":29.0,"key":"SMITH"},{"data":"Hologram","floor":32,"key":"SMITH"},{"data":"Consume","floor":42,"key":"SMITH"},{"data":"Hologram","floor":46,"key":"SMITH"},{"floor":49,"key":"RECALL"},{"data":"Secret Technique","floor":52,"key":"SMITH"}],"circlet_count":0,"master_deck":["Zap","Dualcast","Conserve Battery","Streamline+1","Lockon","Beam Cell+1","Conserve Battery","Streamline","Hologram+1","Creative AI+1","Hologram+1","Glacier","Seek+1","Compile Driver","Sweeping Beam","Defragment+1","Compile Driver","Conserve Battery","Loop+1","Machine Learning+1","Hologram+1","Buffer+1","Electrodynamics+1","Stack","Force Field","Consume+1","Loop+1","Multi-Cast","Coolheaded+1","Coolheaded+1","Self Repair+1","Biased Cognition+1","Secret Technique+1","Seek+1","Heatsinks+1","Fusion+1","Machine Learning+1","Hologram+1","Glacier"],"relics":["Coffee Dripper","Bloody Idol","Prayer Wheel","Pear","Tiny Chest","Sozu","Frozen Egg 2","Blue Candle","Thread and Needle","MealTicket","Ancient Tea Set","Cables","Pandora\u0027s Box","Emotion Chip","Lantern","DollysMirror","Sundial","Meat on the Bone","Ornamental Fan","PreservedInsect","PrismaticShard","Bottled Tornado"],"acts_visited":["Exordium","TheCity","TheBeyond","TheEnding"],"potions_floor_usage":[31],"damage_taken":[{"damage":8.0,"enemies":"Jaw Worm","floor":1.0,"turns":4.0},{"damage":6.0,"enemies":"2 Louse","floor":2.0,"turns":3.0},{"damage":0.0,"enemies":"Small Slimes","floor":3.0,"turns":3.0},{"damage":11.0,"enemies":"Exordium Wildlife","floor":4.0,"turns":3.0},{"damage":25.0,"enemies":"Lagavulin","floor":6.0,"turns":6.0},{"damage":0.0,"enemies":"Gremlin Gang","floor":8.0,"turns":6.0},{"damage":12.0,"enemies":"3 Sentries","floor":10.0,"turns":6.0},{"damage":4.0,"enemies":"2 Fungi Beasts","floor":13.0,"turns":3.0},{"damage":1.0,"enemies":"3 Louse","floor":14.0,"turns":3.0},{"damage":1.0,"enemies":"The Guardian","floor":16.0,"turns":14.0},{"damage":11.0,"enemies":"3 Byrds","floor":18.0,"turns":2.0},{"damage":18.0,"enemies":"Shell Parasite","floor":22.0,"turns":6.0},{"damage":18.0,"enemies":"Gremlin Leader","floor":23.0,"turns":7.0},{"damage":0.0,"enemies":"Book of Stabbing","floor":28.0,"turns":6.0},{"damage":10.0,"enemies":"Snake Plant","floor":30.0,"turns":5.0},{"damage":8,"enemies":"Gremlin Leader","floor":31,"turns":9},{"damage":9,"enemies":"Automaton","floor":33,"turns":13},{"damage":7,"enemies":"Orb Walker","floor":35,"turns":6},{"damage":27,"enemies":"3 Darklings","floor":36,"turns":4},{"damage":0,"enemies":"Sphere and 2 Shapes","floor":37,"turns":4},{"damage":0,"enemies":"Nemesis","floor":40,"turns":11},{"damage":1,"enemies":"Transient","floor":41,"turns":5},{"damage":0,"enemies":"Spire Growth","floor":44,"turns":7},{"damage":1,"enemies":"Giant Head","floor":45,"turns":12},{"damage":19,"enemies":"Nemesis","floor":47,"turns":9},{"damage":1,"enemies":"Time Eater","floor":50,"turns":13},{"damage":66,"enemies":"Shield and Spear","floor":54,"turns":13},{"damage":41,"enemies":"The Heart","floor":55,"turns":8}],"seed_played":"-9035743003029237456","potions_obtained":[{"floor":3.0,"key":"FocusPotion"},{"floor":4.0,"key":"EssenceOfDarkness"},{"floor":10.0,"key":"FocusPotion"},{"floor":14.0,"key":"Weak Potion"},{"floor":16.0,"key":"PowerPotion"}],"is_trial":false,"path_per_floor":["M","M","M","M","?","E","R","M","T","E","?","?","M","M","R","B",null,"M","$","T","?","M","E","R","?","T","R","E","R","M","E","R","B",null,"M","M","M","?","$","E","M","R","T","M","E","R","E","T","R","B",null,"R","$","E","B"],"character_chosen":"DEFECT","items_purchased":["Frozen Egg 2","Defragment+1","Emotion Chip","Lantern","Secret Technique","DollysMirror","Heatsinks+1","PrismaticShard"],"campfire_rested":0,"item_purchase_floors":[19,19,39,39,39,39,39,53],"current_hp_per_floor":[60,54,54,43,43,18,18,18,28,16,16,16,12,11,11,10,62,51,51,51,51,33,15,15,15,20,20,25,25,20,17,17,13,63,61,39,44,49,64,79,79,79,79,79,79,79,75,75,75,79,79,79,79,40,0,0],"gold":421,"neow_bonus":"BOSS_RELIC","is_daily":false,"chose_seed":false,"campfire_upgraded":9,"win_rate":0.0,"timestamp":1608674583,"path_taken":["M","M","M","M","?","E","R","M","T","E","?","?","?","M","R","BOSS","M","$","?","?","M","E","R","?","T","R","E","R","M","E","R","BOSS","M","M","M","?","$","E","M","R","T","M","E","R","E","?","R","BOSS","R","$","E","BOSS"],"items_purchased_type":["Relic","Card","Relic","Relic","Card","Relic","Card","Relic"],"build_version":"2020-12-13","purchased_purges":3,"victory":false,"max_hp_per_floor":[75,75,75,75,69,69,69,69,79,79,79,79,79,79,79,79,79,79,79,79,79,79,79,79,79,79,79,79,79,79,79,79,79,79,79,79,79,79,79,79,79,79,79,79,79,79,79,79,79,79,79,79,79,79,79,79],"relic_stats":{"counters":[28,190],"Blue Candle":[6],"PreservedInsect":77,"Cables":[93,21,69,0,3],"Sozu":6,"Emotion Chip":[22,8,13,0,1],"Sundial":[12],"Ornamental Fan":[24],"Bloody Idol":61,"Prayer Wheel":11,"Tiny Chest":2,"MealTicket":15,"Pandora\u0027s Box":["Stack","Force Field","Consume","Loop","Multi-Cast"],"obtain_stats":[{"Lantern":39,"Pear":9,"Golden Idol":5,"Blue Candle":20,"Thread and Needle":23,"PreservedInsect":48,"Frozen Egg 2":19,"Bottled Tornado":54,"Ancient Tea Set":28,"PrismaticShard":53,"Cables":31,"Sozu":17,"Emotion Chip":39,"DollysMirror":39,"Sundial":40,"Ornamental Fan":47,"Bloody Idol":25,"Prayer Wheel":6,"Tiny Chest":10,"MealTicket":26,"Pandora\u0027s Box":34,"Coffee Dripper":0,"Cracked Core":0,"Meat on the Bone":45},{"Lantern":20,"Pear":6,"Golden Idol":4,"Blue Candle":11,"Thread and Needle":13,"PreservedInsect":25,"Frozen Egg 2":11,"Bottled Tornado":27,"Ancient Tea Set":14,"PrismaticShard":26,"Cables":16,"Sozu":10,"Emotion Chip":20,"DollysMirror":20,"Sundial":21,"Ornamental Fan":25,"Bloody Idol":13,"Prayer Wheel":5,"Tiny Chest":7,"MealTicket":13,"Pandora\u0027s Box":17,"Coffee Dripper":0,"Cracked Core":0,"Meat on the Bone":24},{"Lantern":113,"Pear":25,"Golden Idol":13,"Blue Candle":53,"Thread and Needle":66,"PreservedInsect":157,"Frozen Egg 2":53,"Bottled Tornado":182,"Ancient Tea Set":72,"PrismaticShard":169,"Cables":86,"Sozu":51,"Emotion Chip":113,"DollysMirror":113,"Sundial":124,"Ornamental Fan":157,"Bloody Idol":66,"Prayer Wheel":19,"Tiny Chest":31,"MealTicket":66,"Pandora\u0027s Box":99,"Coffee Dripper":0,"Cracked Core":0,"Meat on the Bone":148}],"Meat on the Bone":12},"card_choices":[{"not_picked":["Auto Shields","Storm"],"picked":"Conserve Battery","floor":1.0},{"not_picked":["Steam","Redo"],"picked":"Streamline","floor":2.0},{"not_picked":["Leap","Steam"],"picked":"Lockon","floor":3.0},{"not_picked":["Cold Snap","Steam"],"picked":"Beam Cell","floor":4.0},{"not_picked":["Fission","Multi-Cast"],"picked":"Conserve Battery","floor":6.0},{"not_picked":["Chaos","Auto Shields"],"picked":"Streamline","floor":8.0},{"not_picked":["Redo","Ball Lightning"],"picked":"Hologram","floor":8.0},{"not_picked":["Blizzard","Genetic Algorithm"],"picked":"Creative AI","floor":10.0},{"not_picked":["Sunder","Hello World"],"picked":"Hologram","floor":13.0},{"not_picked":["Redo","Gash","Coolheaded"],"picked":"SKIP","floor":13.0},{"not_picked":["Coolheaded","Go for the Eyes"],"picked":"Glacier","floor":14.0},{"not_picked":["Beam Cell","Sweeping Beam","Redo"],"picked":"SKIP","floor":14.0},{"not_picked":["Meteor Strike","Rainbow"],"picked":"Seek","floor":16.0},{"not_picked":["Cold Snap+1","BootSequence"],"picked":"Compile Driver","floor":18.0},{"not_picked":["Reinforced Body","Coolheaded"],"picked":"Sweeping Beam","floor":18.0},{"not_picked":["FTL","Reinforced Body"],"picked":"Compile Driver","floor":22.0},{"not_picked":["Gash","Go for the Eyes"],"picked":"Conserve Battery","floor":22.0},{"not_picked":["Streamline","Beam Cell"],"picked":"Loop+1","floor":23.0},{"not_picked":["Barrage+1","Hello World+1"],"picked":"Machine Learning+1","floor":28.0},{"not_picked":["Tempest","Go for the Eyes"],"picked":"Hologram","floor":30.0},{"not_picked":["Reinforced Body","Steam Power","Sweeping Beam"],"picked":"SKIP","floor":30.0},{"not_picked":["Gash","Tempest+1"],"picked":"Buffer+1","floor":31},{"not_picked":["Hyperbeam","Amplify"],"picked":"Electrodynamics+1","floor":33},{"not_picked":["Go for the Eyes","Leap"],"picked":"Coolheaded+1","floor":35},{"not_picked":["Compile Driver+1","Stack","Go for the Eyes"],"picked":"SKIP","floor":35},{"not_picked":["Ball Lightning","Darkness"],"picked":"Coolheaded+1","floor":36},{"not_picked":["Coolheaded","Go for the Eyes","Ball Lightning"],"picked":"SKIP","floor":36},{"not_picked":["Streamline","Conserve Battery"],"picked":"Self Repair+1","floor":37},{"not_picked":["Reprogram","Redo+1"],"picked":"Biased Cognition+1","floor":37},{"not_picked":["Ball Lightning","Compile Driver"],"picked":"Fusion+1","floor":40},{"not_picked":["Scrape+1","Ball Lightning+1","Cold Snap"],"picked":"SKIP","floor":41},{"not_picked":["Turbo+1","Stack+1","Steam+1"],"picked":"SKIP","floor":41},{"not_picked":["Hello World+1","Barrage"],"picked":"Machine Learning+1","floor":44},{"not_picked":["Rebound+1","Gash+1"],"picked":"Hologram+1","floor":44},{"not_picked":["Ball Lightning","Gash+1","Steam Power"],"picked":"SKIP","floor":45},{"not_picked":["Compile Driver","Blizzard+1","Sweeping Beam"],"picked":"SKIP","floor":47},{"not_picked":["Slice+1","Offering"],"picked":"Glacier","floor":54}],"player_experience":965671,"relics_obtained":[{"floor":6.0,"key":"Prayer Wheel"},{"floor":9.0,"key":"Pear"},{"floor":10.0,"key":"Tiny Chest"},{"floor":20.0,"key":"Blue Candle"},{"floor":23.0,"key":"Thread and Needle"},{"floor":26.0,"key":"MealTicket"},{"floor":28.0,"key":"Ancient Tea Set"},{"floor":31,"key":"Cables"},{"floor":40,"key":"Sundial"},{"floor":45,"key":"Meat on the Bone"},{"floor":47,"key":"Ornamental Fan"},{"floor":48,"key":"PreservedInsect"},{"floor":54,"key":"Bottled Tornado"}],"event_choices":[{"damage_healed":0.0,"max_hp_gain":0.0,"max_hp_loss":6.0,"gold_gain":0.0,"event_name":"Golden Idol","player_choice":"Lose Max HP","floor":5.0,"gold_loss":0.0,"damage_taken":0.0,"relics_obtained":["Golden Idol"]},{"cards_removed":["Strike_B"],"damage_healed":0.0,"max_hp_gain":0.0,"max_hp_loss":0.0,"gold_gain":0.0,"event_name":"Living Wall","player_choice":"Forget","floor":11.0,"gold_loss":0.0,"damage_taken":0.0},{"cards_removed":["Strike_B"],"damage_healed":0.0,"max_hp_gain":0.0,"max_hp_loss":0.0,"gold_gain":0.0,"event_name":"The Cleric","player_choice":"Card Removal","floor":12.0,"gold_loss":50.0,"damage_taken":0.0},{"damage_healed":0.0,"max_hp_gain":0.0,"max_hp_loss":0.0,"gold_gain":99.0,"event_name":"Nest","player_choice":"Stole From Cult","floor":21.0,"gold_loss":0.0,"damage_taken":0.0},{"damage_healed":0.0,"max_hp_gain":0.0,"max_hp_loss":0.0,"gold_gain":0.0,"event_name":"Forgotten Altar","player_choice":"Gave Idol","floor":25.0,"relics_lost":["Golden Idol"],"gold_loss":0.0,"damage_taken":0.0,"relics_obtained":["Bloody Idol"]},{"damage_healed":0,"gold_gain":999,"player_choice":"Gold","damage_taken":0,"max_hp_gain":0,"max_hp_loss":0,"event_name":"MindBloom","floor":38,"gold_loss":0,"cards_obtained":["Normality","Normality"]}],"is_beta":false,"boss_relics":[{"not_picked":["Ectoplasm","Velvet Choker"],"picked":"Sozu"},{"not_picked":["Cursed Key","Snecko Eye"],"picked":"Pandora\u0027s Box"}],"items_purged_floors":[19,39,53],"is_endless":false,"potions_floor_spawned":[3,4,10,14,16,23,28,31,35,37,47],"killed_by":"The Heart","ascension_level":8}}