{"host":"nk1hwk2qadwaubm5","time":1608653930,"event":{"mods":["BaseMod","Hermit","Infinite Spire","Marisa????????","Minty Spire (QoL Compilation)","Replay The Spire","StSLib","The Animator","The Cursed","The Jungle","The Servant 0.9.4"],"gold_per_floor":[115,31,44,44,62,62,77,90,116,116,194,225,225,240,240,337,337,355,355,355,355,370,395,420,420,420,420,439,459,486,43,43,146,146,165,184,138,158,170,205,215,227,227,247,247,274,374,148,148,148,148,148,73,108,108],"floor_reached":56,"playtime":6645,"items_purged":["TheCursedMod:BloodBarrier","TheCursedMod:Strike_TheCursed+1"],"score":1344,"play_id":"42b77a98-f11a-4532-aaf5-568e10fdb868","local_time":"20201222171850","is_ascension_mode":false,"campfire_choices":[{"data":"TheCursedMod:SpitefulPlan","floor":6,"key":"SMITH"},{"data":"infinitespire:DeathsTouch","floor":13,"key":"SMITH"},{"data":"TheCursedMod:HellfireBreathing","floor":15,"key":"SMITH"},{"floor":27,"key":"REST"},{"floor":32,"key":"RECALL"},{"floor":52,"key":"REST"}],"circlet_count":0,"master_deck":["TheCursedMod:Strike_TheCursed+1","TheCursedMod:Strike_TheCursed+1","TheCursedMod:Defend_TheCursed+1","TheCursedMod:Defend_TheCursed+1","TheCursedMod:Defend_TheCursed+1","TheCursedMod:Defend_TheCursed+1","TheCursedMod:CursedWand","TheCursedMod:CleanUpWorkshop+1","TheCursedMod:Dregs","TheCursedMod:SurpriseAttack","TheCursedMod:SpitefulPlan+1","TheCursedMod:CursedAmulet","TheCursedMod:RapidMovement+1","TheCursedMod:CursedMace","TheCursedMod:HellfireBreathing+1","infinitespire:DeathsTouch+1","TheCursedMod:StunningStrike+1","TheCursedMod:CursedBlade","TheCursedMod:Obscuration","TheCursedMod:VoidForm","CurseOfTheBell","TheCursedMod:VoidForm","TheCursedMod:RapidMovement","TheCursedMod:LuckyCharm+1","TheCursedMod:BlessingInDisguise+1","TheCursedMod:CursedBoomerang+1","TheCursedMod:LuckyCharm"],"relics":["TheCursedMod:BlackMagic101","NeowsBlessing","Toy Ornithopter","Iron Hammer","Replay:Wax Seal","Fusion Hammer","WingedGreaves","Bag of Preparation","ReplayTheSpireMod:Lightbulb","Replay:Kaleidoscope","Chameleon Ring","Ginger","Bronze Scales","Replay:Grab Bag","Philosopher\u0027s Stone","TheCursedMod:OminousMark","Snecko Eye","Calling Bell","Sundial","Replay:Towering Pillar of Hats","War Paint","Pantograph","Onion Ring","Lee\u0027s Waffle","Mango"],"acts_visited":["Exordium","TheCity","TheBeyond","TheEnding"],"potions_floor_usage":[8,14,33,46,55,55],"damage_taken":[{"damage":0,"enemies":"Jaw Worm","floor":1,"turns":1},{"damage":0,"enemies":"Cultist","floor":3,"turns":1},{"damage":0,"enemies":"2 Louse","floor":5,"turns":1},{"damage":7,"enemies":"Exordium Wildlife","floor":7,"turns":8},{"damage":9,"enemies":"Gremlin Gang","floor":8,"turns":7},{"damage":14,"enemies":"Gremlin Nob","floor":12,"turns":3},{"damage":0,"enemies":"Looter","floor":14,"turns":2},{"damage":6,"enemies":"Hexaghost","floor":16,"turns":7},{"damage":0,"enemies":"Chosen","floor":18,"turns":2},{"damage":0,"enemies":"Shell Parasite","floor":22,"turns":4},{"damage":24,"enemies":"Slavers","floor":23,"turns":3},{"damage":1,"enemies":"Book of Stabbing","floor":24,"turns":6},{"damage":6,"enemies":"Shelled Parasite and Fungi","floor":28,"turns":3},{"damage":0,"enemies":"Snake Plant","floor":29,"turns":3},{"damage":19,"enemies":"Slavers","floor":30,"turns":2},{"damage":27,"enemies":"Collector","floor":33,"turns":6},{"damage":0,"enemies":"3 Darklings","floor":35,"turns":3},{"damage":0,"enemies":"Orb Walker","floor":36,"turns":2},{"damage":0,"enemies":"Transient","floor":38,"turns":5},{"damage":0,"enemies":"Writhing Mass","floor":39,"turns":2},{"damage":0,"enemies":"R_Hoarder","floor":40,"turns":3},{"damage":0,"enemies":"Maw","floor":41,"turns":4},{"damage":0,"enemies":"Sphere and 2 Shapes","floor":42,"turns":3},{"damage":0,"enemies":"3 Darklings","floor":44,"turns":2},{"damage":0,"enemies":"Reptomancer","floor":46,"turns":3},{"damage":12,"enemies":"infinitespire:MassOfShapes","floor":50,"turns":6},{"damage":0,"enemies":"Shield and Spear","floor":54,"turns":4},{"damage":52,"enemies":"The Heart","floor":55,"turns":5}],"seed_played":"20350369708250405","potions_obtained":[{"floor":1,"key":"SpeedPotion"},{"floor":8,"key":"Swift Potion"},{"floor":12,"key":"PowerPotion"},{"floor":14,"key":"SmokeBomb"},{"floor":22,"key":"DuplicationPotion"},{"floor":23,"key":"Strength Potion"},{"floor":33,"key":"Elixir"},{"floor":45,"key":"Adrenaline Potion"},{"floor":46,"key":"SmokeBomb"},{"floor":49,"key":"DistilledChaos"},{"floor":49,"key":"Toxic Potion"}],"is_trial":false,"path_per_floor":["M","$","M","?","M","R","M","M","T","?","T","E","R","M","R","B",null,"M","AVR","?","?","M","E","E","?","T","R","M","M","E","$","R","B",null,"M","M","$","M","M","E","M","M","T","M","R","E","?","$","R","B",null,"R","$","E","B",null],"character_chosen":"THE_CURSED","items_purchased":["TheCursedMod:SpitefulPlan","TheCursedMod:CursedAmulet","Ginger","Bronze Scales","TheCursedMod:RapidMovement","Lee\u0027s Waffle","TheCursedMod:LuckyCharm"],"campfire_rested":2,"item_purchase_floors":[2,2,31,31,37,48,53],"current_hp_per_floor":[75,75,75,75,75,75,68,59,59,41,41,27,27,32,32,26,75,75,75,75,75,75,51,50,50,50,72,66,66,47,47,47,25,75,75,75,75,75,75,75,75,75,75,75,75,75,75,82,82,70,82,82,82,96,51],"gold":108,"neow_bonus":"THREE_ENEMY_KILL","is_daily":false,"chose_seed":false,"campfire_upgraded":3,"win_rate":0.0,"timestamp":1608653930,"path_taken":["M","$","M","?","?","R","M","M","T","?","?","E","R","?","R","BOSS","M","AVR","?","?","M","E","E","?","T","R","M","M","E","$","R","BOSS","M","M","?","M","M","E","M","M","T","?","R","E","?","?","R","BOSS","R","$","E","BOSS"],"items_purchased_type":["Card","Card","Relic","Relic","Card","Relic","Card"],"build_version":"2020-12-13","purchased_purges":2,"victory":true,"max_hp_per_floor":[75,75,75,75,75,75,75,75,75,75,75,75,75,75,75,75,75,75,75,75,75,75,75,75,75,75,75,75,75,75,75,75,75,75,75,75,75,75,75,75,75,75,75,75,75,75,75,82,82,82,82,82,82,96,96],"card_choices":[{"not_picked":["TheCursedMod:PrepareRite","TheCursedMod:CircleOfCorruption"],"picked":"TheCursedMod:SurpriseAttack","floor":1},{"not_picked":["TheCursedMod:CircleOfFlame","TheCursedMod:Torture","TheCursedMod:DemonicPact"],"picked":"SKIP","floor":3},{"not_picked":["TheCursedMod:FleshFromBone","TheCursedMod:RavingStaff"],"picked":"TheCursedMod:RapidMovement","floor":5},{"not_picked":["TheCursedMod:FuryStrike","TheCursedMod:Grudge"],"picked":"TheCursedMod:CursedMace","floor":7},{"not_picked":["TheCursedMod:BlessingInDisguise","TheCursedMod:StingEye"],"picked":"TheCursedMod:HellfireBreathing","floor":8},{"not_picked":["infinitespire:SealOfDarkness+","infinitespire:FutureSight"],"picked":"infinitespire:DeathsTouch","floor":10},{"not_picked":["TheCursedMod:Stretching","TheCursedMod:CursedSpellbook","TheCursedMod:SpitefulPlan"],"picked":"SKIP","floor":12},{"not_picked":["TheCursedMod:VitalStrike","TheCursedMod:Stretching","TheCursedMod:RapidMovement"],"picked":"SKIP","floor":14},{"not_picked":["TheCursedMod:CircleOfAbyss","TheCursedMod:ManaCirculation"],"picked":"TheCursedMod:StunningStrike","floor":16},{"not_picked":["TheCursedMod:CircleOfCorruption","TheCursedMod:CursedAmulet+1","TheCursedMod:WearCloak"],"picked":"SKIP","floor":18},{"not_picked":["TheCursedMod:CursedShiv","TheCursedMod:CircleOfCorruption","TheCursedMod:ShockAndAwe"],"picked":"SKIP","floor":22},{"not_picked":["TheCursedMod:Wield","TheCursedMod:ReleasedKnowledge"],"picked":"TheCursedMod:CursedBlade","floor":23},{"not_picked":["TheCursedMod:CircleOfFlame+1","TheCursedMod:Stigma+1","TheCursedMod:Stretching"],"picked":"SKIP","floor":24},{"not_picked":["TheCursedMod:Stretching","TheCursedMod:Evocation"],"picked":"TheCursedMod:Obscuration","floor":28},{"not_picked":["TheCursedMod:CursedSpellbook+1","TheCursedMod:SpitefulStrike","TheCursedMod:CursedAmulet"],"picked":"SKIP","floor":29},{"not_picked":["TheCursedMod:AshesToAshes+1","TheCursedMod:ReleasedKnowledge","TheCursedMod:CursedAmulet"],"picked":"SKIP","floor":30},{"not_picked":["TheCursedMod:NeowsMight","TheCursedMod:UltimatePain"],"picked":"TheCursedMod:VoidForm","floor":33},{"not_picked":["TheCursedMod:PrepareRite","TheCursedMod:CircleOfFocus+1"],"picked":"TheCursedMod:VoidForm","floor":35},{"not_picked":["TheCursedMod:Mangle+1","TheCursedMod:FleshFromBone+1","TheCursedMod:CircleOfFlame"],"picked":"SKIP","floor":36},{"not_picked":["TheCursedMod:FleshFromBone+1","TheCursedMod:VitalStrike"],"picked":"TheCursedMod:LuckyCharm+1","floor":38},{"not_picked":["TheCursedMod:CursedStaff+1","TheCursedMod:CircleOfCorruption","TheCursedMod:VitalStrike+1"],"picked":"SKIP","floor":39},{"not_picked":["TheCursedMod:SaltUponWound+1","TheCursedMod:VitalStrike"],"picked":"TheCursedMod:BlessingInDisguise+1","floor":40},{"not_picked":["TheCursedMod:Obscuration+1","TheCursedMod:CursedAmulet+1","TheCursedMod:CursedStaff+1"],"picked":"SKIP","floor":41},{"not_picked":["TheCursedMod:Torture","TheCursedMod:BloodBarrier"],"picked":"TheCursedMod:CursedBoomerang+1","floor":42},{"not_picked":["TheCursedMod:SpitefulPlan+1","TheCursedMod:EmpowerCircles","TheCursedMod:FleshFromBone"],"picked":"SKIP","floor":44},{"not_picked":["TheCursedMod:RapidMovement","TheCursedMod:RavingStaff","TheCursedMod:NeowsMight"],"picked":"SKIP","floor":46},{"not_picked":["TheCursedMod:CursedArmor","TheCursedMod:SpreadPlague+1","TheCursedMod:CircleOfFlame"],"picked":"SKIP","floor":54}],"player_experience":223815,"relics_obtained":[{"floor":9,"key":"Toy Ornithopter"},{"floor":11,"key":"Iron Hammer"},{"floor":12,"key":"Replay:Wax Seal"},{"floor":23,"key":"Bag of Preparation"},{"floor":24,"key":"ReplayTheSpireMod:Lightbulb"},{"floor":26,"key":"Replay:Kaleidoscope"},{"floor":30,"key":"Chameleon Ring"},{"floor":34,"key":"Sundial"},{"floor":34,"key":"Replay:Towering Pillar of Hats"},{"floor":34,"key":"War Paint"},{"floor":40,"key":"Pantograph"},{"floor":46,"key":"Onion Ring"},{"floor":54,"key":"Mango"}],"event_choices":[{"damage_healed":0,"gold_gain":0,"cards_transformed":["TheCursedMod:Strike_TheCursed"],"player_choice":"Transformed","damage_taken":0,"max_hp_gain":0,"max_hp_loss":0,"event_name":"Transmorgrifier","floor":4,"gold_loss":0,"cards_obtained":["TheCursedMod:BloodBarrier"]},{"damage_healed":0,"gold_gain":0,"player_choice":"Ignored","damage_taken":0,"max_hp_gain":0,"max_hp_loss":0,"event_name":"Vampires","floor":20,"gold_loss":0},{"damage_healed":0,"gold_gain":0,"player_choice":"Simplicity","damage_taken":0,"max_hp_gain":0,"max_hp_loss":0,"event_name":"Back to Basics","floor":21,"gold_loss":0,"cards_upgraded":["TheCursedMod:Strike_TheCursed","TheCursedMod:Strike_TheCursed","TheCursedMod:Strike_TheCursed","TheCursedMod:Defend_TheCursed","TheCursedMod:Defend_TheCursed","TheCursedMod:Defend_TheCursed","TheCursedMod:Defend_TheCursed"]},{"damage_healed":0,"gold_gain":0,"player_choice":"Forge","damage_taken":0,"max_hp_gain":0,"max_hp_loss":0,"event_name":"Accursed Blacksmith","floor":25,"gold_loss":0,"cards_upgraded":["TheCursedMod:StunningStrike"]},{"damage_healed":0,"gold_gain":100,"player_choice":"Pray","damage_taken":0,"max_hp_gain":0,"max_hp_loss":0,"event_name":"Golden Shrine","floor":47,"gold_loss":0}],"is_beta":false,"boss_relics":[{"not_picked":["ReplayTheSpireMod:DimensionalGlitch","TheCursedMod:BlackMagicAdvanced"],"picked":"Fusion Hammer"},{"not_picked":["Runic Pyramid","SacredBark"],"picked":"Replay:Grab Bag"},{"not_picked":["infinitespire:Cupcake","ChewingGum"],"picked":"Philosopher\u0027s Stone"},{"not_picked":["Coffee Dripper","Replay:Wanted Poster"],"picked":"TheCursedMod:OminousMark"},{"not_picked":["ReplayTheSpireMod:SealedPack","Black Star"],"picked":"Snecko Eye"},{"not_picked":["Replay:Drink Me","Astrolabe"],"picked":"Calling Bell"}],"items_purged_floors":[19,48],"is_endless":false,"potions_floor_spawned":[1,8,12,14,22,23,29,33,39,41,42,44,46],"ascension_level":0}}