{"host":"jak4ncvfzor9mys0","time":1608625086,"event":{"mods":["2.2 Compatiblity","AchievementEnabler","BaseMod","Better Altar","Better Match","Better Note","Better Sensory Stone","Better Skull","Better Third Choice","BetterRewards","Block Reminder","Colored Map","Colored Powertips","Energized Spire","Gold Saver","Hubris","Infinite Spire","Key Reminder","Minty Spire (QoL Compilation)","Rare Cards Sparkle","Red Circlet Mod","Relic Sorter","Relic Stats","Replay The Spire","Retaliation","StSLib","SuperFastMode","The Blue Laboratory"],"gold_per_floor":[604,619,132,146,165,165,181,181,204,49,49,73,84,98,98,196,196,179,196,196,196,210,210,230,241,312,108,119,119,119],"floor_reached":29,"playtime":1237,"items_purged":["Strike_R","Strike_R"],"score":321,"play_id":"f945b68b-9ca5-4930-9c71-f6b91149628b","local_time":"20201222001806","is_ascension_mode":false,"campfire_choices":[{"data":"Iron Wave","floor":6.0,"key":"SMITH"},{"data":"Barricade","floor":6.0,"key":"SMITH"},{"data":"hubris:ReadiedAction","floor":8.0,"key":"SMITH"},{"data":"Shrug It Off","floor":8.0,"key":"SMITH"},{"data":"DDmod:SpikeMailSkill","floor":11.0,"key":"SMITH"},{"data":"Ghostly Armor","floor":11.0,"key":"SMITH"},{"floor":15.0,"key":"REST"},{"data":"Juggernaut","floor":23,"key":"SMITH"},{"data":"DDmod:UnstoppableAttack","floor":23,"key":"SMITH"}],"circlet_count":0,"master_deck":["Strike_R","Defend_R","Defend_R","Defend_R","Bash","Barricade+1","hubris:ReadiedAction+1","Ghostly Armor+1","DDmod:SpikedSkill","Shrug It Off+1","DDmod:SpikedSkill","Iron Wave+1","DDmod:SpikeMailSkill+1","DDmod:UnstoppableAttack+1","Juggernaut+1","DDmod:UnstoppableAttack+1","Body Slam+1","Body Slam","Shrug It Off","Rage"],"relics":["Burning Blood","Replay:Arrowhead","TheAbacus","Odd Mushroom","Empty Cage","Frozen Egg 2"],"acts_visited":["Exordium","TheCity"],"potions_floor_usage":[24],"damage_taken":[{"damage":10.0,"enemies":"Jaw Worm","floor":1.0,"turns":5.0},{"damage":5.0,"enemies":"2 Louse","floor":2.0,"turns":4.0},{"damage":3.0,"enemies":"Small Slimes","floor":4.0,"turns":7.0},{"damage":10.0,"enemies":"2 Fungi Beasts","floor":5.0,"turns":5.0},{"damage":16.0,"enemies":"Lots of Slimes","floor":7.0,"turns":7.0},{"damage":9.0,"enemies":"The Mushroom Lair","floor":12.0,"turns":8.0},{"damage":24.0,"enemies":"Gremlin Gang","floor":13.0,"turns":7.0},{"damage":13.0,"enemies":"3 Louse","floor":14.0,"turns":6.0},{"damage":9.0,"enemies":"Slime Boss","floor":16.0,"turns":18.0},{"damage":24.0,"enemies":"2 Thieves","floor":18.0,"turns":5.0},{"damage":10.0,"enemies":"Chosen","floor":19.0,"turns":7.0},{"damage":38,"enemies":"Sentry and Sphere","floor":22,"turns":8},{"damage":15,"enemies":"Shelled Parasite and Fungi","floor":24,"turns":8},{"damage":22,"enemies":"Chosen and Byrds","floor":25,"turns":6},{"damage":24,"enemies":"Centurion and Healer","floor":28,"turns":7},{"damage":30,"enemies":"Cultist and Chosen","floor":29,"turns":5}],"seed_played":"-6773454494078825709","potions_obtained":[{"floor":1.0,"key":"blueLaboratory:ArtificerPotion"},{"floor":13.0,"key":"Swift Potion"},{"floor":14.0,"key":"Languid Potion"},{"floor":16.0,"key":"BlessingOfTheForge"}],"is_trial":false,"path_per_floor":["M","M","$","M","M","R","M","R","T","$","R","?","M","M","R","B",null,"M","M","?","?","M","R","M","M","T","$","M","M"],"character_chosen":"IRONCLAD","items_purchased":["Barricade","hubris:ReadiedAction","Replay:Arrowhead","Shrug It Off","DDmod:SpikedSkill","TheAbacus","Body Slam","Shrug It Off"],"campfire_rested":1,"item_purchase_floors":[0,0,3,3,3,10,27,27],"current_hp_per_floor":[76,77,77,80,76,76,66,66,66,66,66,63,45,41,65,66,80,62,67,67,67,44,44,45,31,31,31,23,0,0],"gold":119,"neow_bonus":"","is_daily":false,"chose_seed":false,"campfire_upgraded":8,"win_rate":0.0,"timestamp":1608625086,"path_taken":["M","M","$","M","M","R","M","R","T","$","R","?","M","M","R","BOSS","M","M","?","?","M","R","?","M","T","$","M","M"],"items_purchased_type":["Card","Card","Relic","Card","Card","Relic","Card","Card"],"build_version":"2020-12-13","purchased_purges":2,"victory":false,"max_hp_per_floor":[80,80,80,80,80,80,80,80,80,80,80,80,80,80,80,80,80,80,80,80,80,80,80,80,80,80,80,80,80,80],"relic_stats":{"TheAbacus":[120],"counters":[35,204],"obtain_stats":[{"Replay:Accelerometer":9,"hubris:DisguiseKit":26,"Oddly Smooth Stone":3,"Orichalcum":14,"Odd Mushroom":12,"Frozen Egg 2":26,"Empty Cage":34,"Burning Blood":0,"Replay:Arrowhead":3,"ReplayTheSpireMod:Spearhead":11,"energizedSpire:CursedPentagram":17,"TheAbacus":10,"Pantograph":14,"Turnip":27,"hubris:ToyBattleship":0,"Snack Pack":36,"Replay:Wax Seal":3},{"Replay:Accelerometer":5,"hubris:DisguiseKit":13,"Oddly Smooth Stone":2,"Orichalcum":9,"Odd Mushroom":25,"Frozen Egg 2":33,"Empty Cage":18,"Burning Blood":0,"Replay:Arrowhead":21,"ReplayTheSpireMod:Spearhead":7,"energizedSpire:CursedPentagram":10,"TheAbacus":24,"Pantograph":9,"Turnip":14,"hubris:ToyBattleship":0,"Snack Pack":18,"Replay:Wax Seal":2},{"Replay:Accelerometer":23,"hubris:DisguiseKit":54,"Oddly Smooth Stone":7,"Orichalcum":38,"Odd Mushroom":127,"Frozen Egg 2":192,"Empty Cage":85,"Burning Blood":0,"Replay:Arrowhead":100,"ReplayTheSpireMod:Spearhead":30,"energizedSpire:CursedPentagram":43,"TheAbacus":119,"Pantograph":38,"Turnip":62,"hubris:ToyBattleship":0,"Snack Pack":85,"Replay:Wax Seal":7}],"Burning Blood":176},"card_choices":[{"not_picked":["Clothesline","Armaments"],"picked":"Ghostly Armor","floor":1.0},{"not_picked":["Thunderclap","DDmod:CallousedSkill"],"picked":"DDmod:SpikedSkill","floor":2.0},{"not_picked":["Perfected Strike","Dual Wield","Clothesline"],"picked":"SKIP","floor":4.0},{"not_picked":["Replay:Undeath\u0027s Touch","Life Link"],"picked":"Iron Wave","floor":5.0},{"not_picked":["Twin Strike","DDmod:BurningFumesPowerCard"],"picked":"DDmod:SpikeMailSkill","floor":7.0},{"not_picked":["Pommel Strike","Warcry"],"picked":"DDmod:UnstoppableAttack","floor":13.0},{"not_picked":["Whirlwind","Anger","Dual Wield"],"picked":"SKIP","floor":14.0},{"not_picked":["Offering","DDmod:GrandUltimatumAttack"],"picked":"Juggernaut","floor":16.0},{"not_picked":["Replay:Undeath\u0027s Touch","hubris:ReadiedAction+1"],"picked":"DDmod:UnstoppableAttack+1","floor":18.0},{"not_picked":["hubris:ReadiedAction+1","Anger+1","Flex"],"picked":"SKIP","floor":19.0},{"not_picked":["Thunderclap","Inflame","ReplayTheSpireMod:Strike From Hell+1"],"picked":"SKIP","floor":22},{"not_picked":["Hemokinesis","Corruption"],"picked":"Body Slam+1","floor":24},{"not_picked":["ReplayTheSpireMod:Muscle Training","ReplayTheSpireMod:Strike From Hell","Pommel Strike"],"picked":"SKIP","floor":25},{"not_picked":["Sword Boomerang","Heavy Blade"],"picked":"Rage","floor":28}],"player_experience":2661668,"relics_obtained":[{"floor":12.0,"key":"Odd Mushroom"},{"floor":26,"key":"Frozen Egg 2"}],"event_choices":[{"damage_healed":0.0,"max_hp_gain":0.0,"max_hp_loss":0.0,"gold_gain":0.0,"event_name":"Mushrooms","player_choice":"Fought Mushrooms","floor":12.0,"gold_loss":0.0,"damage_taken":0.0},{"cards_removed":["Defend_R"],"damage_healed":0.0,"max_hp_gain":0.0,"max_hp_loss":0.0,"gold_gain":0.0,"event_name":"Bonfire Elementals","player_choice":"Offered Basic","floor":20.0,"gold_loss":0.0,"damage_taken":0.0},{"damage_healed":0,"gold_gain":0,"player_choice":"Ignored","damage_taken":0,"max_hp_gain":0,"max_hp_loss":0,"event_name":"WeMeetAgain","floor":21,"gold_loss":0}],"is_beta":false,"boss_relics":[{"not_picked":["hubris:BlackHole","Velvet Choker"],"picked":"Empty Cage"}],"items_purged_floors":[3,27],"is_endless":false,"potions_floor_spawned":[1,13,14,16,19,22],"killed_by":"Cultist and Chosen","ascension_level":0}}