{"host":"w01vs80f19dvf8rn","time":1608644469,"event":{"mods":["Act Like it!","BaseMod","Better Note","Colored Map","Colored Powertips","DeckTracker","Friendly Minions","Googly Eyes","Hallownest","Minty Spire (QoL Compilation)","Rare Cards Sparkle","StSLib","SuperFastMode","The Bug Knight","The Jungle"],"gold_per_floor":[116,116,131,131,0,30,30,70,70,84,100,129,129,23,23,137,137,148,298,327,353,423,423,446,338,363,363,121,150,179,196,196,196,196],"floor_reached":33,"playtime":1974,"items_purged":["HollowMod:NailStrikeStart","HollowMod:NailStrikeStart","HollowMod:QuickDashStart"],"score":310,"play_id":"18e274fd-21b3-4a3a-bea7-a1a5a9a9b0e1","local_time":"20201222224109","is_ascension_mode":true,"campfire_choices":[{"data":"HollowMod:FocusHealStart","floor":7.0,"key":"SMITH"},{"data":"HollowMod:HerrahsAnger","floor":13.0,"key":"SMITH"},{"data":"HollowMod:GrimmsGift","floor":15.0,"key":"SMITH"},{"data":"HollowMod:LifebloodCocoon","floor":23,"key":"SMITH"},{"floor":32,"key":"REST"}],"circlet_count":0,"master_deck":["HollowMod:NailStrikeStart","HollowMod:NailStrikeStart","HollowMod:QuickDashStart","HollowMod:QuickDashStart","HollowMod:FocusHealStart+1","HollowMod:PogoStrike","HollowMod:HuntersJournal","HollowMod:SharpenedNail","HollowMod:HerrahsAnger+1","HollowMod:CornifersMapStart","HollowMod:GrimmsGift+1","HollowMod:Weaversong","HollowMod:CloakDash","HollowMod:LifebloodCocoon+1","HollowMod:HuntersJournal","HollowMod:SoulSplash","HollowMod:CloakDash"],"relics":["HollowMod:VesselMask","NeowsBlessing","Hallownest:BankAccountRelic","Centennial Puzzle","InkBottle","CeramicFish","Philosopher\u0027s Stone","Pen Nib","Bronze Scales"],"acts_visited":["Exordium","Hallownest:Greenpath"],"potions_floor_usage":[20,22,22,30,33],"damage_taken":[{"damage":0.0,"enemies":"Hallownest:2_MossCreeps","floor":1.0,"turns":1.0},{"damage":0.0,"enemies":"Hallownest:monsterHuskGuard","floor":3.0,"turns":1.0},{"damage":0.0,"enemies":"Hallownest:eliteMossKnight","floor":6.0,"turns":1.0},{"damage":5.0,"enemies":"Hallownest:monsterHuskWarrior","floor":10.0,"turns":4.0},{"damage":2.0,"enemies":"Hallownest:monsterMossCharger","floor":11.0,"turns":4.0},{"damage":30.0,"enemies":"Hallownest:eliteCrystalGuardian","floor":12.0,"turns":6.0},{"damage":51.0,"enemies":"Hallownest:BossFalseKnight","floor":16.0,"turns":5.0},{"damage":31.0,"enemies":"Hallownest:2_Mistakes","floor":18.0,"turns":6.0},{"damage":22,"enemies":"Hallownest:Guard_and_Sentry","floor":20,"turns":4},{"damage":9,"enemies":"Hallownest:Warrior_and_Youth","floor":21,"turns":4},{"damage":24,"enemies":"Hallownest:Glutton_and_Coward","floor":22,"turns":3},{"damage":8,"enemies":"Hallownest:2_Husk_Sentries","floor":24,"turns":4},{"damage":3,"enemies":"Hallownest:monsterShrumalOgre","floor":29,"turns":3},{"damage":10,"enemies":"Hallownest:Master_and_Novice","floor":30,"turns":4},{"damage":5,"enemies":"Hallownest:2_Flukemon","floor":31,"turns":5},{"damage":50,"enemies":"Hallownest:BossMantisLord","floor":33,"turns":3}],"seed_played":"3412589716869276194","potions_obtained":[{"floor":1.0,"key":"SkillPotion"},{"floor":3.0,"key":"CultistPotion"},{"floor":12.0,"key":"SteroidPotion"},{"floor":16.0,"key":"PowerPotion"},{"floor":18.0,"key":"BlessingOfTheForge"},{"floor":20,"key":"DistilledChaos"},{"floor":30,"key":"GamblersBrew"},{"floor":31,"key":"SpeedPotion"}],"is_trial":false,"path_per_floor":["M","?","M","?","?","E","R","$","T","M","M","E","R","$","R","B",null,"M","?","M","M","M","R","M","$","T","?","$","M","M","M","R","B"],"character_chosen":"THE_BUGKNIGHT","items_purchased":["HollowMod:GrimmsGift","Block Potion","Bronze Scales"],"campfire_rested":1,"item_purchase_floors":[14,25,28],"current_hp_per_floor":[75,75,75,66,66,66,66,66,66,71,69,49,49,49,49,10,75,54,54,44,45,31,31,23,23,23,19,19,16,16,21,43,0,0],"gold":196,"neow_bonus":"THREE_ENEMY_KILL","is_daily":false,"chose_seed":false,"campfire_upgraded":4,"win_rate":0.0,"timestamp":1608644469,"path_taken":["M","?","M","?","?","E","R","$","T","M","M","E","R","$","R","BOSS","M","?","M","M","M","R","M","?","T","?","$","M","M","M","R","BOSS"],"items_purchased_type":["Card","Potion","Relic"],"build_version":"2020-12-13","purchased_purges":3,"victory":false,"max_hp_per_floor":[75,75,75,75,75,75,75,75,75,75,75,75,75,75,75,75,75,75,75,75,75,75,75,75,75,75,75,75,75,75,75,75,75,75],"card_choices":[{"not_picked":["HollowMod:SiblingsSouls","HollowMod:VengefulVoid"],"picked":"HollowMod:HuntersJournal","floor":1.0},{"not_picked":["HollowMod:TaintedHusks","HollowMod:Grubsong"],"picked":"HollowMod:SharpenedNail","floor":3.0},{"not_picked":["HollowMod:InfectionAssault","HollowMod:InfectedCysts"],"picked":"HollowMod:HerrahsAnger","floor":6.0},{"not_picked":["HollowMod:SharpenedNail","HollowMod:GoodIntentions"],"picked":"HollowMod:CornifersMapStart","floor":10.0},{"not_picked":["HollowMod:HowlingWraiths","HollowMod:BlackTendrils","HollowMod:WraithStrike"],"picked":"SKIP","floor":11.0},{"not_picked":["HollowMod:SiblingsShadow","HollowMod:CycloneSlash","HollowMod:BaldurShell"],"picked":"SKIP","floor":12.0},{"not_picked":["HollowMod:SiblingsShadow","HollowMod:CycloneSlash","HollowMod:BaldurShell"],"picked":"SKIP","floor":12.0},{"not_picked":["HollowMod:ZotesMagnificence","HollowMod:HerrahsAnger"],"picked":"HollowMod:Weaversong","floor":16.0},{"not_picked":["HollowMod:GoodIntentions","HollowMod:GreatSlash","HollowMod:HeavyBlow"],"picked":"SKIP","floor":18.0},{"not_picked":["HollowMod:DesolateDive","HollowMod:SharpenedNail+1"],"picked":"HollowMod:CloakDash","floor":20},{"not_picked":["HollowMod:DashSlash","HollowMod:FallenFury"],"picked":"HollowMod:LifebloodCocoon","floor":21},{"not_picked":["HollowMod:FallenFury","HollowMod:HeavyBlow+1","HollowMod:HowlingWraiths"],"picked":"SKIP","floor":22},{"not_picked":["HollowMod:SiblingsSouls","HollowMod:GoodIntentions+1"],"picked":"HollowMod:HuntersJournal","floor":24},{"not_picked":["HollowMod:MothsMistake","HollowMod:SoulStrike"],"picked":"HollowMod:SoulSplash","floor":29},{"not_picked":["HollowMod:CycloneSlash","HollowMod:VengefulVoid+1"],"picked":"HollowMod:CloakDash","floor":30},{"not_picked":["HollowMod:HornetsHelp","HollowMod:SharpenedShadows","HollowMod:AbyssShriek"],"picked":"SKIP","floor":31}],"player_experience":650907,"relics_obtained":[{"floor":6.0,"key":"Centennial Puzzle"},{"floor":9.0,"key":"InkBottle"},{"floor":12.0,"key":"CeramicFish"},{"floor":26,"key":"Pen Nib"}],"event_choices":[],"is_beta":false,"boss_relics":[{"not_picked":["SacredBark","Black Star"],"picked":"Philosopher\u0027s Stone"}],"items_purged_floors":[14,25,28],"is_endless":false,"potions_floor_spawned":[1,3,12,16,18,20,30,31],"killed_by":"Hallownest:BossMantisLord","ascension_level":2}}