{"host":"03a85bwj0a5skoit","time":1608606646,"event":{"mods":["BaseMod","Block Reminder","Minty Spire (QoL Compilation)","Relic Stats","StSLib"],"gold_per_floor":[113,113,130,143,143,168,243,203,249,24,36,36,36,36],"floor_reached":13,"playtime":386,"items_purged":["Regret"],"score":166,"play_id":"82f94cd6-aa99-4b3d-9f54-04e8058141fe","local_time":"20201222134046","is_ascension_mode":true,"campfire_choices":[{"floor":12,"key":"REST"}],"circlet_count":0,"master_deck":["AscendersBane","Strike_G","Strike_G","Strike_G","Strike_G","Strike_G","Defend_G","Defend_G","Defend_G","Defend_G","Defend_G","Survivor","Neutralize","Dagger Throw","Caltrops","Tactician","Envenom","Crippling Poison","Enlightenment","Underhanded Strike","Choke"],"relics":["Ring of the Snake","NeowsBlessing","Happy Flower","Gremlin Horn","Boot"],"acts_visited":["Exordium"],"potions_floor_usage":[6,6,13],"damage_taken":[{"damage":0,"enemies":"Cultist","floor":1,"turns":1},{"damage":0,"enemies":"Small Slimes","floor":3,"turns":1},{"damage":0,"enemies":"Jaw Worm","floor":4,"turns":1},{"damage":37,"enemies":"3 Sentries","floor":6,"turns":12},{"damage":4,"enemies":"Looter","floor":8,"turns":4},{"damage":3,"enemies":"Gremlin Gang","floor":11,"turns":5},{"damage":35,"enemies":"Lagavulin","floor":13,"turns":8}],"seed_played":"7579205718539747751","potions_obtained":[{"floor":2,"key":"Fire Potion"},{"floor":2,"key":"Block Potion"},{"floor":11,"key":"Block Potion"}],"is_trial":false,"path_per_floor":["M","?","M","M","?","E","?","M","T","$","M","R","E"],"character_chosen":"THE_SILENT","items_purchased":["Enlightenment","Underhanded Strike"],"campfire_rested":1,"item_purchase_floors":[10,10],"current_hp_per_floor":[59,59,59,59,59,22,11,7,7,7,4,23,0,0],"gold":36,"neow_bonus":"THREE_ENEMY_KILL","is_daily":false,"chose_seed":false,"campfire_upgraded":0,"win_rate":0.0,"timestamp":1608606646,"path_taken":["M","?","?","M","?","E","?","M","T","$","M","R","E"],"items_purchased_type":["Card","Card"],"build_version":"2020-12-13","purchased_purges":1,"victory":false,"max_hp_per_floor":[66,66,66,66,66,66,66,66,66,66,66,66,66,66],"relic_stats":{"Happy Flower":[9],"Gremlin Horn":[3,3],"counters":[7,32],"Boot":[10],"obtain_stats":[{"NeowsBlessing":0,"Happy Flower":5,"Gremlin Horn":6,"Boot":9,"Ring of the Snake":0},{"NeowsBlessing":0,"Happy Flower":3,"Gremlin Horn":4,"Boot":5,"Ring of the Snake":0},{"NeowsBlessing":0,"Happy Flower":3,"Gremlin Horn":15,"Boot":19,"Ring of the Snake":0}],"Ring of the Snake":[14]},"card_choices":[{"not_picked":["Outmaneuver","Acrobatics"],"picked":"Dagger Throw","floor":1},{"not_picked":["Bane","Backflip"],"picked":"Caltrops","floor":3},{"not_picked":["Dagger Spray","Well Laid Plans"],"picked":"Tactician","floor":4},{"not_picked":["Catalyst","Terror"],"picked":"Envenom","floor":6},{"not_picked":["Deflect","Tactician"],"picked":"Crippling Poison","floor":8},{"not_picked":["Outmaneuver","Slice"],"picked":"Choke","floor":11}],"player_experience":2285672,"relics_obtained":[{"floor":6,"key":"Gremlin Horn"},{"floor":9,"key":"Boot"}],"event_choices":[{"damage_healed":0,"gold_gain":0,"player_choice":"Got Potions","damage_taken":0,"max_hp_gain":0,"max_hp_loss":0,"event_name":"Lab","floor":2,"gold_loss":0},{"damage_healed":0,"gold_gain":0,"player_choice":"Box","damage_taken":0,"relics_obtained":["Happy Flower"],"max_hp_gain":0,"max_hp_loss":0,"event_name":"Big Fish","floor":5,"gold_loss":0,"cards_obtained":["Regret"]},{"damage_healed":0,"gold_gain":75,"player_choice":"Gather Gold","damage_taken":11,"max_hp_gain":0,"max_hp_loss":0,"event_name":"World of Goop","floor":7,"gold_loss":0}],"is_beta":false,"boss_relics":[],"items_purged_floors":[10],"is_endless":false,"potions_floor_spawned":[3,11],"killed_by":"Lagavulin","ascension_level":20}}