{"host":"gx7yyrn1gkym3qpb","time":1608627989,"event":{"mods":["AchievementEnabler","BaseMod","Better Altar","Better Match","Better Note","Better Sensory Stone","Better Skull","Better Third Choice","Highlight Path","Minty Spire (QoL Compilation)","Permanent Neow","Quick Restart","StSLib","Unceasing Turn Reminder"],"gold_per_floor":[110,110,125,135,146,173,173,199,225,241,166,166,182,217,217,289,289,309,309,309,289,289,289,289,317,317,317,147,158,158,178,178,255,255,273,293,310,335,352,352,387,387,387,418,435,435,469,479,479,479,479],"floor_reached":50,"playtime":2799,"items_purged":["Strike_G","Bullet Time"],"score":1089,"play_id":"2656b9d2-d4f3-4df1-84d7-d021631a2e67","local_time":"20201222040629","is_ascension_mode":true,"campfire_choices":[{"floor":7,"key":"REST"},{"floor":12,"key":"REST"},{"data":"Deadly Poison","floor":15,"key":"SMITH"},{"data":"Deadly Poison","floor":23,"key":"SMITH"},{"data":"Bane","floor":27,"key":"SMITH"},{"data":"Catalyst","floor":30,"key":"SMITH"},{"data":"Footwork","floor":32,"key":"SMITH"},{"data":"Burst","floor":40,"key":"SMITH"},{"data":"Malaise","floor":46,"key":"SMITH"},{"floor":49,"key":"RECALL"}],"circlet_count":0,"master_deck":["AscendersBane","Strike_G+1","Strike_G+1","Defend_G+1","Defend_G+1","Defend_G+1","Defend_G+1","Survivor","Neutralize+1","Footwork+1","Backstab+1","Bane+1","Caltrops","Footwork","PiercingWail","Blade Dance","Deadly Poison+1","Deadly Poison+1","Malaise+1","Catalyst+1","Backflip","Crippling Poison","Burst+1","PiercingWail","Catalyst+1","Crippling Poison+1"],"relics":["Ring of the Snake","StoneCalendar","Tiny Chest","PreservedInsect","Ancient Tea Set","Coffee Dripper","Incense Burner","MutagenicStrength","Thread and Needle","Sundial","SacredBark","Unceasing Top","Anchor","Whetstone","Pen Nib","Bottled Lightning"],"acts_visited":["Exordium","TheCity","TheBeyond"],"potions_floor_usage":[4,5,6,8,21,41,48,50],"damage_taken":[{"damage":0,"enemies":"Jaw Worm","floor":1,"turns":5},{"damage":0,"enemies":"Cultist","floor":3,"turns":5},{"damage":0,"enemies":"Small Slimes","floor":4,"turns":3},{"damage":7,"enemies":"Exordium Thugs","floor":5,"turns":6},{"damage":35,"enemies":"Gremlin Nob","floor":6,"turns":6},{"damage":23,"enemies":"3 Sentries","floor":8,"turns":7},{"damage":0,"enemies":"3 Louse","floor":10,"turns":4},{"damage":1,"enemies":"Blue Slaver","floor":13,"turns":4},{"damage":10,"enemies":"Gremlin Nob","floor":14,"turns":4},{"damage":6,"enemies":"Hexaghost","floor":16,"turns":8},{"damage":0,"enemies":"Chosen","floor":18,"turns":6},{"damage":11,"enemies":"2 Thieves","floor":21,"turns":4},{"damage":4,"enemies":"Book of Stabbing","floor":25,"turns":6},{"damage":0,"enemies":"Snake Plant","floor":29,"turns":4},{"damage":0,"enemies":"Chosen and Byrds","floor":31,"turns":4},{"damage":25,"enemies":"Champ","floor":33,"turns":11},{"damage":0,"enemies":"Orb Walker","floor":35,"turns":3},{"damage":0,"enemies":"3 Darklings","floor":36,"turns":6},{"damage":28,"enemies":"Writhing Mass","floor":37,"turns":7},{"damage":0,"enemies":"Mind Bloom Boss Battle","floor":38,"turns":7},{"damage":25,"enemies":"Jaw Worm Horde","floor":39,"turns":6},{"damage":17,"enemies":"Giant Head","floor":41,"turns":7},{"damage":0,"enemies":"Nemesis","floor":44,"turns":5},{"damage":0,"enemies":"Transient","floor":45,"turns":5},{"damage":13,"enemies":"Giant Head","floor":47,"turns":7},{"damage":0,"enemies":"3 Darklings","floor":48,"turns":7},{"damage":23,"enemies":"Donu and Deca","floor":50,"turns":3}],"seed_played":"-4487504873581475504","potions_obtained":[{"floor":1,"key":"Fruit Juice"},{"floor":3,"key":"AttackPotion"},{"floor":4,"key":"FearPotion"},{"floor":6,"key":"DistilledChaos"},{"floor":18,"key":"AttackPotion"},{"floor":25,"key":"Regen Potion"},{"floor":31,"key":"BlessingOfTheForge"},{"floor":35,"key":"CunningPotion"},{"floor":37,"key":"Swift Potion"},{"floor":45,"key":"Dexterity Potion"}],"is_trial":false,"path_per_floor":["M","?","M","M","M","E","R","E","T","M","$","R","M","E","R","B",null,"M","?","T","M","?","R","?","E","T","R","$","M","R","M","R","B",null,"M","M","M","?","M","R","E","T","T","E","M","R","E","M","R","B"],"character_chosen":"THE_SILENT","items_purchased":["Catalyst"],"campfire_rested":2,"item_purchase_floors":[28],"current_hp_per_floor":[44,44,44,49,42,7,28,5,5,5,5,26,25,15,15,9,56,56,56,56,45,45,45,45,41,41,41,41,41,41,41,41,16,57,57,57,29,29,4,4,36,36,36,36,36,36,23,23,23,0,0],"gold":479,"neow_bonus":"TRANSFORM_TWO_CARDS","is_daily":false,"chose_seed":false,"campfire_upgraded":7,"win_rate":0.0,"timestamp":1608627989,"path_taken":["M","?","M","M","M","E","R","E","T","M","?","R","?","E","R","BOSS","M","?","?","M","?","R","?","E","T","R","$","M","R","M","R","BOSS","M","M","M","?","M","R","E","?","T","E","M","R","E","?","R","BOSS"],"items_purchased_type":["Card"],"build_version":"2020-12-13","purchased_purges":2,"victory":false,"max_hp_per_floor":[66,66,66,71,71,71,71,71,71,71,71,71,71,71,71,71,71,71,71,71,71,71,71,71,71,71,71,71,71,71,71,71,71,71,71,71,71,71,71,71,71,71,71,71,71,71,71,71,71,71,71],"card_choices":[{"not_picked":["Choke","Dodge and Roll"],"picked":"Backstab","floor":1},{"not_picked":["Prepared","Dagger Throw"],"picked":"Caltrops","floor":3},{"not_picked":["Dodge and Roll","Flying Knee"],"picked":"Footwork","floor":4},{"not_picked":["Dodge and Roll","Slice"],"picked":"PiercingWail","floor":5},{"not_picked":["Terror","Venomology"],"picked":"Blade Dance","floor":6},{"not_picked":["Poisoned Stab","Accuracy","Dagger Throw"],"picked":"SKIP","floor":8},{"not_picked":["Reflex","Setup"],"picked":"Deadly Poison","floor":10},{"not_picked":["Choke","Reflex"],"picked":"Deadly Poison","floor":13},{"not_picked":["Accuracy","Heel Hook","Sucker Punch"],"picked":"SKIP","floor":14},{"not_picked":["Adrenaline","Storm of Steel"],"picked":"Malaise","floor":16},{"not_picked":["Poisoned Stab","Outmaneuver","Tactician"],"picked":"SKIP","floor":18},{"not_picked":["Dagger Spray","PiercingWail","Underhanded Strike"],"picked":"SKIP","floor":21},{"not_picked":["Setup+1","Deflect+1","Eviscerate"],"picked":"SKIP","floor":25},{"not_picked":["Poisoned Stab","Dagger Spray"],"picked":"Backflip","floor":29},{"not_picked":["Deadly Poison","Underhanded Strike"],"picked":"Crippling Poison","floor":31},{"not_picked":["Die Die Die","Adrenaline"],"picked":"Burst","floor":33},{"not_picked":["Distraction","Bane","Crippling Poison"],"picked":"SKIP","floor":35},{"not_picked":["Slice","Blade Dance+1"],"picked":"PiercingWail","floor":36},{"not_picked":["Deadly Poison","Dodge and Roll","Quick Slash"],"picked":"SKIP","floor":37},{"not_picked":["Bane","Caltrops","Dagger Spray+1"],"picked":"SKIP","floor":39},{"not_picked":["Tactician","Prepared","Acrobatics"],"picked":"SKIP","floor":41},{"not_picked":["Flying Knee","Terror","Acrobatics"],"picked":"SKIP","floor":44},{"not_picked":["Expertise","Acrobatics","Prepared"],"picked":"SKIP","floor":45},{"not_picked":["Dodge and Roll","Endless Agony+1"],"picked":"Catalyst+1","floor":47},{"not_picked":["Slice","Deadly Poison+1"],"picked":"Crippling Poison+1","floor":48}],"player_experience":349675,"relics_obtained":[{"floor":6,"key":"StoneCalendar"},{"floor":8,"key":"Tiny Chest"},{"floor":9,"key":"PreservedInsect"},{"floor":14,"key":"Ancient Tea Set"},{"floor":20,"key":"Incense Burner"},{"floor":25,"key":"Thread and Needle"},{"floor":26,"key":"Sundial"},{"floor":38,"key":"Unceasing Top"},{"floor":41,"key":"Anchor"},{"floor":43,"key":"Whetstone"},{"floor":44,"key":"Pen Nib"},{"floor":47,"key":"Bottled Lightning"}],"event_choices":[{"damage_healed":0,"gold_gain":0,"cards_transformed":["Strike_G"],"player_choice":"Transformed","damage_taken":0,"max_hp_gain":0,"max_hp_loss":0,"event_name":"Transmorgrifier","floor":2,"gold_loss":0,"cards_obtained":["Bane"]},{"cards_removed":["Blade Dance"],"damage_healed":0,"gold_gain":0,"player_choice":"Give","damage_taken":0,"max_hp_gain":0,"max_hp_loss":0,"event_name":"betterNote:BetterNote","floor":19,"gold_loss":0,"cards_obtained":["None"]},{"damage_healed":0,"gold_gain":0,"player_choice":"Simplicity","damage_taken":0,"max_hp_gain":0,"max_hp_loss":6,"event_name":"betterThird:BetterWriting","floor":22,"gold_loss":0},{"damage_healed":0,"gold_gain":0,"player_choice":"Inject Mutagens","damage_taken":0,"relics_obtained":["MutagenicStrength"],"max_hp_gain":0,"max_hp_loss":0,"event_name":"Drug Dealer","floor":24,"gold_loss":0},{"damage_healed":0,"gold_gain":0,"player_choice":"Fight","damage_taken":0,"max_hp_gain":0,"max_hp_loss":0,"event_name":"MindBloom","floor":38,"gold_loss":0}],"is_beta":false,"boss_relics":[{"not_picked":["Cursed Key","WristBlade"],"picked":"Coffee Dripper"},{"not_picked":["Empty Cage","Pandora\u0027s Box"],"picked":"SacredBark"}],"items_purged_floors":[11,28],"is_endless":false,"potions_floor_spawned":[1,3,4,6,18,25,31,35,37,38,45],"killed_by":"Donu and Deca","ascension_level":15}}