{"host":"81h68oe4mr04pk3r","time":1608619589,"event":{"mods":["Act Like it!","Aspiration","BaseMod","BetterRewards","Colored Map","Colored Powertips","Conspire","Downfall","Hermit","Hubris","Infinite Spire","Jorbs\u0027s Wanderer Trilogy","Koishi","Lobotomy","LobotomyExtend","Marisa????????","Minty Spire (QoL Compilation)","Quick Restart","Reimu??????","Remilia??????","Replay The Spire","StSLib","The Bug Knight","The Construct","The Cursed","The Disciple","The Servant 0.9.4"],"gold_per_floor":[116,116,43,61,78,78,97,108,108,126,126,126,126,142,142,242,242,256,256,256,256,256,256,268,281,328,328,362,386,415,443,443,558,558,589,67,83,116,136,136],"floor_reached":39,"playtime":3076,"items_purged":["JA"],"score":470,"play_id":"d4fc54c5-8493-46b5-9454-62bb3271b515","local_time":"20201221224629","is_ascension_mode":false,"campfire_choices":[{"floor":6,"key":"REST"},{"floor":11,"key":"REST"},{"floor":13,"key":"REST"},{"data":"PowerUp","floor":15,"key":"SMITH"},{"floor":23,"key":"REST"},{"data":"hubris:InfiniteBlow+11","floor":27,"key":"SMITH"},{"floor":32,"key":"REST"}],"circlet_count":0,"master_deck":["Strike_MRS","Strike_MRS","Strike_MRS","Strike_MRS","Defend_MRS","Defend_MRS","Defend_MRS","Defend_MRS","MasterSpark","UpSweep","DoubleSpark","FairyDestructionRay","WitchLeyline","BlazingStar","PowerUp","EarthLightRay","AsteroidBelt","DoubleSpark","PowerUp+1","BlazingStar","DoubleSpark+1","hubris:InfiniteBlow+12","PowerUp+1","MillisecondPulsars","BlazeAway","GasGiant","DoubleSpark","ShootingEcho","Acceleration","PowerUp+1","GalacticHalo","PropBag","DarkMatter","Singularity"],"relics":["MiniHakkero","Dream Catcher","LetterFromLob","aspiration:PocketMushroom","hubris:RunicObelisk","BreadOfAWashokuLover","Blood Vial","Replay:Wax Seal","Replay:Bandana","Replay:Lucky Slots","aspiration:TomeofQuesting"],"acts_visited":["Exordium","TheCity","TheBeyond"],"potions_floor_usage":[33,39],"damage_taken":[{"damage":7,"enemies":"Small Slimes","floor":1,"turns":3},{"damage":7,"enemies":"conspire:RoseBush","floor":4,"turns":2},{"damage":7,"enemies":"infinitespire:Voidling","floor":5,"turns":3},{"damage":21,"enemies":"Exordium Thugs","floor":7,"turns":4},{"damage":13,"enemies":"Exordium Wildlife","floor":8,"turns":2},{"damage":10,"enemies":"Large Slime","floor":10,"turns":5},{"damage":1,"enemies":"Exordium Thugs","floor":14,"turns":4},{"damage":51,"enemies":"Fading Forest","floor":16,"turns":11},{"damage":21,"enemies":"conspire:FuzzyDice","floor":18,"turns":5},{"damage":10,"enemies":"3 Byrds","floor":24,"turns":3},{"damage":0,"enemies":"Snake Plant","floor":25,"turns":1},{"damage":30,"enemies":"Replay:Snechameleon","floor":28,"turns":3},{"damage":2,"enemies":"Snecko","floor":30,"turns":3},{"damage":19,"enemies":"Sentry and Sphere","floor":31,"turns":5},{"damage":14,"enemies":"Automaton","floor":33,"turns":4},{"damage":8,"enemies":"3 Shapes","floor":35,"turns":3},{"damage":0,"enemies":"Orb Walker","floor":37,"turns":1},{"damage":49,"enemies":"Transient","floor":38,"turns":5},{"damage":34,"enemies":"Jaw Worm Horde","floor":39,"turns":2}],"seed_played":"-2045924493423349557","potions_obtained":[{"floor":5,"key":"Dexterity Potion"},{"floor":7,"key":"sneckomod:MuddlingPotion"},{"floor":14,"key":"GrandPatriotsElixir:ReiMu"},{"floor":16,"key":"Doom Potion"},{"floor":38,"key":"DuplicationPotion"}],"is_trial":false,"path_per_floor":["M","?","$","M","M","R","M","M","T","M","R","?","R","M","R","B",null,"M","?","?","?","AVR","R","M","M","T","R","E","T","M","M","R","B",null,"M","$","M","M","M"],"character_chosen":"MARISA","items_purchased":["FairyDestructionRay","GalacticHalo","PropBag","Replay:Lucky Slots","aspiration:TomeofQuesting"],"campfire_rested":5,"item_purchase_floors":[3,36,36,36,36],"current_hp_per_floor":[68,68,68,61,58,75,54,41,41,35,57,57,75,74,74,37,75,58,66,70,67,67,75,65,65,65,65,41,41,45,33,55,43,75,68,68,70,27,0,0],"gold":136,"neow_bonus":"RANDOM_COMMON_RELIC","is_daily":false,"chose_seed":false,"campfire_upgraded":2,"win_rate":0.0,"timestamp":1608619589,"path_taken":["M","?","$","M","M","R","M","M","T","M","R","?","R","M","R","BOSS","M","?","?","?","AVR","R","M","?","T","R","E","?","M","M","R","BOSS","M","$","M","M","M"],"items_purchased_type":["Card","Card","Card","Relic","Relic"],"build_version":"2020-12-13","purchased_purges":1,"victory":false,"max_hp_per_floor":[75,75,75,75,75,75,75,75,75,75,75,75,75,75,75,75,75,75,75,75,75,75,75,75,75,75,75,75,75,75,75,75,75,75,75,75,75,75,75,75],"card_choices":[{"not_picked":["DragonMeteor","Acceleration"],"picked":"DoubleSpark","floor":1},{"not_picked":["AsteroidBelt","MeteoricShower"],"picked":"WitchLeyline","floor":4},{"not_picked":["DC","Acceleration"],"picked":"BlazingStar","floor":5},{"not_picked":["DC","ChargingUp"],"picked":"PowerUp","floor":6},{"not_picked":["DC","GravityBeat"],"picked":"EarthLightRay","floor":7},{"not_picked":["OneTimeOff","AlicesGift"],"picked":"AsteroidBelt","floor":8},{"not_picked":["CasketOfStar","DragonMeteor"],"picked":"LuminesStrike","floor":10},{"not_picked":["IllusionStar","Singularity"],"picked":"DoubleSpark","floor":11},{"not_picked":["LuminesStrike","OortCloud"],"picked":"PowerUp","floor":14},{"not_picked":["UltimateShortwave","TreasureHunter"],"picked":"BlazingStar","floor":16},{"not_picked":["UnstableBomb","SporeBomb+1"],"picked":"DoubleSpark+1","floor":18},{"not_picked":["6A+1","ChargingUp+1"],"picked":"PowerUp+1","floor":23},{"not_picked":["EventHorizon","LuminesStrike"],"picked":"MillisecondPulsars","floor":24},{"not_picked":["LuminesStrike","WitchOfGreed"],"picked":"BlazeAway","floor":25},{"not_picked":["GravityBeat","SuperNova"],"picked":"GasGiant","floor":28},{"not_picked":["StarBarrage","MachineGunSpark"],"picked":"DoubleSpark","floor":30},{"not_picked":["MysteriousBeam","GravityBeat"],"picked":"ShootingEcho","floor":31},{"not_picked":["EnergyRecoil","AlicesGift"],"picked":"Acceleration","floor":32},{"not_picked":["SatelliteIllusion","BigCrunch"],"picked":"JA","floor":33},{"not_picked":["DoubleSpark+1","LuminesStrike+1"],"picked":"PowerUp+1","floor":35},{"not_picked":["WitchLeyline+1","DarkSpark+1"],"picked":"DarkMatter","floor":37},{"not_picked":["FairyDestructionRay","LuminesStrike"],"picked":"Singularity","floor":38}],"player_experience":150809,"relics_obtained":[{"floor":1,"key":"LetterFromLob"},{"floor":9,"key":"aspiration:PocketMushroom"},{"floor":26,"key":"Blood Vial"},{"floor":28,"key":"Replay:Wax Seal"},{"floor":29,"key":"Replay:Bandana"}],"event_choices":[{"damage_healed":0,"gold_gain":0,"player_choice":"Leave","damage_taken":0,"max_hp_gain":0,"max_hp_loss":0,"event_name":"conspire:Investor","floor":2,"gold_loss":0},{"cards_removed":["LuminesStrike"],"damage_healed":0,"gold_gain":0,"player_choice":"Forget","damage_taken":0,"max_hp_gain":0,"max_hp_loss":0,"event_name":"Living Wall","floor":12,"gold_loss":0},{"damage_healed":0,"gold_gain":0,"player_choice":"Punched","damage_taken":3,"max_hp_gain":0,"max_hp_loss":0,"event_name":"Designer","floor":21,"gold_loss":0}],"is_beta":false,"boss_relics":[{"not_picked":["Runic Dome","Honey Jar","aspiration:FutureDiary"]},{"not_picked":["conspire:RunicOctahedron","RampagingMagicTools","Ring of Chaos"]}],"items_purged_floors":[36],"is_endless":false,"potions_floor_spawned":[5,7,14,16,18,28,31,38],"killed_by":"Jaw Worm Horde","ascension_level":0}}