{"host":"vyt5ne9ydo1z9gg1","time":1608605710,"event":{"mods":["BaseMod","Curses Come First","DeckTracker","GifTheSpireLib","Minty Spire (QoL Compilation)","StSLib"],"gold_per_floor":[116,135,148,148,165,196,196,196,196,214,214,214,233,233,233,334,334,353,371,390,63,63,63],"floor_reached":22,"playtime":1341,"items_purged":[],"score":235,"play_id":"66519681-33c9-4547-97cf-a8d4dc7566e3","local_time":"20201222135510","is_ascension_mode":true,"campfire_choices":[{"data":"Fire Breathing","floor":8,"key":"SMITH"},{"data":"Dual Wield","floor":11,"key":"SMITH"},{"data":"Havoc","floor":15,"key":"SMITH"}],"circlet_count":0,"master_deck":["Strike_R","Strike_R","Strike_R","Defend_R","Defend_R","Defend_R","Bash","CurseOfTheBell","Fire Breathing+1","Shrug It Off","Dual Wield+1","Havoc+1","Pain","Juggernaut","Fire Breathing","Shockwave","Feel No Pain"],"relics":["Calling Bell","Potion Belt","Self Forming Clay","Torii","Vajra","Pantograph","Darkstone Periapt","WarpedTongs","Empty Cage","Mummified Hand"],"acts_visited":["Exordium","TheCity"],"potions_floor_usage":[6,6,22],"damage_taken":[{"damage":10,"enemies":"Small Slimes","floor":1,"turns":3},{"damage":6,"enemies":"Cultist","floor":2,"turns":3},{"damage":1,"enemies":"Jaw Worm","floor":3,"turns":4},{"damage":19,"enemies":"3 Louse","floor":5,"turns":3},{"damage":49,"enemies":"Lagavulin","floor":6,"turns":9},{"damage":19,"enemies":"Gremlin Gang","floor":10,"turns":4},{"damage":16,"enemies":"2 Fungi Beasts","floor":13,"turns":4},{"damage":24,"enemies":"Hexaghost","floor":16,"turns":11},{"damage":46,"enemies":"2 Thieves","floor":18,"turns":5},{"damage":4,"enemies":"Chosen","floor":19,"turns":4},{"damage":17,"enemies":"Sentry and Sphere","floor":20,"turns":4},{"damage":9,"enemies":"Snecko","floor":22,"turns":5}],"seed_played":"-5954645338554960566","potions_obtained":[{"floor":2,"key":"Fire Potion"},{"floor":5,"key":"Regen Potion"},{"floor":10,"key":"Swift Potion"},{"floor":16,"key":"LiquidMemories"}],"is_trial":false,"path_per_floor":["M","M","M","?","M","E","?","R","T","M","R","?","M","?","R","B",null,"M","M","M","$","M"],"character_chosen":"IRONCLAD","items_purchased":["Mummified Hand","Feel No Pain"],"campfire_rested":0,"item_purchase_floors":[21,21],"current_hp_per_floor":[70,64,63,56,37,3,80,80,80,61,61,54,38,44,44,45,76,30,26,9,9,0,0],"gold":63,"neow_bonus":"BOSS_RELIC","is_daily":false,"chose_seed":false,"campfire_upgraded":3,"win_rate":0.0,"timestamp":1608605710,"path_taken":["M","M","M","?","M","E","?","R","T","?","R","?","M","?","R","BOSS","M","M","?","$","M"],"items_purchased_type":["Relic","Card"],"build_version":"2020-12-13","purchased_purges":0,"victory":false,"max_hp_per_floor":[80,80,80,80,80,80,80,80,80,80,80,80,80,86,86,86,86,86,86,86,86,86,86],"card_choices":[{"not_picked":["Rage","Flex"],"picked":"Evolve","floor":1},{"not_picked":["Armaments","Clothesline"],"picked":"Fire Breathing","floor":2},{"not_picked":["Flex","Seeing Red"],"picked":"Shrug It Off","floor":3},{"not_picked":["Rupture","Dropkick","Clothesline"],"picked":"SKIP","floor":5},{"not_picked":["Body Slam","Feel No Pain","Rupture"],"picked":"SKIP","floor":6},{"not_picked":["Wild Strike","Infernal Blade"],"picked":"Dual Wield","floor":10},{"not_picked":["Heavy Blade","Headbutt"],"picked":"Havoc","floor":13},{"not_picked":["Exhume","Fiend Fire"],"picked":"Juggernaut","floor":16},{"not_picked":["Headbutt","Clothesline"],"picked":"Fire Breathing","floor":18},{"not_picked":["Intimidate","Perfected Strike","Havoc"],"picked":"SKIP","floor":19},{"not_picked":["Rampage","Intimidate"],"picked":"Shockwave","floor":20}],"player_experience":116137,"relics_obtained":[{"floor":0,"key":"Potion Belt"},{"floor":0,"key":"Self Forming Clay"},{"floor":0,"key":"Torii"},{"floor":6,"key":"Pantograph"},{"floor":9,"key":"Darkstone Periapt"}],"event_choices":[{"damage_healed":0,"gold_gain":0,"player_choice":"Success","damage_taken":7,"relics_obtained":["Vajra"],"max_hp_gain":0,"max_hp_loss":0,"event_name":"Scrap Ooze","floor":4,"gold_loss":0},{"cards_removed":["Evolve"],"damage_healed":77,"gold_gain":0,"player_choice":"Offered Uncommon","damage_taken":0,"max_hp_gain":0,"max_hp_loss":0,"event_name":"Bonfire Elementals","floor":7,"gold_loss":0},{"cards_removed":["Strike_R"],"damage_healed":0,"gold_gain":0,"player_choice":"Card Removal","damage_taken":7,"max_hp_gain":0,"max_hp_loss":0,"event_name":"Golden Wing","floor":12,"gold_loss":0},{"damage_healed":0,"gold_gain":0,"player_choice":"Rummage","damage_taken":0,"relics_obtained":["WarpedTongs"],"max_hp_gain":0,"max_hp_loss":0,"event_name":"Accursed Blacksmith","floor":14,"gold_loss":0,"cards_obtained":["Pain"]}],"is_beta":false,"boss_relics":[{"not_picked":["Busted Crown","Black Star"],"picked":"Empty Cage"}],"items_purged_floors":[],"is_endless":false,"potions_floor_spawned":[2,5,10,16],"killed_by":"Snecko","ascension_level":5}}