{"host":"cbnfbo28eyz4xcn1","time":1608607806,"event":{"mods":["BaseMod","Colored Map","Colored Powertips","Infinite Spire","Minty Spire (QoL Compilation)","Replay The Spire","StSLib"],"gold_per_floor":[117,117,192,192,12,41,41,71,71,71,83,103,1,17,17,141,141,159,53,53,2,2],"floor_reached":21,"playtime":640,"items_purged":[],"score":353,"play_id":"d4c57865-ce84-4081-a2b3-3aa9c0779cd3","local_time":"20201222043006","is_ascension_mode":true,"campfire_choices":[{"data":"Dagger Spray","floor":10.0,"key":"SMITH"},{"data":"Survivor","floor":15.0,"key":"SMITH"}],"circlet_count":0,"master_deck":["AscendersBane","Strike_G","Strike_G","Strike_G","Strike_G","Strike_G","Defend_G","Defend_G","Defend_G","Defend_G","Defend_G","Survivor+1","Neutralize","Blade Dance","Slice","Accuracy","Dagger Spray+1","PiercingWail","Slice","Quick Slash","Accuracy","Hidden Blade","Night Terror","Dagger Spray","Phantasmal Killer","Phantasmal Killer"],"relics":["Ring of the Snake","NeowsBlessing","Ring of Hypnosis","Ring of Peace","PreservedInsect","infinitespire:Bottled Soul","Anchor","infinitespire:Midas Blood","SlaversCollar"],"acts_visited":["Exordium","TheCity"],"potions_floor_usage":[],"damage_taken":[{"damage":0.0,"enemies":"2 Louse","floor":1.0,"turns":1.0},{"damage":0.0,"enemies":"3 Sentries","floor":6.0,"turns":1.0},{"damage":0.0,"enemies":"Lagavulin","floor":8.0,"turns":1.0},{"damage":0.0,"enemies":"Cultist","floor":11.0,"turns":4.0},{"damage":0.0,"enemies":"Small Slimes","floor":12.0,"turns":4.0},{"damage":0.0,"enemies":"3 Louse","floor":14.0,"turns":2.0},{"damage":36.0,"enemies":"The Guardian","floor":16.0,"turns":13.0},{"damage":5.0,"enemies":"3 Byrds","floor":18.0,"turns":7.0},{"damage":12,"enemies":"2 Thieves","floor":21,"turns":3}],"seed_played":"3289883395351549436","potions_obtained":[{"floor":6.0,"key":"Flashbang"},{"floor":8.0,"key":"DistilledChaos"},{"floor":12.0,"key":"AttackPotion"}],"is_trial":false,"path_per_floor":["M","$","?","?","$","E","?","E","T","R","M","M","$","M","R","B",null,"M","$","?","M"],"character_chosen":"THE_SILENT","items_purchased":["PreservedInsect","Slice","Quick Slash","Accuracy","Phantasmal Killer"],"campfire_rested":0,"item_purchase_floors":[5,5,13,13,19],"current_hp_per_floor":[63,63,52,52,52,52,52,52,52,52,52,52,52,52,52,16,57,52,52,52,40,40],"gold":2,"neow_bonus":"THREE_ENEMY_KILL","is_daily":false,"chose_seed":false,"campfire_upgraded":2,"win_rate":0.0,"timestamp":1608607806,"path_taken":["M","$","?","?","$","E","?","E","T","R","?","M","?","M","R","BOSS","M","$","?","M"],"items_purchased_type":["Relic","Card","Card","Card","Card"],"build_version":"2020-12-13","purchased_purges":0,"victory":false,"max_hp_per_floor":[70,70,70,70,70,70,70,70,70,70,70,70,70,70,70,70,70,70,70,70,70,70],"card_choices":[{"not_picked":["Prepared","Poisoned Stab"],"picked":"Blade Dance","floor":1.0},{"not_picked":["PiercingWail","Underhanded Strike"],"picked":"Accuracy","floor":6.0},{"not_picked":["Backflip","Flying Knee"],"picked":"Dagger Spray","floor":8.0},{"not_picked":["Masterful Stab","Dagger Throw"],"picked":"PiercingWail","floor":11.0},{"not_picked":["infinitespire:Neurotoxin","Bane"],"picked":"Slice","floor":12.0},{"not_picked":["Underhanded Strike","Dodge and Roll"],"picked":"Hidden Blade","floor":14.0},{"not_picked":["infinitespire:Neurotoxin","A Thousand Cuts"],"picked":"Night Terror","floor":16.0},{"not_picked":["Dodge and Roll","Underhanded Strike"],"picked":"Dagger Spray","floor":18.0}],"player_experience":462673,"relics_obtained":[{"floor":4.0,"key":"Ring of Hypnosis"},{"floor":4.0,"key":"Ring of Peace"},{"floor":6.0,"key":"infinitespire:Bottled Soul"},{"floor":8.0,"key":"Anchor"},{"floor":9.0,"key":"infinitespire:Midas Blood"}],"event_choices":[{"damage_healed":0.0,"max_hp_gain":0.0,"max_hp_loss":0.0,"gold_gain":75.0,"event_name":"World of Goop","player_choice":"Gather Gold","floor":3.0,"gold_loss":0.0,"damage_taken":11.0},{"damage_healed":0.0,"max_hp_gain":0.0,"max_hp_loss":0.0,"gold_gain":0.0,"event_name":"Purifier","player_choice":"Ignored","floor":7.0,"gold_loss":0.0,"damage_taken":0.0},{"damage_healed":0.0,"max_hp_gain":0.0,"max_hp_loss":0.0,"gold_gain":0.0,"event_name":"Vampires","player_choice":"Ignored","floor":20.0,"gold_loss":0.0,"damage_taken":0.0}],"is_beta":false,"boss_relics":[{"not_picked":["Empty Cage","Runic Dome"],"picked":"SlaversCollar"}],"items_purged_floors":[],"is_endless":false,"potions_floor_spawned":[6,8,12],"killed_by":"2 Thieves","ascension_level":10}}