{"host":"xkmvu47k9fdstweo","time":1608680234,"event":{"mods":["BaseMod","Colored Map","Conspire","Hubris","Minty Spire (QoL Compilation)","Quick Restart","Railgun Mod","Shop Mod","StSLib","The Alterego","The Servant 0.9.4","The Wild Card","TheBandit","WarShipGirlsR/??è≠èóR mod","vexMod"],"gold_per_floor":[109,39,39,54,70,100,100,155,226,226,241,84,84,118,118,213,213,224,224,235,92,45,45,80,80,80,80,108,120,120,135,135,237,237,250,268,31,31,31,56,66,66,138,150,150,161,171,198,210,222],"floor_reached":51,"playtime":2069,"items_purged":["Strike_S+1"],"score":988,"play_id":"adf1371e-4d05-41f7-8d9c-316f8b9c4825","local_time":"20201222183714","is_ascension_mode":true,"campfire_choices":[{"data":"Potential","floor":7.0,"key":"SMITH"},{"data":"TheWorld","floor":13.0,"key":"SMITH"},{"data":"Exchange","floor":15.0,"key":"SMITH"},{"data":"Initiator","floor":23,"key":"SMITH"},{"data":"SpecialFormula","floor":25,"key":"SMITH"},{"data":"Luminosity","floor":32,"key":"SMITH"},{"data":"FlawlessForm","floor":49,"key":"SMITH"}],"circlet_count":0,"master_deck":["Strike_S+1","Strike_S+1","Strike_S+1","Defend_S+1","Defend_S+1","Defend_S+1","Defend_S+1","KidneyShot","Exchange+1","Desolation","Gouge+1","BottledTime","Potential+1","Rearm","TheWorld+1","SpecialFormula+1","Initiator+1","ShatteredReality+1","Rewind+1","Defy","ShatteredReality","Desolation","Sunlight+1","Luminosity+1","FlawlessForm+1","SpecialFormula","Panache","Hightail+1","Desolation+1","Alleviate"],"relics":["Uniform","NeowsBlessing","hubris:Metronome","Ornamental Fan","hubris:OldNail","Pear","Whetstone","vexMod:MysteryBossChallenge","hubris:GrandSneckoEye","NlothsMask","Broom","hubris:ToyBattleship","White Beast Statue","Enchiridion","Snecko Eye","hubris:Icosahedron","Ginger","Letter Opener","MawBank"],"acts_visited":["Exordium","TheCity","TheBeyond"],"potions_floor_usage":[28,28,33,35,40,46,48,50,50,50],"damage_taken":[{"damage":0.0,"enemies":"Jaw Worm","floor":1.0,"turns":1.0},{"damage":0.0,"enemies":"Cultist","floor":4.0,"turns":1.0},{"damage":0.0,"enemies":"conspire:RoseBush","floor":5.0,"turns":1.0},{"damage":11.0,"enemies":"Lagavulin","floor":6.0,"turns":5.0},{"damage":7.0,"enemies":"Exordium Thugs","floor":11.0,"turns":4.0},{"damage":0.0,"enemies":"Gremlin Nob","floor":14.0,"turns":2.0},{"damage":15.0,"enemies":"Hexaghost","floor":16.0,"turns":7.0},{"damage":9.0,"enemies":"Shell Parasite","floor":18.0,"turns":3.0},{"damage":2,"enemies":"2 Thieves","floor":20,"turns":2},{"damage":26,"enemies":"conspire:SneckoGhost","floor":24,"turns":5},{"damage":0,"enemies":"Gremlin Leader","floor":28,"turns":3},{"damage":9,"enemies":"Centurion and Healer","floor":29,"turns":4},{"damage":0,"enemies":"conspire:HollyBat","floor":31,"turns":4},{"damage":18,"enemies":"hubris:MusketHawk","floor":33,"turns":5},{"damage":5,"enemies":"3 Shapes","floor":35,"turns":3},{"damage":8,"enemies":"3 Darklings","floor":36,"turns":3},{"damage":0,"enemies":"Nemesis","floor":40,"turns":5},{"damage":0,"enemies":"Transient","floor":41,"turns":5},{"damage":6,"enemies":"4 Shapes","floor":44,"turns":3},{"damage":0,"enemies":"Writhing Mass","floor":46,"turns":5},{"damage":0,"enemies":"Sphere and 2 Shapes","floor":47,"turns":4},{"damage":0,"enemies":"Reptomancer","floor":48,"turns":3},{"damage":0,"enemies":"Donu and Deca","floor":50,"turns":6}],"seed_played":"-74789702619836651","potions_obtained":[{"floor":1.0,"key":"AttackPotion"},{"floor":6.0,"key":"Swift Potion"},{"floor":16.0,"key":"LiquidMemories"},{"floor":20,"key":"Dexterity Potion"},{"floor":24,"key":"AttackPotion"},{"floor":29,"key":"Explosive Potion"},{"floor":31,"key":"CultistPotion"},{"floor":33,"key":"FairyPotion"},{"floor":35,"key":"EssenceOfSteel"},{"floor":40,"key":"GamblersBrew"},{"floor":44,"key":"Strength Potion"},{"floor":46,"key":"BlessingOfTheForge"},{"floor":47,"key":"Strength Potion"},{"floor":48,"key":"SkillPotion"}],"is_trial":false,"path_per_floor":["M","$","?","M","M","E","R","?","T","$","M","$","R","E","R","B",null,"M","?","M","$","$","R","E","R","T","?","E","M","?","M","R","B",null,"M","M","$","?","$","E","M","NS","T","M","?","M","M","E","R","B",null],"character_chosen":"THE_SERVANT","items_purchased":["Gouge","hubris:OldNail","Pear","TheWorld","Broom","Defy","Panache"],"campfire_rested":0,"item_purchase_floors":[2,10,10,12,21,22,37],"current_hp_per_floor":[65,65,65,65,65,54,54,54,54,38,31,31,31,31,31,21,75,66,66,64,64,64,64,43,43,43,43,51,50,34,42,42,32,75,70,62,62,62,62,70,75,75,75,69,69,75,75,75,75,75],"gold":234,"neow_bonus":"THREE_ENEMY_KILL","is_daily":false,"chose_seed":false,"campfire_upgraded":7,"win_rate":0.0,"timestamp":1608680234,"path_taken":["M","$","?","M","?","E","R","?","T","?","M","$","R","E","R","BOSS","M","?","M","?","$","R","E","R","T","?","E","M","?","M","R","BOSS","M","M","$","?","$","E","M","NS","T","M","?","?","M","E","R","BOSS"],"items_purchased_type":["Card","Relic","Relic","Card","Relic","Card","Card"],"build_version":"2020-12-13","purchased_purges":1,"victory":true,"max_hp_per_floor":[65,65,65,65,65,65,65,65,65,75,75,75,75,75,75,75,75,75,75,75,75,75,75,75,75,75,75,75,75,75,75,75,75,75,75,75,75,75,75,75,75,75,75,75,75,75,75,75,75,75],"card_choices":[{"not_picked":["Revamp","DoubleEdge"],"picked":"Desolation","floor":1.0},{"not_picked":["Rewind","Revamp","Spin"],"picked":"SKIP","floor":4.0},{"not_picked":["Revamp","WasteNot"],"picked":"BottledTime","floor":5.0},{"not_picked":["Unruled","Rewind"],"picked":"Potential","floor":6.0},{"not_picked":["Spin","ShiftingGears"],"picked":"Rearm","floor":11.0},{"not_picked":["Initiator","Potential"],"picked":"SpecialFormula","floor":14.0},{"not_picked":["LightFlow","Duplication"],"picked":"Initiator","floor":16.0},{"not_picked":["Moonlight","Revamp"],"picked":"ShatteredReality+1","floor":18.0},{"not_picked":["FastForward","Rearm+1"],"picked":"Rewind+1","floor":20},{"not_picked":["SilverBlades","BottledTime"],"picked":"ShatteredReality","floor":24},{"not_picked":["TimeWarp","Replace+1"],"picked":"Desolation","floor":28},{"not_picked":["Gouge+1","Rewind+1"],"picked":"Sunlight","floor":29},{"not_picked":["Rewind+1","FastForward"],"picked":"Luminosity","floor":31},{"not_picked":["TheWorld","Sunlight"],"picked":"FlawlessForm","floor":33},{"not_picked":["DoubleEdge","Starlight","Unruled"],"picked":"SKIP","floor":35},{"not_picked":["Ricochet+1","Defy"],"picked":"SpecialFormula","floor":36},{"not_picked":["Potential+1","ShiftingGears"],"picked":"Hightail+1","floor":40},{"not_picked":["Ricochet","PendulumOfEternity","Moonlight+1"],"picked":"SKIP","floor":41},{"not_picked":["TimeWarp","Revamp"],"picked":"Desolation+1","floor":44},{"not_picked":["Rewind+1","FastForward"],"picked":"Alleviate","floor":46},{"not_picked":["Revamp","Alleviate+1","Rearm+1"],"picked":"SKIP","floor":47},{"not_picked":["Replace+1","Deadline+1","ReturningBlade"],"picked":"SKIP","floor":48}],"player_experience":326453,"relics_obtained":[{"floor":6.0,"key":"hubris:Metronome"},{"floor":9.0,"key":"Ornamental Fan"},{"floor":14.0,"key":"Whetstone"},{"floor":24,"key":"hubris:ToyBattleship"},{"floor":28,"key":"White Beast Statue"},{"floor":30,"key":"Enchiridion"},{"floor":40,"key":"Ginger"},{"floor":43,"key":"Letter Opener"},{"floor":48,"key":"MawBank"}],"event_choices":[{"damage_healed":0.0,"max_hp_gain":0.0,"max_hp_loss":0.0,"gold_gain":0.0,"event_name":"Accursed Blacksmith","player_choice":"Forge","floor":3.0,"gold_loss":0.0,"damage_taken":0.0,"cards_upgraded":["Gouge"]},{"damage_healed":0.0,"max_hp_gain":0.0,"max_hp_loss":0.0,"gold_gain":55.0,"event_name":"Golden Wing","player_choice":"Gained Gold","floor":8.0,"gold_loss":0.0,"damage_taken":0.0},{"damage_healed":0,"gold_gain":0,"player_choice":"Trade","damage_taken":0,"relics_obtained":["NlothsMask"],"max_hp_gain":0,"max_hp_loss":0,"event_name":"FaceTrader","floor":19,"gold_loss":0},{"damage_healed":0,"gold_gain":0,"player_choice":"Simplicity","damage_taken":0,"max_hp_gain":0,"max_hp_loss":0,"event_name":"Back to Basics","floor":27,"gold_loss":0,"cards_upgraded":["Strike_S","Strike_S","Defend_S","Defend_S","Defend_S","Defend_S"]},{"damage_healed":0,"gold_gain":0,"player_choice":"Obtained Book","damage_taken":16,"max_hp_gain":0,"max_hp_loss":0,"event_name":"Cursed Tome","floor":30,"gold_loss":0},{"damage_healed":0,"gold_gain":0,"player_choice":"Bought 0 Potions","damage_taken":0,"max_hp_gain":0,"max_hp_loss":0,"event_name":"The Woman in Blue","floor":45,"gold_loss":0}],"is_beta":false,"boss_relics":[{"not_picked":["Pandora\u0027s Box","vexMod:RockOfEvil"],"picked":"vexMod:MysteryBossChallenge"},{"not_picked":["Runic Dome","Sozu"],"picked":"Snecko Eye"}],"items_purged_floors":[37],"is_endless":false,"potions_floor_spawned":[1,6,16,20,24,29,31,33,35,36,40,41,44,46,47,48],"ascension_level":2}}