{"host":"m1la6e9nlupdt60a","time":1608665435,"event":{"mods":["Act Like it!","Aspiration","BaseMod","Conspire","Downfall","Hallownest","Hermit","Hubris","Infinite Spire","Minty Spire (QoL Compilation)","Replay The Spire","Shop Mod","StSLib","The Bug Knight","The Cursed","The Disciple","The Jungle","The Poker Player","The Runesmith","The Servant 0.9.4"],"gold_per_floor":[109,20,30,30,30,30,40,57,139,169,189,216,216,216,216,216,216,216],"floor_reached":16,"playtime":1024,"items_purged":[],"score":110,"play_id":"c4571fd7-6f30-4684-83b4-f36076119b89","local_time":"20201222133035","is_ascension_mode":false,"metric_token":1298,"campfire_choices":[{"data":"PokerPlayerMod:TrumpStrike","floor":6,"key":"SMITH"},{"floor":13,"key":"REST"},{"data":"PokerPlayerMod:Sharpen","floor":15,"key":"SMITH"}],"circlet_count":0,"master_deck":["PokerPlayerMod:Diamond1","PokerPlayerMod:Diamond2","PokerPlayerMod:Diamond3","PokerPlayerMod:Diamond4","PokerPlayerMod:Diamond5","PokerPlayerMod:Spade1","PokerPlayerMod:Spade2","PokerPlayerMod:Club1","PokerPlayerMod:Club2","PokerPlayerMod:Heart2","PokerPlayerMod:TrumpStrike+1","PokerPlayerMod:BadJoker","PokerPlayerMod:Mulligan","PokerPlayerMod:Sharpen+1","PokerPlayerMod:SpadeStrike+1","PokerPlayerMod:Club5","PokerPlayerMod:Configure","PokerPlayerMod:Diamond7","hubris:DuctTapeCard","PokerPlayerMod:Spade5","PokerPlayerMod:Manipulation","PokerPlayerMod:Club10+","Hallownest:curseDreamersLament"],"relics":["PokerPlayerMod:DeckCase","hubris:Icosahedron","Hallownest:DreamNailRelic","hubris:DuctTape","Shuriken","aspiration:SeaSaltIceCream","Burning Blood","Hallownest:TeacherSealRelic"],"acts_visited":["Hallownest:Greenpath"],"potions_floor_usage":[],"damage_taken":[{"damage":4,"enemies":"Hallownest:2_Tiktiks_and_1_Crawlid","floor":1,"turns":3},{"damage":1,"enemies":"Hallownest:monsterHuskGuard","floor":3,"turns":4},{"damage":0,"enemies":"Hallownest:monsterHuskWarrior","floor":7,"turns":3},{"damage":10,"enemies":"Hallownest:1_Ooma_and_2_Uuma","floor":8,"turns":4},{"damage":20,"enemies":"Hallownest:eliteMossKnight","floor":10,"turns":5},{"damage":5,"enemies":"Hallownest:Guard_and_Warrior","floor":11,"turns":4},{"damage":5,"enemies":"Hallownest:eliteVengeflyKing","floor":12,"turns":4},{"damage":51,"enemies":"Hallownest:BossHornet","floor":16,"turns":7}],"seed_played":"5430279060631910967","potions_obtained":[{"floor":3,"key":"Block Potion"},{"floor":10,"key":"Ancient Potion"}],"is_trial":false,"path_per_floor":["M","$","M","?","?","R","M","M","T","E","M","E","R","?","R","B"],"character_chosen":"THE_POKER_PLAYER","items_purchased":["PokerPlayerMod:SpadeStrike+1","Dexterity Potion"],"campfire_rested":1,"item_purchase_floors":[2,2],"current_hp_per_floor":[56,56,56,56,56,56,56,52,52,36,33,30,47,47,47,0,0,0],"gold":216,"neow_bonus":"TEN_PERCENT_HP_BONUS","is_daily":false,"chose_seed":false,"campfire_upgraded":2,"win_rate":0.0,"timestamp":1608665435,"path_taken":["M","$","M","?","?","R","M","?","T","E","M","E","R","?","R","BOSS"],"items_purchased_type":["Card","Potion"],"build_version":"2020-12-13","purchased_purges":0,"victory":false,"max_hp_per_floor":[57,57,57,57,57,57,57,57,57,57,57,57,57,57,57,57,57,57],"card_choices":[{"not_picked":["PokerPlayerMod:Spade2","PokerPlayerMod:RiskyBet"],"picked":"PokerPlayerMod:Sharpen","floor":1},{"not_picked":["PokerPlayerMod:Club4","PokerPlayerMod:Spade4"],"picked":"PokerPlayerMod:Club5","floor":3},{"not_picked":["PokerPlayerMod:CardBurn","PokerPlayerMod:Heart3"],"picked":"PokerPlayerMod:Configure","floor":7},{"not_picked":["PokerPlayerMod:CardBurn","PokerPlayerMod:Spade1"],"picked":"PokerPlayerMod:Diamond7","floor":8},{"not_picked":["PokerPlayerMod:Configure","PokerPlayerMod:GamblerForm"],"picked":"PokerPlayerMod:Spade5","floor":10},{"not_picked":["PokerPlayerMod:Diamond2","PokerPlayerMod:Spade1"],"picked":"PokerPlayerMod:Manipulation","floor":11},{"not_picked":["PokerPlayerMod:Diamond9","PokerPlayerMod:CardBurn"],"picked":"PokerPlayerMod:Club10+","floor":12}],"player_experience":1206683,"relics_obtained":[{"floor":9,"key":"hubris:DuctTape"},{"floor":10,"key":"Shuriken"},{"floor":12,"key":"aspiration:SeaSaltIceCream"}],"event_choices":[],"is_beta":false,"boss_relics":[],"items_purged_floors":[],"is_endless":false,"potions_floor_spawned":[3,10,12],"killed_by":"Hallownest:BossHornet","ascension_level":0}}