{"host":"vbeo627v2t77yd8k","time":1608642783,"event":{"mods":["BaseMod","Minty Spire (QoL Compilation)","SOS???????","StSLib","TheHero"],"gold_per_floor":[117,176,176,49,61,96,96,109,134,168,178,178,203,219,219,342,342,392,406,406,354,269,281,329,341,353,381,381],"floor_reached":27,"playtime":1334,"items_purged":[],"score":217,"play_id":"3c6c9271-213a-46b0-bf2b-5f95cfe16f27","local_time":"20201222141303","is_ascension_mode":false,"campfire_choices":[{"floor":7,"key":"REST"},{"floor":15,"key":"REST"},{"floor":23,"key":"REST"},{"data":"Rebellion","floor":25,"key":"SMITH"}],"circlet_count":0,"master_deck":["Attack_a","Attack_a","Attack_b","Shoot","Shoot","Provocation","Defend_Dante","Defend_Dante","Redorb","Stinger","Rebellion","EbonyIvory","Stinger","LucifercomboB","Greenorb","Millionstab","Splesh","LucifercomboD","BeastUppercut","Goldorb","Doubleshoot","Gilgamesh","Rebellion+1","GilgameshcomboA"],"relics":["SSS","Combocheck","NeowsBlessing","Akabeko","Orichalcum","Empty Cage","MawBank","Regal Pillow"],"acts_visited":["Exordium","TheCity"],"potions_floor_usage":[6,16,24],"damage_taken":[{"damage":0,"enemies":"Small Slimes","floor":1,"turns":1},{"damage":0,"enemies":"Cultist","floor":2,"turns":1},{"damage":0,"enemies":"2 Louse","floor":5,"turns":1},{"damage":57,"enemies":"Lagavulin","floor":6,"turns":9},{"damage":0,"enemies":"Red Slaver","floor":8,"turns":1},{"damage":6,"enemies":"Exordium Wildlife","floor":10,"turns":3},{"damage":17,"enemies":"Large Slime","floor":11,"turns":4},{"damage":5,"enemies":"Looter","floor":13,"turns":2},{"damage":0,"enemies":"3 Louse","floor":14,"turns":2},{"damage":27,"enemies":"Hexaghost","floor":16,"turns":9},{"damage":43,"enemies":"Shell Parasite","floor":18,"turns":10},{"damage":8,"enemies":"3 Byrds","floor":19,"turns":5},{"damage":16,"enemies":"Cultist and Chosen","floor":24,"turns":7},{"damage":72,"enemies":"Slavers","floor":27,"turns":4}],"seed_played":"-7833107049953028160","potions_obtained":[{"floor":1,"key":"LiquidMemories"},{"floor":2,"key":"ColorlessPotion"},{"floor":8,"key":"BlessingOfTheForge"},{"floor":18,"key":"Explosive Potion"},{"floor":19,"key":"SpeedPotion"}],"is_trial":false,"path_per_floor":["M","M","?","$","M","E","R","M","T","M","M","?","M","M","R","B",null,"M","M","?","$","?","R","M","R","T","E"],"character_chosen":"DANTE","items_purchased":["EbonyIvory","Stinger","Rebellion"],"campfire_rested":3,"item_purchase_floors":[4,4,21],"current_hp_per_floor":[80,80,80,80,80,23,47,47,47,48,31,31,28,28,52,30,80,42,40,40,40,40,64,55,55,55,0,0],"gold":381,"neow_bonus":"THREE_ENEMY_KILL","is_daily":false,"chose_seed":false,"campfire_upgraded":1,"win_rate":0.0,"timestamp":1608642783,"path_taken":["M","M","?","?","M","E","R","M","T","M","?","?","?","M","R","BOSS","M","M","?","$","?","R","M","R","T","E"],"items_purchased_type":["Card","Card","Card"],"build_version":"2020-12-13","purchased_purges":0,"victory":false,"max_hp_per_floor":[80,80,80,80,80,80,80,80,80,80,80,80,80,80,80,80,80,80,80,80,80,80,80,80,80,80,80,80],"card_choices":[{"not_picked":["Honeycombofire","Millionstab"],"picked":"Stinger","floor":1},{"not_picked":["Gunstinger","Weaponchange"],"picked":"Rebellion","floor":2},{"not_picked":["Airhike","Lucifer"],"picked":"Shock","floor":5},{"not_picked":["Ecstasy","Lucifer"],"picked":"LucifercomboB","floor":6},{"not_picked":["Hightime","Ecstasy"],"picked":"Greenorb","floor":8},{"not_picked":["Millionkick","VitalstarS"],"picked":"Millionstab","floor":10},{"not_picked":["Gunstinger","EbonyIvory"],"picked":"Splesh","floor":11},{"not_picked":["Shock","Weaponupgrade"],"picked":"LucifercomboD","floor":13},{"not_picked":["Blueorb","Dash1"],"picked":"BeastUppercut","floor":14},{"not_picked":["Purpleorb","VitalstarL"],"picked":"Goldorb","floor":16},{"not_picked":["LucifercomboA","LucifercomboC"],"picked":"Doubleshoot","floor":18},{"not_picked":["DT","Whiteorb"],"picked":"Gilgamesh","floor":19},{"not_picked":["Dash2","Millionstab"],"picked":"GilgameshcomboA","floor":24}],"player_experience":370226,"relics_obtained":[{"floor":6,"key":"Akabeko"},{"floor":9,"key":"Orichalcum"},{"floor":26,"key":"Regal Pillow"}],"event_choices":[{"damage_healed":0,"gold_gain":0,"player_choice":"Full Heal","damage_taken":0,"max_hp_gain":0,"max_hp_loss":0,"event_name":"Wheel of Change","floor":3,"gold_loss":0},{"cards_removed":["Defend_Dante"],"damage_healed":0,"gold_gain":0,"player_choice":"Offered Basic","damage_taken":0,"max_hp_gain":0,"max_hp_loss":0,"event_name":"Bonfire Elementals","floor":12,"gold_loss":0},{"damage_healed":0,"gold_gain":0,"player_choice":"Ignored","damage_taken":0,"max_hp_gain":0,"max_hp_loss":0,"event_name":"Vampires","floor":20,"gold_loss":0},{"damage_healed":0,"gold_gain":0,"player_choice":"Obtained Relic","damage_taken":0,"relics_obtained":["MawBank"],"max_hp_gain":0,"max_hp_loss":0,"event_name":"Addict","floor":22,"gold_loss":85}],"is_beta":false,"boss_relics":[{"not_picked":["Pandora\u0027s Box","Runic Dome"],"picked":"Empty Cage"}],"items_purged_floors":[],"is_endless":false,"potions_floor_spawned":[1,2,8,18,19],"killed_by":"Slavers","ascension_level":0}}