{"host":"wgmqvkrq9e6a43rs","time":1608643610,"event":{"mods":["BaseMod","Beaked The Cultist","Colored Map","Minty Spire (QoL Compilation)","StSLib","SuperFastMode"],"gold_per_floor":[111,123,123,133,133,133,165,165,165,179,199,212,212,232,232,334,334,346,346,366,366,384,384,417,432,432,465,34,52,62,62,62,164,214,227,242,262,262,86,86,99,99,99,99,112,112,132,161,161,161],"floor_reached":51,"playtime":8013,"items_purged":["beaked:Strike_Y","beaked:Strike_Y"],"score":798,"play_id":"acc6d38f-ccbf-4c4b-a843-5bf7c754f629","local_time":"20201222222650","is_ascension_mode":false,"campfire_choices":[{"data":"beaked:Ceremony","floor":6,"key":"SMITH"},{"data":"beaked:WindBringer","floor":8,"key":"SMITH"},{"data":"beaked:Ceremony","floor":13,"key":"SMITH"},{"data":"beaked:Windmill","floor":15,"key":"SMITH"},{"data":"beaked:Sacrifice","floor":23,"key":"SMITH"},{"floor":32,"key":"REST"},{"data":"beaked:Foresight","floor":40,"key":"SMITH"},{"data":"beaked:Foresight","floor":42,"key":"SMITH"},{"floor":44,"key":"REST"},{"data":"beaked:MimicHuntress","floor":46,"key":"SMITH"},{"data":"beaked:Insight","floor":49,"key":"SMITH"}],"circlet_count":0,"master_deck":["beaked:Strike_Y","beaked:Strike_Y","beaked:Strike_Y","beaked:Defend_Y+1","beaked:Defend_Y","beaked:Defend_Y","beaked:Defend_Y","beaked:Ceremony+1","beaked:Ceremony","beaked:Ceremony+1","beaked:Foresight+1","beaked:Insight+1","beaked:WindBringer+1","beaked:Flinch","beaked:Windmill+1","beaked:BraceForImpact","beaked:Sacrifice+1","beaked:MimicHuntress+1","beaked:DesperateSwing","beaked:Foresight+1","beaked:Molting+1","beaked:RuinSticks","beaked:Overexert+1","beaked:Brainwash+1","beaked:MimicMachine+1","beaked:Foresight+1","beaked:CursingBlood+1","Parasite","beaked:Foresight+1","beaked:FullHouse+1"],"relics":["beaked:MendingPlumage","NeowsBlessing","Anchor","Mercury Hourglass","Matryoshka","SlaversCollar","Darkstone Periapt","Boot","Pantograph","Art of War","Toxic Egg 2","Kunai","Bag of Preparation","Tiny House","Gremlin Horn","Letter Opener"],"acts_visited":["Exordium","TheCity","TheBeyond"],"potions_floor_usage":[7,16,16,16,27,30,30,41,45,48,50],"damage_taken":[{"damage":0,"enemies":"Jaw Worm","floor":1,"turns":1},{"damage":0,"enemies":"Cultist","floor":2,"turns":1},{"damage":0,"enemies":"Small Slimes","floor":4,"turns":2},{"damage":16,"enemies":"Lagavulin","floor":7,"turns":6},{"damage":9,"enemies":"Blue Slaver","floor":10,"turns":5},{"damage":0,"enemies":"3 Louse","floor":11,"turns":3},{"damage":5,"enemies":"Exordium Wildlife","floor":12,"turns":5},{"damage":0,"enemies":"Large Slime","floor":14,"turns":4},{"damage":0,"enemies":"Slime Boss","floor":16,"turns":8},{"damage":20,"enemies":"Shell Parasite","floor":18,"turns":9},{"damage":14,"enemies":"3 Byrds","floor":20,"turns":5},{"damage":33,"enemies":"Centurion and Healer","floor":22,"turns":8},{"damage":24,"enemies":"Gremlin Leader","floor":24,"turns":7},{"damage":14,"enemies":"Snake Plant","floor":25,"turns":4},{"damage":41,"enemies":"Slavers","floor":27,"turns":5},{"damage":20,"enemies":"Cultist and Chosen","floor":29,"turns":6},{"damage":29,"enemies":"3 Cultists","floor":30,"turns":6},{"damage":98,"enemies":"Collector","floor":33,"turns":9},{"damage":54,"enemies":"3 Darklings","floor":35,"turns":10},{"damage":14,"enemies":"3 Shapes","floor":36,"turns":12},{"damage":62,"enemies":"Spire Growth","floor":37,"turns":7},{"damage":38,"enemies":"Jaw Worm Horde","floor":41,"turns":6},{"damage":44,"enemies":"Writhing Mass","floor":45,"turns":10},{"damage":11,"enemies":"3 Darklings","floor":47,"turns":8},{"damage":56,"enemies":"Reptomancer","floor":48,"turns":6},{"damage":56,"enemies":"Time Eater","floor":50,"turns":24}],"seed_played":"6047504999898116190","potions_obtained":[{"floor":1,"key":"FearPotion"},{"floor":11,"key":"SteroidPotion"},{"floor":12,"key":"SteroidPotion"},{"floor":14,"key":"SpeedPotion"},{"floor":24,"key":"Fruit Juice"},{"floor":25,"key":"SkillPotion"},{"floor":27,"key":"FearPotion"},{"floor":34,"key":"GamblersBrew"},{"floor":37,"key":"SkillPotion"},{"floor":47,"key":"Weak Potion"}],"is_trial":false,"path_per_floor":["M","M","?","M","T","R","E","R","T","M","M","M","R","M","R","B",null,"M","?","M","?","M","R","E","M","T","E","$","M","M","T","R","B",null,"M","M","M","?","$","R","M","R","T","R","M","R","M","E","R","B",null],"character_chosen":"BEAKED_THE_CULTIST","items_purchased":["Toxic Egg 2","beaked:Molting+1","beaked:RuinSticks","beaked:CursingBlood+1","PowerPotion"],"campfire_rested":2,"item_purchase_floors":[28,28,28,39,39],"current_hp_per_floor":[50,50,50,50,50,50,40,40,40,44,50,49,49,50,50,50,50,52,52,49,49,46,46,47,47,47,30,30,26,22,22,44,12,84,69,87,46,46,46,46,40,40,40,67,70,70,96,70,70,97],"gold":161,"neow_bonus":"THREE_ENEMY_KILL","is_daily":false,"chose_seed":false,"campfire_upgraded":9,"win_rate":0.0,"timestamp":1608643610,"path_taken":["M","M","?","?","?","R","E","R","T","M","M","M","R","M","R","BOSS","M","?","M","?","M","R","E","M","T","E","$","M","?","?","R","BOSS","M","M","M","?","$","R","M","R","T","R","M","R","M","E","R","BOSS"],"items_purchased_type":["Relic","Card","Card","Card","Potion"],"build_version":"2020-12-13","purchased_purges":2,"victory":true,"max_hp_per_floor":[50,50,50,50,50,50,50,50,50,50,50,50,50,50,50,50,50,53,53,56,56,59,59,62,65,65,68,68,68,76,76,76,79,84,84,87,87,87,87,87,90,90,90,90,99,99,99,102,102,102],"card_choices":[{"not_picked":["beaked:Evade","beaked:Poke"],"picked":"beaked:Foresight","floor":1},{"not_picked":["beaked:SurvivalInstinct","beaked:Roost","beaked:DigDeeper"],"picked":"SKIP","floor":2},{"not_picked":["beaked:Poke","beaked:Tradeoff","beaked:Redirect"],"picked":"SKIP","floor":4},{"not_picked":["beaked:CursingBlood","beaked:Evade"],"picked":"beaked:WindBringer","floor":7},{"not_picked":["beaked:DarkTribute","beaked:DigDeeper","beaked:TuckingFeathers"],"picked":"SKIP","floor":10},{"not_picked":["beaked:Cower","beaked:WarriorEssence"],"picked":"beaked:Flinch","floor":11},{"not_picked":["beaked:Cower","beaked:Poke"],"picked":"beaked:Windmill","floor":12},{"not_picked":["beaked:Flinch","beaked:FeelMyPain"],"picked":"beaked:BraceForImpact","floor":14},{"not_picked":["beaked:DarkPact","beaked:FullHouse"],"picked":"beaked:Sacrifice","floor":16},{"not_picked":["beaked:Redirect","beaked:CursingBlood"],"picked":"beaked:MimicHuntress","floor":18},{"not_picked":["beaked:FeelMyPain","beaked:Resilience"],"picked":"beaked:DesperateSwing","floor":20},{"not_picked":["beaked:Overexert","beaked:Tweet","beaked:Brace"],"picked":"SKIP","floor":22},{"not_picked":["beaked:Struggle","beaked:SacrificialAttack","beaked:Cower+1"],"picked":"SKIP","floor":24},{"not_picked":["beaked:Flinch+1","beaked:Poke"],"picked":"beaked:Foresight","floor":25},{"not_picked":["beaked:ScreechingChant","beaked:FeelMyPain","beaked:MimicHuntress"],"picked":"SKIP","floor":27},{"not_picked":["beaked:FeelMyPain+1","beaked:Insight","beaked:StunningBlow"],"picked":"SKIP","floor":29},{"not_picked":["beaked:Negation+1","beaked:WarriorEssence"],"picked":"beaked:Overexert+1","floor":30},{"not_picked":["beaked:Sacrifice","beaked:FakeOut"],"picked":"beaked:Brainwash+1","floor":33},{"not_picked":["beaked:Redirect+1","beaked:Daydream+1"],"picked":"beaked:MimicMachine+1","floor":34},{"not_picked":["beaked:RuinSticks+1","beaked:Poke+1","beaked:Windmill"],"picked":"SKIP","floor":35},{"not_picked":["beaked:CursingBlood+1","beaked:Brace+1"],"picked":"beaked:Foresight+1","floor":36},{"not_picked":["beaked:FeelMyPain+1","beaked:RuinSticks","beaked:Poke+1"],"picked":"SKIP","floor":37},{"not_picked":["beaked:HuntressSpirit+1","beaked:Daydream+1","beaked:Insight+1"],"picked":"SKIP","floor":41},{"not_picked":["beaked:Mantra+1","beaked:Poke+1","beaked:Evade+1"],"picked":"SKIP","floor":45},{"not_picked":["beaked:Redirect+1","beaked:RitualOfBody+1"],"picked":"beaked:Foresight+1","floor":47},{"not_picked":["beaked:Resilience+1","beaked:SacrificialDive+1"],"picked":"beaked:FullHouse+1","floor":48}],"player_experience":1022363,"relics_obtained":[{"floor":5,"key":"Anchor"},{"floor":7,"key":"Mercury Hourglass"},{"floor":9,"key":"Matryoshka"},{"floor":24,"key":"Darkstone Periapt"},{"floor":26,"key":"Boot"},{"floor":26,"key":"Pantograph"},{"floor":27,"key":"Art of War"},{"floor":31,"key":"Kunai"},{"floor":31,"key":"Bag of Preparation"},{"floor":43,"key":"Gremlin Horn"},{"floor":48,"key":"Letter Opener"}],"event_choices":[{"damage_healed":0,"gold_gain":0,"cards_transformed":["beaked:Strike_Y"],"player_choice":"Transformed","damage_taken":0,"max_hp_gain":0,"max_hp_loss":0,"event_name":"Transmorgrifier","floor":3,"gold_loss":0,"cards_obtained":["beaked:Insight"]},{"damage_healed":0,"gold_gain":0,"player_choice":"Ignored","damage_taken":0,"max_hp_gain":0,"max_hp_loss":0,"event_name":"Cursed Tome","floor":19,"gold_loss":0},{"damage_healed":0,"gold_gain":0,"player_choice":"Ignored","damage_taken":0,"max_hp_gain":0,"max_hp_loss":0,"event_name":"N\u0027loth","floor":21,"gold_loss":0},{"damage_healed":0,"gold_gain":0,"player_choice":"Ignored","damage_taken":0,"max_hp_gain":0,"max_hp_loss":0,"event_name":"Mysterious Sphere","floor":38,"gold_loss":0}],"is_beta":false,"boss_relics":[{"not_picked":["Sozu","Busted Crown"],"picked":"SlaversCollar"},{"not_picked":["SacredBark","Snecko Eye"],"picked":"Tiny House"}],"items_purged_floors":[28,39],"is_endless":false,"potions_floor_spawned":[1,11,12,14,24,25,27,37,47],"ascension_level":0}}