{"host":"vc42n08di9czm3e7","time":1608599867,"event":{"mods":["AchievementEnabler","BaseMod","Colored Powertips","Duelist Mod","Friendly Minions","GifTheSpireLib","Jorbs\u0027s Wanderer Trilogy","Minty Spire (QoL Compilation)","Prisma Mod","Rare Cards Sparkle","StSLib","The Animator","The Bug Knight","The Wild Card"],"gold_per_floor":[116,132,149,159,172,172,183,183,183,28,60,78,78,78,78,174,174,194,194,194,68,79,79,98,111,111,131,131,230,58,69,69,69,69],"floor_reached":33,"playtime":1380,"items_purged":["Strike_G","Defend_G"],"score":251,"play_id":"f6d25c07-d399-464d-b4cf-f031de013044","local_time":"20201221201747","is_ascension_mode":false,"campfire_choices":[{"data":"Die Die Die","floor":6,"key":"SMITH"},{"floor":13,"key":"REST"},{"data":"Bullet Time","floor":15,"key":"SMITH"},{"data":"Adrenaline","floor":23,"key":"SMITH"},{"data":"Choke","floor":32,"key":"SMITH"}],"circlet_count":0,"master_deck":["Strike_G","Strike_G+1","Strike_G+1","Defend_G","Defend_G","Defend_G","Survivor","Neutralize","Die Die Die+1","Cloak And Dagger","Leg Sweep","Dagger Throw","Acrobatics","Slice","Cloak And Dagger","Adrenaline+1","Unload+1","Expertise+1","Storm of Steel+1","Flying Knee+1","Quick Slash","PiercingWail+1","Die Die Die","Cloak And Dagger","Dagger Spray","Noxious Fumes","Choke+1"],"relics":["Ring of the Snake","Incense Burner","Dream Catcher","TungstenRod","Astrolabe","Thread and Needle"],"acts_visited":["Exordium","TheCity"],"potions_floor_usage":[16,16,33,33],"damage_taken":[{"damage":0,"enemies":"Small Slimes","floor":1,"turns":3},{"damage":0,"enemies":"2 Louse","floor":2,"turns":1},{"damage":0,"enemies":"Jaw Worm","floor":3,"turns":2},{"damage":0,"enemies":"Lots of Slimes","floor":4,"turns":1},{"damage":0,"enemies":"Gremlin Gang","floor":5,"turns":1},{"damage":2,"enemies":"Looter","floor":7,"turns":4},{"damage":25,"enemies":"Lagavulin","floor":11,"turns":9},{"damage":2,"enemies":"2 Fungi Beasts","floor":12,"turns":3},{"damage":16,"enemies":"Hexaghost","floor":16,"turns":9},{"damage":0,"enemies":"3 Byrds","floor":18,"turns":4},{"damage":0,"enemies":"Chosen","floor":22,"turns":4},{"damage":10,"enemies":"Snecko","floor":24,"turns":4},{"damage":5,"enemies":"Centurion and Healer","floor":25,"turns":5},{"damage":6,"enemies":"3 Cultists","floor":27,"turns":3},{"damage":0,"enemies":"Shelled Parasite and Fungi","floor":31,"turns":3},{"damage":61,"enemies":"Collector","floor":33,"turns":7}],"seed_played":"6067025418171578582","potions_obtained":[{"floor":2,"key":"Poison Potion"},{"floor":12,"key":"SkillPotion"},{"floor":16,"key":"AttackPotion"},{"floor":22,"key":"Swift Potion"},{"floor":25,"key":"Energy Potion"}],"is_trial":false,"path_per_floor":["M","M","M","M","M","R","M","?","T","$","E","M","R","?","R","B",null,"M","?","?","$","M","R","M","M","T","M","?","?","$","M","R","B"],"character_chosen":"THE_SILENT","items_purchased":["Dream Catcher","Quick Slash","Noxious Fumes"],"campfire_rested":1,"item_purchase_floors":[10,21,30],"current_hp_per_floor":[70,70,70,70,70,70,68,54,54,54,29,27,48,53,53,37,75,75,75,75,75,75,75,65,60,60,54,54,54,54,54,54,0,0],"gold":69,"neow_bonus":"ONE_RANDOM_RARE_CARD","is_daily":false,"chose_seed":false,"campfire_upgraded":4,"win_rate":0.0,"timestamp":1608599867,"path_taken":["M","M","M","M","M","R","M","?","T","$","E","M","R","?","R","BOSS","M","?","?","$","?","R","?","M","T","M","?","?","$","M","R","BOSS"],"items_purchased_type":["Relic","Card","Card"],"build_version":"2020-12-13","purchased_purges":2,"victory":false,"max_hp_per_floor":[70,70,70,70,70,70,70,70,70,70,70,70,70,75,75,75,75,75,75,75,75,75,75,75,75,75,75,75,75,75,75,75,75,75],"card_choices":[{"not_picked":["Acrobatics","Skewer"],"picked":"Cloak And Dagger","floor":1},{"not_picked":["Deflect","Acrobatics"],"picked":"Bullet Time","floor":2},{"not_picked":["Well Laid Plans","Blur"],"picked":"Crippling Poison","floor":3},{"not_picked":["Expertise","Escape Plan"],"picked":"Leg Sweep","floor":4},{"not_picked":["Flechettes","Reflex"],"picked":"Dagger Throw","floor":5},{"not_picked":["Flechettes","Deflect"],"picked":"Acrobatics","floor":7},{"not_picked":["Calculated Gamble","Dagger Throw"],"picked":"Slice","floor":11},{"not_picked":["Flechettes","Underhanded Strike"],"picked":"Cloak And Dagger","floor":12},{"not_picked":["Outmaneuver","Flying Knee"],"picked":"Finisher","floor":13},{"not_picked":["Grand Finale","Wraith Form v2"],"picked":"Adrenaline","floor":16},{"not_picked":["Slice+1","Reflex"],"picked":"Flying Knee+1","floor":18},{"not_picked":["Deflect","Outmaneuver"],"picked":"PiercingWail+1","floor":22},{"not_picked":["Well Laid Plans","Underhanded Strike+1"],"picked":"Die Die Die","floor":24},{"not_picked":["Leg Sweep","Riddle With Holes"],"picked":"Cloak And Dagger","floor":25},{"not_picked":["Blur","Prepared+1"],"picked":"Dagger Spray","floor":27},{"not_picked":["Prepared","Sucker Punch+1"],"picked":"Choke","floor":31}],"player_experience":141467,"relics_obtained":[{"floor":9,"key":"Incense Burner"},{"floor":11,"key":"TungstenRod"},{"floor":26,"key":"Thread and Needle"}],"event_choices":[{"damage_healed":0,"gold_gain":0,"player_choice":"Entered Light","damage_taken":14,"max_hp_gain":0,"max_hp_loss":0,"event_name":"Shining Light","floor":8,"gold_loss":0,"cards_upgraded":["Strike_G","Strike_G"]},{"damage_healed":0,"gold_gain":0,"player_choice":"Donut","damage_taken":0,"max_hp_gain":5,"max_hp_loss":0,"event_name":"Big Fish","floor":14,"gold_loss":0},{"damage_healed":0,"gold_gain":0,"player_choice":"Ignored","damage_taken":0,"max_hp_gain":0,"max_hp_loss":0,"event_name":"Vampires","floor":19,"gold_loss":0},{"cards_removed":["Crippling Poison"],"damage_healed":0,"gold_gain":0,"player_choice":"Purged","damage_taken":0,"max_hp_gain":0,"max_hp_loss":0,"event_name":"Purifier","floor":20,"gold_loss":0},{"cards_removed":["Defend_G"],"damage_healed":0,"gold_gain":0,"player_choice":"Elegance","damage_taken":0,"max_hp_gain":0,"max_hp_loss":0,"event_name":"Back to Basics","floor":28,"gold_loss":0},{"damage_healed":0,"gold_gain":99,"player_choice":"Stole From Cult","damage_taken":0,"max_hp_gain":0,"max_hp_loss":0,"event_name":"Nest","floor":29,"gold_loss":0}],"is_beta":false,"boss_relics":[{"not_picked":["Philosopher\u0027s Stone","Cursed Key"],"picked":"Astrolabe"}],"items_purged_floors":[21,30],"is_endless":false,"potions_floor_spawned":[2,12,16,22,25],"killed_by":"Collector","ascension_level":0}}