{"host":"5jn3rki867005t18","time":1608618190,"event":{"mods":["2.2 Compatiblity","AchievementEnabler","BaseMod","Colored Map","DeckTracker","Minty Spire (QoL Compilation)","Permanent Neow","Rare Cards Sparkle","StSLib","SuperFastMode"],"gold_per_floor":[211,286,286,143,157,157,157,157,157,177,197,212,248,248,248,369,369,389,389,414,246,264,264,279,279,279,300,300,320,22,37,37,37,37],"floor_reached":33,"playtime":1866,"items_purged":[],"score":249,"play_id":"1ec83086-deeb-434e-be89-6b5af7351efb","local_time":"20201222152310","is_ascension_mode":false,"campfire_choices":[{"data":"Rage","floor":6.0,"key":"SMITH"},{"data":"Inflame","floor":8.0,"key":"SMITH"},{"data":"Bash","floor":15.0,"key":"SMITH"},{"floor":23.0,"key":"REST"},{"floor":28.0,"key":"REST"},{"data":"Double Tap","floor":32.0,"key":"SMITH"}],"circlet_count":0,"master_deck":["Defend_R","Defend_R","Defend_R","Defend_R","Bash+1","Rage+1","Flex","Inflame+1","Pommel Strike","Pommel Strike","Battle Trance","Cleave","Twin Strike","Evolve","Double Tap+1","Evolve+1","Second Wind+1","Inflame+1","Iron Wave","Strike_R","Dark Embrace+1","Reaper","Jack Of All Trades","Warcry","Shrug It Off+1","Intimidate","Metallicize","Bludgeon","Havoc"],"relics":["Burning Blood","Golden Idol","Meat on the Bone","Kunai","Toy Ornithopter","Astrolabe","CultistMask","HornCleat","Toolbox"],"acts_visited":["Exordium","TheCity"],"potions_floor_usage":[33,33],"damage_taken":[{"damage":7.0,"enemies":"2 Louse","floor":1.0,"turns":2.0},{"damage":6.0,"enemies":"Jaw Worm","floor":5.0,"turns":3.0},{"damage":1.0,"enemies":"Cultist","floor":10.0,"turns":3.0},{"damage":3.0,"enemies":"Exordium Thugs","floor":11.0,"turns":4.0},{"damage":0.0,"enemies":"2 Fungi Beasts","floor":12.0,"turns":3.0},{"damage":26.0,"enemies":"3 Sentries","floor":13.0,"turns":5.0},{"damage":25.0,"enemies":"Slime Boss","floor":16.0,"turns":6.0},{"damage":47.0,"enemies":"3 Byrds","floor":18.0,"turns":6.0},{"damage":10.0,"enemies":"Chosen","floor":20.0,"turns":4.0},{"damage":32.0,"enemies":"Centurion and Healer","floor":22.0,"turns":5.0},{"damage":43.0,"enemies":"Snake Plant","floor":24.0,"turns":5.0},{"damage":37.0,"enemies":"Chosen and Byrds","floor":27.0,"turns":8.0},{"damage":22.0,"enemies":"Shelled Parasite and Fungi","floor":29.0,"turns":6.0},{"damage":7.0,"enemies":"Centurion and Healer","floor":31.0,"turns":8.0},{"damage":128,"enemies":"Automaton","floor":33,"turns":10}],"seed_played":"-7102177558333092251","potions_obtained":[{"floor":13.0,"key":"GamblersBrew"},{"floor":16.0,"key":"SkillPotion"},{"floor":20.0,"key":"Weak Potion"},{"floor":24.0,"key":"BloodPotion"},{"floor":29.0,"key":"ColorlessPotion"},{"floor":31.0,"key":"FairyPotion"}],"is_trial":false,"path_per_floor":["M","?","?","$","M","R","?","R","T","M","M","M","E","T","R","B",null,"M","?","M","$","M","R","M","?","T","M","R","M","$","M","R","B"],"character_chosen":"IRONCLAD","items_purchased":["Flex","Inflame","Pommel Strike","Reaper","Jack Of All Trades","Bludgeon","Toolbox"],"campfire_rested":2,"item_purchase_floors":[4,4,4,21,21,30,30],"current_hp_per_floor":[79,68,48,48,48,48,48,48,48,53,56,62,54,54,54,47,80,51,51,47,47,38,62,44,44,44,35,59,55,55,71,71,0,0],"gold":37,"neow_bonus":"HUNDRED_GOLD","is_daily":false,"chose_seed":false,"campfire_upgraded":4,"win_rate":0.0,"timestamp":1608618190,"path_taken":["M","?","?","?","M","R","?","R","T","M","?","M","E","?","R","BOSS","M","?","?","$","M","R","M","?","T","?","R","M","$","M","R","BOSS"],"items_purchased_type":["Card","Card","Card","Card","Card","Card","Relic"],"build_version":"2020-12-13","purchased_purges":0,"victory":false,"max_hp_per_floor":[80,80,80,80,80,80,80,80,80,80,80,80,80,80,80,80,80,80,80,80,80,80,80,80,80,80,80,80,80,80,80,80,80,80],"card_choices":[{"not_picked":["Sword Boomerang","Heavy Blade"],"picked":"Rage","floor":1.0},{"not_picked":["Armaments","Clothesline"],"picked":"Pommel Strike","floor":5.0},{"not_picked":["Burning Pact","Sword Boomerang"],"picked":"Battle Trance","floor":10.0},{"not_picked":["Clothesline","Havoc"],"picked":"Cleave","floor":11.0},{"not_picked":["Sentinel","Pummel"],"picked":"Twin Strike","floor":12.0},{"not_picked":["Body Slam","Flex"],"picked":"Evolve","floor":13.0},{"not_picked":["Reaper","Feed"],"picked":"Double Tap","floor":16.0},{"not_picked":["Flex","Pommel Strike"],"picked":"Iron Wave","floor":18.0},{"not_picked":["Cleave+1","Flex"],"picked":"Dark Embrace+1","floor":20.0},{"not_picked":["Evolve","Headbutt"],"picked":"Warcry","floor":22.0},{"not_picked":["Anger+1","Cleave"],"picked":"Shrug It Off+1","floor":24.0},{"not_picked":["Flex","Uppercut"],"picked":"Intimidate","floor":27.0},{"not_picked":["Pummel+1","Intimidate"],"picked":"Metallicize","floor":29.0},{"not_picked":["Cleave","Ghostly Armor"],"picked":"Havoc","floor":31.0}],"player_experience":45275,"relics_obtained":[{"floor":9.0,"key":"Meat on the Bone"},{"floor":13.0,"key":"Kunai"},{"floor":14.0,"key":"Toy Ornithopter"},{"floor":26.0,"key":"HornCleat"}],"event_choices":[{"damage_healed":0.0,"max_hp_gain":0.0,"max_hp_loss":0.0,"gold_gain":75.0,"event_name":"World of Goop","player_choice":"Gather Gold","floor":2.0,"gold_loss":0.0,"damage_taken":11.0},{"damage_healed":0.0,"max_hp_gain":0.0,"max_hp_loss":0.0,"gold_gain":0.0,"event_name":"Golden Idol","player_choice":"Take Damage","floor":3.0,"gold_loss":0.0,"damage_taken":20.0,"relics_obtained":["Golden Idol"]},{"cards_removed":["Strike_R"],"damage_healed":0.0,"max_hp_gain":0.0,"max_hp_loss":0.0,"gold_gain":0.0,"event_name":"Purifier","player_choice":"Purged","floor":7.0,"gold_loss":0.0,"damage_taken":0.0},{"cards_removed":["Strike_R"],"damage_healed":0.0,"max_hp_gain":0.0,"max_hp_loss":0.0,"gold_gain":0.0,"event_name":"NoteForYourself","player_choice":"Took Card","floor":19.0,"gold_loss":0.0,"damage_taken":0.0,"cards_obtained":["Strike_R"]},{"damage_healed":0.0,"max_hp_gain":0.0,"max_hp_loss":0.0,"gold_gain":0.0,"event_name":"FaceTrader","player_choice":"Trade","floor":25.0,"gold_loss":0.0,"damage_taken":0.0,"relics_obtained":["CultistMask"]}],"is_beta":false,"boss_relics":[{"not_picked":["Fusion Hammer","Calling Bell"],"picked":"Astrolabe"}],"items_purged_floors":[],"is_endless":false,"potions_floor_spawned":[13,16,20,24,29,31],"killed_by":"Automaton","ascension_level":0}}