{"host":"2lrkmsuh7nz013qb","time":1608614014,"event":{"mods":["BaseMod","Colored Map","DeckTracker","Minty Spire (QoL Compilation)","SuperFastMode","everything is the same but u backflip on backflip"],"gold_per_floor":[116,127,140,140,140,180,211,255,255,290,305,305,344,359,359,489,489,513,536,559,212,212,245,266,301,325,30,54,54,54,14,14,138,138,154,154,174,3,3,42,63,13,13,49,49,271,306,362,362,362,362,362,103,146,146],"floor_reached":56,"playtime":2777,"items_purged":["Strike_R","Searing Blow","Bludgeon+1"],"score":2230,"play_id":"40082680-0692-4052-8cd8-6cc9dde805b6","local_time":"20201222141334","is_ascension_mode":true,"campfire_choices":[{"data":"Bludgeon","floor":12.0,"key":"SMITH"},{"data":"Immolate","floor":15.0,"key":"SMITH"},{"data":"Evolve","floor":30.0,"key":"SMITH"},{"data":"Feel No Pain","floor":32.0,"key":"SMITH"},{"data":"Body Slam","floor":45.0,"key":"SMITH"},{"floor":49.0,"key":"RECALL"},{"data":"Second Wind","floor":52.0,"key":"SMITH"}],"circlet_count":0,"master_deck":["AscendersBane","Strike_R+1","Defend_R","Defend_R","Defend_R+1","Defend_R","Bash","Wild Strike","Whirlwind","Second Wind+1","Shrug It Off","Power Through","Shrug It Off","Battle Trance","Immolate+1","Feel No Pain+1","Battle Trance","Evolve+1","Master of Strategy","Inflame","Fiend Fire","Body Slam+1","Body Slam+1","Dark Embrace"],"relics":["Burning Blood","Golden Idol","Vajra","Odd Mushroom","Charon\u0027s Ashes","Ornamental Fan","White Beast Statue","Bag of Preparation","Mark of Pain","Omamori","Red Mask","FossilizedHelix","Coffee Dripper","Membership Card","CeramicFish","Bird Faced Urn","Art of War","Meat on the Bone","TungstenRod","Lee\u0027s Waffle"],"acts_visited":["Exordium","TheCity","TheBeyond","TheEnding"],"potions_floor_usage":[55],"damage_taken":[{"damage":4.0,"enemies":"Small Slimes","floor":1.0,"turns":4.0},{"damage":6.0,"enemies":"2 Louse","floor":2.0,"turns":3.0},{"damage":3.0,"enemies":"Jaw Worm","floor":3.0,"turns":4.0},{"damage":27.0,"enemies":"3 Sentries","floor":6.0,"turns":9.0},{"damage":15.0,"enemies":"The Mushroom Lair","floor":7.0,"turns":4.0},{"damage":24.0,"enemies":"Lagavulin","floor":8.0,"turns":6.0},{"damage":9.0,"enemies":"3 Sentries","floor":10.0,"turns":6.0},{"damage":0.0,"enemies":"2 Fungi Beasts","floor":11.0,"turns":3.0},{"damage":0.0,"enemies":"Gremlin Nob","floor":13.0,"turns":2.0},{"damage":0.0,"enemies":"Blue Slaver","floor":14.0,"turns":3.0},{"damage":0.0,"enemies":"Slime Boss","floor":16.0,"turns":3.0},{"damage":0.0,"enemies":"3 Byrds","floor":18.0,"turns":2.0},{"damage":0.0,"enemies":"Spheric Guardian","floor":19.0,"turns":2.0},{"damage":19.0,"enemies":"Centurion and Healer","floor":20.0,"turns":9.0},{"damage":0.0,"enemies":"Gremlin Leader","floor":23.0,"turns":5.0},{"damage":0.0,"enemies":"3 Cultists","floor":24.0,"turns":2.0},{"damage":25.0,"enemies":"Masked Bandits","floor":25.0,"turns":3.0},{"damage":0.0,"enemies":"Cultist and Chosen","floor":28.0,"turns":5.0},{"damage":0.0,"enemies":"Automaton","floor":33.0,"turns":10.0},{"damage":0.0,"enemies":"3 Darklings","floor":35.0,"turns":3.0},{"damage":0.0,"enemies":"Orb Walker","floor":37.0,"turns":2.0},{"damage":0.0,"enemies":"Nemesis","floor":40.0,"turns":5.0},{"damage":0.0,"enemies":"Writhing Mass","floor":41.0,"turns":4.0},{"damage":0.0,"enemies":"Reptomancer","floor":44.0,"turns":4.0},{"damage":23.0,"enemies":"Nemesis","floor":47.0,"turns":8.0},{"damage":0.0,"enemies":"2 Orb Walkers","floor":48.0,"turns":3.0},{"damage":29.0,"enemies":"Awakened One","floor":50.0,"turns":11.0},{"damage":0.0,"enemies":"Shield and Spear","floor":54.0,"turns":4.0},{"damage":24,"enemies":"The Heart","floor":55,"turns":9}],"seed_played":"809215007923594333","potions_obtained":[{"floor":1.0,"key":"DistilledChaos"},{"floor":6.0,"key":"Swift Potion"},{"floor":10.0,"key":"FearPotion"},{"floor":11.0,"key":"DistilledChaos"},{"floor":13.0,"key":"EssenceOfSteel"},{"floor":14.0,"key":"FearPotion"},{"floor":16.0,"key":"Dexterity Potion"},{"floor":18.0,"key":"Regen Potion"},{"floor":20.0,"key":"Fire Potion"},{"floor":23.0,"key":"Swift Potion"},{"floor":25.0,"key":"SmokeBomb"},{"floor":28.0,"key":"Block Potion"},{"floor":31.0,"key":"Swift Potion"},{"floor":31.0,"key":"CultistPotion"},{"floor":33.0,"key":"Swift Potion"},{"floor":35.0,"key":"ColorlessPotion"},{"floor":37.0,"key":"Energy Potion"},{"floor":47.0,"key":"Block Potion"}],"is_trial":false,"path_per_floor":["M","M","M","?","?","E","?","E","T","E","M","R","E","M","R","B",null,"M","M","M","$","?","E","M","?","T","$","M","$","R","?","R","B",null,"M","$","M","$","?","E","M","$","T","E","R","?","E","?","R","B",null,"R","$","E","B",null],"character_chosen":"IRONCLAD","items_purchased":["Evolve","Master of Strategy","FossilizedHelix","Membership Card","Body Slam","Dark Embrace","Lee\u0027s Waffle","FairyPotion","DuplicationPotion"],"campfire_rested":0,"item_purchase_floors":[21,21,27,38,38,53,53,53,53],"current_hp_per_floor":[74,74,77,61,61,40,31,13,13,10,16,16,22,28,28,34,64,70,74,74,74,74,74,74,55,55,55,61,61,61,61,61,67,72,74,74,74,74,74,74,74,74,74,74,74,74,57,69,69,50,68,68,81,81,63],"gold":146,"neow_bonus":"TRANSFORM_CARD","is_daily":false,"chose_seed":false,"campfire_upgraded":6,"win_rate":0.0,"timestamp":1608614014,"path_taken":["M","M","M","?","?","E","?","E","T","E","M","R","E","M","R","BOSS","M","M","M","$","?","E","M","?","T","$","M","?","R","?","R","BOSS","M","$","M","$","?","E","M","?","T","E","R","?","E","?","R","BOSS","R","$","E","BOSS"],"items_purchased_type":["Card","Card","Relic","Relic","Card","Card","Relic","Potion","Potion"],"build_version":"2020-12-13","purchased_purges":3,"victory":true,"max_hp_per_floor":[80,80,80,80,74,74,74,74,74,74,74,74,74,74,74,74,74,74,74,74,74,74,74,74,74,74,74,74,74,74,74,74,74,74,74,74,74,74,74,74,74,74,74,74,74,74,74,74,74,74,74,74,81,81,81],"card_choices":[{"not_picked":["Rampage","Clothesline"],"picked":"Whirlwind","floor":1.0},{"not_picked":["Iron Wave","Thunderclap"],"picked":"Second Wind","floor":2.0},{"not_picked":["True Grit","Iron Wave"],"picked":"Shrug It Off","floor":3.0},{"not_picked":["Sword Boomerang","Disarm"],"picked":"Bludgeon","floor":6.0},{"not_picked":["Wild Strike","Cleave"],"picked":"Power Through","floor":8.0},{"not_picked":["Thunderclap","Heavy Blade"],"picked":"Shrug It Off","floor":10.0},{"not_picked":["Twin Strike","Sword Boomerang"],"picked":"Battle Trance","floor":11.0},{"not_picked":["Metallicize","Pummel"],"picked":"Immolate","floor":13.0},{"not_picked":["Ghostly Armor","Armaments"],"picked":"Feel No Pain","floor":14.0},{"not_picked":["Battle Trance","Heavy Blade","Ghostly Armor"],"picked":"SKIP","floor":18.0},{"not_picked":["Heavy Blade","Ghostly Armor"],"picked":"Battle Trance","floor":18.0},{"not_picked":["Clothesline","Flex","Armaments"],"picked":"SKIP","floor":19.0},{"not_picked":["Iron Wave","Blood for Blood","Wild Strike"],"picked":"SKIP","floor":20.0},{"not_picked":["Iron Wave","Blood for Blood","Wild Strike"],"picked":"SKIP","floor":20.0},{"not_picked":["Armaments","Havoc","Iron Wave"],"picked":"SKIP","floor":23.0},{"not_picked":["Reckless Charge","Whirlwind","Double Tap"],"picked":"SKIP","floor":24.0},{"not_picked":["Inflame","Flex","Iron Wave"],"picked":"SKIP","floor":28.0},{"not_picked":["Berserk","Demon Form"],"picked":"Fiend Fire","floor":33.0},{"not_picked":["Cleave","Rampage","Heavy Blade"],"picked":"SKIP","floor":35.0},{"not_picked":["Fire Breathing","Flex+1"],"picked":"Body Slam","floor":37.0},{"not_picked":["True Grit","Heavy Blade+1","Wild Strike+1"],"picked":"SKIP","floor":40.0},{"not_picked":["Body Slam","Havoc","Twin Strike"],"picked":"SKIP","floor":41.0},{"not_picked":["Reaper","Entrench","Twin Strike"],"picked":"SKIP","floor":44.0},{"not_picked":["Headbutt","True Grit","Shrug It Off"],"picked":"SKIP","floor":47.0},{"not_picked":["Headbutt","True Grit","Shrug It Off"],"picked":"SKIP","floor":47.0},{"not_picked":["Clothesline","True Grit","Twin Strike"],"picked":"SKIP","floor":54.0}],"player_experience":687659,"relics_obtained":[{"floor":6.0,"key":"Vajra"},{"floor":7.0,"key":"Odd Mushroom"},{"floor":8.0,"key":"Charon\u0027s Ashes"},{"floor":9.0,"key":"Ornamental Fan"},{"floor":10.0,"key":"White Beast Statue"},{"floor":13.0,"key":"Bag of Preparation"},{"floor":23.0,"key":"Omamori"},{"floor":25.0,"key":"Red Mask"},{"floor":40.0,"key":"CeramicFish"},{"floor":43.0,"key":"Bird Faced Urn"},{"floor":44.0,"key":"Art of War"},{"floor":47.0,"key":"Meat on the Bone"},{"floor":48.0,"key":"TungstenRod"}],"event_choices":[{"damage_healed":0.0,"max_hp_gain":0.0,"max_hp_loss":0.0,"gold_gain":0.0,"event_name":"Shining Light","player_choice":"Entered Light","floor":4.0,"gold_loss":0.0,"damage_taken":16.0,"cards_upgraded":["Strike_R","Defend_R"]},{"damage_healed":0.0,"max_hp_gain":0.0,"max_hp_loss":6.0,"gold_gain":0.0,"event_name":"Golden Idol","player_choice":"Lose Max HP","floor":5.0,"gold_loss":0.0,"damage_taken":0.0,"relics_obtained":["Golden Idol"]},{"damage_healed":0.0,"max_hp_gain":0.0,"max_hp_loss":0.0,"gold_gain":0.0,"event_name":"Mushrooms","player_choice":"Fought Mushrooms","floor":7.0,"gold_loss":0.0,"damage_taken":0.0},{"damage_healed":0.0,"max_hp_gain":0.0,"max_hp_loss":0.0,"gold_gain":0.0,"cards_transformed":["Strike_R","Strike_R"],"event_name":"Drug Dealer","player_choice":"Became Test Subject","floor":22.0,"gold_loss":0.0,"damage_taken":0.0,"cards_obtained":["Searing Blow","Inflame"]},{"damage_healed":0.0,"max_hp_gain":0.0,"max_hp_loss":0.0,"gold_gain":0.0,"event_name":"Masked Bandits","player_choice":"Fought Bandits","floor":25.0,"gold_loss":0.0,"damage_taken":0.0},{"damage_healed":0.0,"max_hp_gain":0.0,"max_hp_loss":0.0,"gold_gain":0.0,"event_name":"The Woman in Blue","player_choice":"Bought 3 Potions","floor":31.0,"gold_loss":0.0,"damage_taken":0.0},{"damage_healed":0.0,"max_hp_gain":0.0,"max_hp_loss":0.0,"gold_gain":0.0,"event_name":"Upgrade Shrine","player_choice":"Upgraded","floor":39.0,"gold_loss":0.0,"damage_taken":0.0,"cards_upgraded":["Body Slam"]},{"damage_healed":0.0,"max_hp_gain":0.0,"max_hp_loss":0.0,"gold_gain":222.0,"event_name":"Tomb of Lord Red Mask","player_choice":"Wore Mask","floor":46.0,"gold_loss":0.0,"damage_taken":0.0},{"damage_healed":0.0,"max_hp_gain":0.0,"max_hp_loss":0.0,"gold_gain":0.0,"event_name":"Mysterious Sphere","player_choice":"Fight","floor":48.0,"gold_loss":0.0,"damage_taken":0.0}],"is_beta":false,"boss_relics":[{"not_picked":["Ectoplasm","SlaversCollar"],"picked":"Mark of Pain"},{"not_picked":["Velvet Choker","Sozu"],"picked":"Coffee Dripper"}],"items_purged_floors":[21,42,53],"is_endless":false,"potions_floor_spawned":[1,6,10,11,13,14,16,18,19,20,23,24,25,28,33,35,37,40,41,44,47,48,54],"ascension_level":12}}