{"host":"4kbqeuw4a1wt9r2z","time":1608646992,"event":{"mods":["Act Like it!","BaseMod","Downfall","GifTheSpireLib","Googly Eyes","Minty Spire (QoL Compilation)","StSLib"],"gold_per_floor":[0,15,27,47,47,47,47,72,91,107,126,155,172,172,191,291,291,216,232,246,259,270,282,282,308,327,327,362,7,7,35,55,55,55,55],"floor_reached":33,"playtime":1824,"items_purged":[],"score":341,"play_id":"a2919b08-882f-468c-adea-0c938205d259","local_time":"20201222172312","is_ascension_mode":true,"campfire_choices":[{"data":"Guardian:RevengeProtocol","floor":1,"key":"SMITH"},{"data":"Guardian:EvasiveProtocol","floor":6,"key":"SMITH"},{"data":"Guardian:TwinSlam","floor":18,"key":"SMITH"},{"data":"Guardian:FierceBash","floor":27,"key":"SMITH"},{"floor":30,"key":"REST"}],"circlet_count":0,"master_deck":["Guardian:Strike_Guardian","Guardian:Strike_Guardian","Guardian:Strike_Guardian","Guardian:Defend_Guardian","Guardian:Defend_Guardian","Guardian:Defend_Guardian","Guardian:Defend_Guardian","Guardian:CurlUp","Guardian:TwinSlam+1","Guardian:RevengeProtocol+1","Guardian:EvasiveProtocol+1","Guardian:Reroute","Guardian:FierceBash+1","Guardian:Planning","Guardian:DonusPower","Guardian:Gem_Green","Guardian:SpikerProtocol+1","Guardian:TimeCapacitor+1","Guardian:CrystalBeam","Guardian:BronzeArmor+1","Guardian:TemporalStrike+1","Guardian:Gem_Yellow","Guardian:Gem_Red","Flash of Steel","Guardian:Suspension+1","Guardian:TemporalShield"],"relics":["Guardian:ModeShifter","TungstenRod","Mummified Hand","Vajra","Philosopher\u0027s Stone","downfall:HeartBlessingGreen","Bottled Tornado","Orichalcum","Shovel","Bottled Lightning","Letter Opener"],"acts_visited":["Exordium","TheCity"],"potions_floor_usage":[9,12,12,16,16,25,28,29,33],"damage_taken":[{"damage":3,"enemies":"Jaw Worm","floor":2,"turns":4},{"damage":1,"enemies":"Small Slimes","floor":3,"turns":5},{"damage":5,"enemies":"Cultist","floor":4,"turns":5},{"damage":10,"enemies":"3 Sentries","floor":8,"turns":10},{"damage":0,"enemies":"Exordium Thugs","floor":9,"turns":4},{"damage":4,"enemies":"3 Louse","floor":10,"turns":3},{"damage":2,"enemies":"Gremlin Gang","floor":11,"turns":4},{"damage":8,"enemies":"Gremlin Nob","floor":12,"turns":4},{"damage":0,"enemies":"Exordium Wildlife","floor":13,"turns":3},{"damage":6,"enemies":"3 Louse","floor":15,"turns":5},{"damage":4,"enemies":"downfall:Silent","floor":16,"turns":5},{"damage":8,"enemies":"Shell Parasite","floor":19,"turns":2},{"damage":6,"enemies":"Cultist and Chosen","floor":20,"turns":6},{"damage":6,"enemies":"3 Cultists","floor":21,"turns":5},{"damage":0,"enemies":"Sentry and Sphere","floor":22,"turns":5},{"damage":8,"enemies":"Shelled Parasite and Fungi","floor":23,"turns":4},{"damage":1,"enemies":"Book of Stabbing","floor":25,"turns":3},{"damage":12,"enemies":"Centurion and Healer","floor":26,"turns":3},{"damage":27,"enemies":"Gremlin Leader","floor":28,"turns":5},{"damage":0,"enemies":"downfall:FleeingMerchant","floor":29,"turns":4},{"damage":15,"enemies":"Book of Stabbing","floor":31,"turns":5},{"damage":10,"enemies":"Chosen and Byrds","floor":32,"turns":3},{"damage":17,"enemies":"downfall:Watcher","floor":33,"turns":4}],"seed_played":"8908524993164500658","potions_obtained":[{"floor":8,"key":"SneckoOil"},{"floor":9,"key":"Ancient Potion"},{"floor":10,"key":"AttackPotion"},{"floor":11,"key":"Weak Potion"},{"floor":12,"key":"SkillPotion"},{"floor":14,"key":"Strength Potion"},{"floor":14,"key":"Block Potion"},{"floor":16,"key":"GamblersBrew"},{"floor":20,"key":"AttackPotion"},{"floor":26,"key":"SkillPotion"},{"floor":31,"key":"DuplicationPotion"},{"floor":32,"key":"SmokeBomb"}],"is_trial":false,"path_per_floor":["R","M","M","M","?","R","T","E","M","M","M","E","M","?","M","B",null,"R","M","M","M","M","M","T","E","M","R","E","$","R","E","M","B"],"character_chosen":"GUARDIAN","items_purchased":["Bottled Lightning","Flash of Steel"],"campfire_rested":1,"item_purchase_floors":[29,29],"current_hp_per_floor":[80,77,76,71,71,71,71,61,61,57,55,47,47,47,41,37,80,80,72,66,60,60,52,52,51,39,39,12,12,36,21,11,0,0,0],"gold":55,"neow_bonus":"THREE_RARE_CARDS","is_daily":false,"chose_seed":false,"campfire_upgraded":4,"win_rate":0.0,"timestamp":1608646992,"path_taken":["R","M","M","M","?","R","T","E","M","M","M","E","M","?","M","BOSS","R","M","M","M","M","M","T","E","?","R","E","$","R","E","M","BOSS"],"items_purchased_type":["Relic","Card"],"build_version":"2020-12-13","purchased_purges":0,"victory":false,"max_hp_per_floor":[80,80,80,80,80,80,80,80,80,80,80,80,80,80,80,80,80,80,80,80,80,80,80,80,80,80,80,80,80,80,80,80,80,80,80],"card_choices":[{"not_picked":["Guardian:StasisStrike","Guardian:GemFinder"],"picked":"Guardian:RevengeProtocol","floor":0},{"not_picked":["Guardian:Gem_Cyan","Guardian:TemporalShield"],"picked":"Guardian:Gem_Lightblue","floor":2},{"not_picked":["Guardian:Incinerate","Guardian:FloatingOrbs"],"picked":"Guardian:EvasiveProtocol","floor":3},{"not_picked":["Guardian:PolyBeam","Guardian:PiercingHide"],"picked":"Guardian:Reroute","floor":4},{"not_picked":["Guardian:Suspension","Guardian:Preprogram"],"picked":"Guardian:FierceBash","floor":8},{"not_picked":["Guardian:PrismaticBeam","Guardian:Gem_Lightblue"],"picked":"Guardian:Gem_Crimson","floor":9},{"not_picked":["Guardian:Recover","Guardian:RefractedBeam"],"picked":"Guardian:Planning","floor":10},{"not_picked":["Guardian:TemporalShield","Guardian:TimeCapacitor"],"picked":"Guardian:DonusPower","floor":11},{"not_picked":["Guardian:TimeCapacitor","Guardian:Gem_Crimson"],"picked":"Guardian:Gem_Green","floor":12},{"not_picked":["Guardian:Gem_Green","Guardian:Preprogram"],"picked":"Guardian:Gem_Cyan","floor":13},{"not_picked":["Guardian:Planning","Guardian:ChargeCore"],"picked":"Guardian:Gem_White","floor":15},{"not_picked":["Guardian:FierceBash","Guardian:StasisStrike"],"picked":"Guardian:Gem_Orange","floor":16},{"not_picked":["Guardian:RollAttack","Guardian:Reroute"],"picked":"Guardian:SpikerProtocol+1","floor":19},{"not_picked":["Guardian:Preprogram","Guardian:SentryBeam"],"picked":"Guardian:TimeCapacitor+1","floor":20},{"not_picked":["Guardian:Gem_Blue","Guardian:Suspension"],"picked":"Guardian:CrystalBeam","floor":21},{"not_picked":["Guardian:CrystalBeam","Guardian:Planning","Guardian:Reroute"],"picked":"SKIP","floor":22},{"not_picked":["Guardian:ChargeCore","Guardian:Harden","Guardian:PolyBeam"],"picked":"SKIP","floor":23},{"not_picked":["Guardian:Gem_Cyan","Guardian:Gem_Blue"],"picked":"Guardian:BronzeArmor+1","floor":25},{"not_picked":["Guardian:BronzeArmor+1","Guardian:PrimingBeam"],"picked":"Guardian:TemporalStrike+1","floor":26},{"not_picked":["Guardian:Gem_Lightblue","Guardian:Recover"],"picked":"Guardian:Gem_Yellow","floor":28},{"not_picked":["Guardian:Preprogram+1","Guardian:TimeBomb+1"],"picked":"Guardian:Gem_Red","floor":29},{"not_picked":["Guardian:PrimingBeam","Guardian:Gem_Red"],"picked":"Guardian:Suspension+1","floor":31},{"not_picked":["Guardian:CrystalBeam+1","Guardian:ChargeCore"],"picked":"Guardian:TemporalShield","floor":32}],"player_experience":472959,"relics_obtained":[{"floor":7,"key":"TungstenRod"},{"floor":8,"key":"Mummified Hand"},{"floor":12,"key":"Vajra"},{"floor":24,"key":"Bottled Tornado"},{"floor":25,"key":"Orichalcum"},{"floor":28,"key":"Shovel"},{"floor":31,"key":"Letter Opener"}],"event_choices":[{"cards_removed":["Guardian:Strike_Guardian"],"damage_healed":0,"gold_gain":0,"player_choice":"Card Removal","damage_taken":0,"max_hp_gain":0,"max_hp_loss":0,"event_name":"The Cleric","floor":5,"gold_loss":0},{"damage_healed":0,"gold_gain":0,"player_choice":"Got Potions","damage_taken":0,"max_hp_gain":0,"max_hp_loss":0,"event_name":"Lab","floor":14,"gold_loss":0}],"is_beta":false,"boss_relics":[{"not_picked":["Sozu","Pandora\u0027s Box"],"picked":"Philosopher\u0027s Stone"}],"items_purged_floors":[],"is_endless":false,"potions_floor_spawned":[8,9,10,11,12,16,20,22,26,31,32],"killed_by":"downfall:Watcher","ascension_level":1}}