{"host":"usewcu4ohw2wtmxk","time":1608611184,"event":{"mods":["BaseMod","Minty Spire (QoL Compilation)","Permanent Neow","Quick Restart","Relic Stats"],"gold_per_floor":[118,118,138,150,164,195,211,238,265,294,311,343,343,343,343,416,416,430,430,430,74,74,74,87,87,110,131,131,131],"floor_reached":28,"playtime":552,"items_purged":["Strike_P"],"score":480,"play_id":"ac5b2ba3-3925-4c48-9aee-fd560eec8aab","local_time":"20201222122624","is_ascension_mode":true,"campfire_choices":[{"floor":13.0,"key":"REST"},{"data":"WheelKick","floor":15.0,"key":"SMITH"},{"floor":23.0,"key":"REST"},{"data":"Scrawl","floor":25.0,"key":"SMITH"}],"circlet_count":0,"master_deck":["AscendersBane","Strike_P","Strike_P+1","Defend_P","Defend_P","Eruption+1","Vigilance","DevaForm","CutThroughFate+1","Indignation","BowlingBash","WheelKick+1","Adaptation","Scrawl+1","TalkToTheHand","Tantrum","LessonLearned"],"relics":["PureWater","Whetstone","Potion Belt","Pen Nib","Nunchaku","Empty Cage","Frozen Egg 2","CeramicFish"],"acts_visited":["Exordium","TheCity"],"potions_floor_usage":[],"damage_taken":[{"damage":1.0,"enemies":"2 Louse","floor":1.0,"turns":2.0},{"damage":4.0,"enemies":"Jaw Worm","floor":3.0,"turns":6.0},{"damage":1.0,"enemies":"Cultist","floor":4.0,"turns":4.0},{"damage":5.0,"enemies":"Red Slaver","floor":5.0,"turns":3.0},{"damage":16.0,"enemies":"Gremlin Nob","floor":6.0,"turns":3.0},{"damage":3.0,"enemies":"Large Slime","floor":7.0,"turns":6.0},{"damage":22.0,"enemies":"Lagavulin","floor":10.0,"turns":7.0},{"damage":0.0,"enemies":"2 Fungi Beasts","floor":11.0,"turns":2.0},{"damage":1.0,"enemies":"Gremlin Nob","floor":12.0,"turns":3.0},{"damage":8.0,"enemies":"The Guardian","floor":16.0,"turns":6.0},{"damage":5.0,"enemies":"Chosen","floor":18.0,"turns":4.0},{"damage":0.0,"enemies":"3 Byrds","floor":20.0,"turns":1.0},{"damage":17.0,"enemies":"Snake Plant","floor":24.0,"turns":3.0},{"damage":10.0,"enemies":"3 Cultists","floor":27.0,"turns":3.0},{"damage":0,"enemies":"Book of Stabbing","floor":28,"turns":1}],"seed_played":"-9166621173883969588","potions_obtained":[{"floor":3.0,"key":"ColorlessPotion"},{"floor":4.0,"key":"Dexterity Potion"},{"floor":11.0,"key":"EntropicBrew"},{"floor":12.0,"key":"Explosive Potion"},{"floor":27.0,"key":"Energy Potion"}],"is_trial":false,"path_per_floor":["M","?","M","M","M","E","M","T","T","E","M","E","R","?","R","B",null,"M","?","M","$","?","R","M","R","T","M","E"],"character_chosen":"WATCHER","items_purchased":["Frozen Egg 2"],"campfire_rested":2,"item_purchase_floors":[21],"current_hp_per_floor":[60,60,56,55,50,34,31,31,31,9,9,8,26,26,26,18,51,46,29,29,29,29,49,32,32,32,22,22,22],"gold":131,"neow_bonus":"THREE_RARE_CARDS","is_daily":false,"chose_seed":false,"campfire_upgraded":2,"win_rate":0.0,"timestamp":1608611184,"path_taken":["M","?","M","M","M","E","M","?","T","E","M","E","R","?","R","BOSS","M","?","M","$","?","R","M","R","T","?","E"],"items_purchased_type":["Relic"],"build_version":"2020-12-13","purchased_purges":1,"victory":false,"max_hp_per_floor":[62,62,62,62,62,62,62,62,62,62,62,62,62,62,62,62,62,62,67,67,67,67,67,67,67,67,67,67,67],"relic_stats":{"Nunchaku":[3],"counters":[15,53],"CeramicFish":9,"Pen Nib":[4],"Whetstone":["Strike_P","CutThroughFate"],"obtain_stats":[{"Potion Belt":8,"Nunchaku":12,"CeramicFish":26,"Pen Nib":10,"Whetstone":6,"PureWater":0,"Frozen Egg 2":21,"Empty Cage":17},{"Potion Belt":6,"Nunchaku":9,"CeramicFish":13,"Pen Nib":7,"Whetstone":5,"PureWater":0,"Frozen Egg 2":12,"Empty Cage":10},{"Potion Belt":24,"Nunchaku":36,"CeramicFish":50,"Pen Nib":31,"Whetstone":18,"PureWater":0,"Frozen Egg 2":47,"Empty Cage":42}]},"card_choices":[{"not_picked":["Establishment","Blasphemy"],"picked":"DevaForm","floor":0.0},{"not_picked":["Evaluate","Meditate","CarveReality"],"picked":"SKIP","floor":1.0},{"not_picked":["ClearTheMind","ThirdEye"],"picked":"CutThroughFate","floor":3.0},{"not_picked":["LikeWater","Prostrate","Consecrate"],"picked":"SKIP","floor":4.0},{"not_picked":["EmptyBody","JustLucky"],"picked":"Indignation","floor":5.0},{"not_picked":["CutThroughFate","EmptyBody"],"picked":"BowlingBash","floor":6.0},{"not_picked":["BowlingBash","ThirdEye","Swivel"],"picked":"SKIP","floor":7.0},{"not_picked":["Conclude","BowlingBash"],"picked":"WheelKick","floor":10.0},{"not_picked":["CutThroughFate","FlurryOfBlows","FlyingSleeves"],"picked":"SKIP","floor":11.0},{"not_picked":["Prostrate","Swivel"],"picked":"Adaptation","floor":12.0},{"not_picked":["Judgement","Alpha"],"picked":"Scrawl","floor":16.0},{"not_picked":["Vengeance","PathToVictory"],"picked":"TalkToTheHand","floor":18.0},{"not_picked":["Crescendo","Consecrate","Evaluate"],"picked":"SKIP","floor":24.0},{"not_picked":["WheelKick","SashWhip+1"],"picked":"LessonLearned","floor":27.0}],"player_experience":210219,"relics_obtained":[{"floor":6.0,"key":"Whetstone"},{"floor":8.0,"key":"Potion Belt"},{"floor":10.0,"key":"Pen Nib"},{"floor":12.0,"key":"Nunchaku"},{"floor":26.0,"key":"CeramicFish"}],"event_choices":[{"damage_healed":0.0,"max_hp_gain":0.0,"max_hp_loss":0.0,"gold_gain":0.0,"event_name":"Living Wall","player_choice":"Grow","floor":2.0,"gold_loss":0.0,"damage_taken":0.0,"cards_upgraded":["Eruption"]},{"damage_healed":0.0,"max_hp_gain":0.0,"max_hp_loss":0.0,"gold_gain":0.0,"event_name":"Liars Game","player_choice":"Ignored","floor":14.0,"gold_loss":0.0,"damage_taken":0.0},{"damage_healed":0.0,"max_hp_gain":5.0,"max_hp_loss":0.0,"gold_gain":0.0,"event_name":"Forgotten Altar","player_choice":"Shed Blood","floor":19.0,"gold_loss":0.0,"damage_taken":22.0},{"damage_healed":0.0,"max_hp_gain":0.0,"max_hp_loss":0.0,"gold_gain":0.0,"cards_transformed":["Strike_P"],"event_name":"Transmorgrifier","player_choice":"Transformed","floor":22.0,"gold_loss":0.0,"damage_taken":0.0,"cards_obtained":["Tantrum"]}],"is_beta":false,"boss_relics":[{"not_picked":["Snecko Eye","Fusion Hammer"],"picked":"Empty Cage"}],"items_purged_floors":[21],"is_endless":false,"potions_floor_spawned":[3,4,5,11,12,27],"killed_by":"Book of Stabbing","ascension_level":20}}