{"host":"8fjsnt81u6xsmhji","time":1608649318,"event":{"mods":["BaseMod","Colored Powertips","Downfall","Glutton Mod","Hermit","Minty Spire (QoL Compilation)","Quick Restart","Somnambulant","StSLib","The Blackbeard","The Bug Knight","The Construct","The Forsaken","The Hierophant","The Mystic"],"gold_per_floor":[99,115,126,426,426,453,527,527,541,576,576,610,610,645,662,702,702],"floor_reached":16,"playtime":729,"items_purged":[],"score":151,"play_id":"55e9dc81-0d03-439a-8fd4-26a62e7002a0","local_time":"20201222090158","is_ascension_mode":true,"campfire_choices":[{"floor":1.0,"key":"REST"},{"floor":8.0,"key":"REST"},{"floor":11.0,"key":"REST"},{"floor":13.0,"key":"REST"}],"circlet_count":0,"master_deck":["Glutton:Strike","Glutton:Strike","Glutton:Strike","Glutton:Strike","Glutton:Strike","Glutton:Strike","Glutton:Defend","Glutton:Defend","Glutton:Defend","Glutton:Flail","Glutton:Revivification","Glutton:Feast","Slimebound:Icky","Glutton:Devour","Glutton:Inversion","Glutton:Thrombosis","Glutton:Loot","Glutton:Hoard","Glutton:GuardStance"],"relics":["Glutton:EternalHunger","StoneCalendar","Vajra","Darkstone Periapt","HollowMod:PaleOreRelic","Eternal Feather"],"acts_visited":["Exordium"],"potions_floor_usage":[16],"damage_taken":[{"damage":7.0,"enemies":"Cultist","floor":2.0,"turns":3.0},{"damage":10.0,"enemies":"2 Louse","floor":3.0,"turns":2.0},{"damage":56.0,"enemies":"Gremlin Nob","floor":6.0,"turns":5.0},{"damage":15.0,"enemies":"Jaw Worm","floor":9.0,"turns":5.0},{"damage":42.0,"enemies":"3 Sentries","floor":10.0,"turns":7.0},{"damage":46.0,"enemies":"Gremlin Nob","floor":12.0,"turns":5.0},{"damage":12,"enemies":"Lots of Slimes","floor":14,"turns":4},{"damage":29,"enemies":"Blue Slaver","floor":15,"turns":6},{"damage":99,"enemies":"downfall:Silent","floor":16,"turns":12}],"seed_played":"-8018574189568257743","potions_obtained":[{"floor":2.0,"key":"EntropicBrew"},{"floor":9.0,"key":"Fire Potion"},{"floor":14,"key":"LiquidMemories"}],"is_trial":false,"path_per_floor":["R","M","M","?","?","E","T","R","M","E","R","E","R","M","M","B"],"character_chosen":"GLUTTON","items_purchased":[],"campfire_rested":4,"item_purchase_floors":[],"current_hp_per_floor":[120,113,103,103,103,51,51,87,75,36,74,36,83,86,73,0,0],"gold":702,"neow_bonus":"ONE_RARE_RELIC","is_daily":false,"chose_seed":false,"campfire_upgraded":0,"win_rate":0.0,"timestamp":1608649318,"path_taken":["R","M","?","?","?","E","T","R","M","E","R","E","R","M","M","BOSS"],"items_purchased_type":[],"build_version":"2020-12-13","purchased_purges":0,"victory":false,"max_hp_per_floor":[120,120,120,120,120,123,123,123,126,129,129,129,129,138,141,141,141],"card_choices":[{"not_picked":["Glutton:Salivate","Glutton:FeebleKick"],"picked":"Glutton:Revivification","floor":2.0},{"not_picked":["Glutton:KneeJerk","Glutton:Migraine"],"picked":"Glutton:Feast","floor":3.0},{"not_picked":["Glutton:DecrepitStrike","Glutton:GnawingHunger"],"picked":"Glutton:Devour","floor":6.0},{"not_picked":["Glutton:Autotomy","Glutton:BloodyKnuckle"],"picked":"Glutton:Inversion","floor":9.0},{"not_picked":["Glutton:LashOut","Glutton:Chrysosphagy"],"picked":"Glutton:Thrombosis","floor":10.0},{"not_picked":["Glutton:ObsessiveGreed","Glutton:ShareWeakness"],"picked":"Glutton:Loot","floor":12.0},{"not_picked":["Glutton:ToxicResidue","Glutton:Migraine"],"picked":"Glutton:Hoard","floor":14},{"not_picked":["Glutton:Salivate","Glutton:Treat"],"picked":"Glutton:GuardStance","floor":15}],"player_experience":666135,"relics_obtained":[{"floor":6.0,"key":"Vajra"},{"floor":7.0,"key":"Darkstone Periapt"},{"floor":10.0,"key":"HollowMod:PaleOreRelic"},{"floor":12.0,"key":"Eternal Feather"}],"event_choices":[{"cards_removed":["Slimebound:Icky"],"damage_healed":0.0,"max_hp_gain":0.0,"max_hp_loss":0.0,"gold_gain":0.0,"event_name":"The Cleric","player_choice":"Card Removal","floor":5.0,"gold_loss":0.0,"damage_taken":0.0}],"is_beta":false,"boss_relics":[],"items_purged_floors":[],"is_endless":false,"potions_floor_spawned":[2,9,14,15],"killed_by":"downfall:Silent","ascension_level":1}}