{"host":"373g0ui1bgeshz9m","time":1608660478,"event":{"mods":["Act Like it!","Aspiration","BaseMod","Beaked The Cultist","Better Third Choice","Colored Map","Conspire","Downfall","Halation","Hermit","Hubris","Infinite Spire","Jorbs\u0027s Wanderer Trilogy","Minty Spire (QoL Compilation)","Pale of the Ancients","Permanent Neow","Quick Restart","Replay The Spire","Shade Mod","Shop Mod","Spikes Relics","StSLib","The Animator","The Bladedancer","The Bug Knight","The Construct","The Cursed","The Factory","The Florist","The Judge","The Jungle","The Necromancer","The Sage","The Wild Card","Trackpad","vexMod"],"gold_per_floor":[110,110,120,120,136,136,171,185,185,185,168,200,300,317,317,414,414,427,427,442,28,28,28,62,62,86,86,86,115,115,139,139,235,235,255,255,255,292,292,341,373,373,373,430,430,430,472,515,528,82,82,82,101,123,123,48,48,48,48,96,96,96,96],"floor_reached":62,"playtime":47433,"items_purged":["Doubt"],"score":1127,"play_id":"3c1aaa71-7476-4eb2-93ef-5bd72b3d7351","local_time":"20201222130758","is_ascension_mode":true,"campfire_choices":[{"data":"Siphon_Strength","floor":6,"key":"SMITH"},{"data":"Spectral_Armor","floor":10,"key":"SMITH"},{"data":"Acid_Javelin","floor":15,"key":"SMITH"},{"data":"Siphon_Strength","floor":23,"key":"SMITH"},{"data":"Negative_Energy_Sphere","floor":25,"key":"SMITH"},{"data":"hubris:InfiniteBlow","floor":28,"key":"SMITH"},{"data":"hubris:InfiniteBlow+1","floor":32,"key":"SMITH"},{"floor":42,"key":"REST"},{"data":"Summon_Vampire_Lady","floor":51,"key":"SMITH"},{"data":"hubris:InfiniteBlow+2","floor":57,"key":"SMITH"},{"data":"hubris:InfiniteBlow+3","floor":59,"key":"SMITH"}],"circlet_count":0,"master_deck":["Strike_W","Strike_W","Strike_W","Strike_W","Defend_W","Defend_W","Defend_W","Defend_W+1","Negative_Energy_Arrows","Bone_Wall","RefreshScreen+1","Vampiric_Strike","Siphon_Strength+1","Spectral_Armor+1","Vampiric_Strike","Negative_Energy_Sphere+1","Acid_Javelin+1","Requiem+1","Negative_Energy_Mist+1","Bone_Prison+1","Chrysalis","Siphon_Strength+1","Negative_Energy_Javelin+1","hubris:InfiniteBlow+4","Summon_Death_Knight","Summon_Vampire_Lady+1","Negative_Energy_Shield","Siphon_Strength+1","Siphon_Strength","Life_Drain+1","Blood_Curse+1","Siphon_Strength+1","Shackles_Of_Pain","Grasp_Heart","Necrotic_Claws+1"],"relics":["Vampire_Amulet","trackpad:Compendium","infinitespire:BottledMercury","CaptainsWheel","aspiration:StickyExplosives_weak","trackpad:SappingStone","Philosopher\u0027s Stone","ClockworkSouvenir","ReplayTheSpireMod:TigerMarble","SnailShell","hubris:GlazedTorus","Gambling Chip","infinitespire:EvilPickle","halation:VictoryRuler","Garlic","Vajra","Question Card","hubris:Potato","paleoftheancients:Timepiece","paleoftheancients:KeyRelic","Bronze Scales","CultistMask","paleoftheancients:SoulOfTheShapes","Ring of Searing","Ring of Fangs","hubris:TenFootPole"],"acts_visited":["Exordium","TheCity","TheBeyond","paleoftheancients:PaleOfTheAncients"],"potions_floor_usage":[53,54,58],"damage_taken":[{"damage":1,"enemies":"Cultist","floor":1,"turns":3},{"damage":0,"enemies":"Small Slimes","floor":3,"turns":2},{"damage":5,"enemies":"Jaw Worm","floor":5,"turns":4},{"damage":18,"enemies":"Lagavulin","floor":7,"turns":6},{"damage":0,"enemies":"Exordium Wildlife","floor":8,"turns":4},{"damage":11,"enemies":"Exordium Thugs","floor":11,"turns":4},{"damage":0,"enemies":"Gremlin Nob","floor":12,"turns":4},{"damage":0,"enemies":"Lots of Slimes","floor":14,"turns":4},{"damage":24,"enemies":"Fading Forest","floor":16,"turns":11},{"damage":0,"enemies":"Chosen","floor":18,"turns":4},{"damage":8,"enemies":"Shell Parasite","floor":20,"turns":6},{"damage":9,"enemies":"Book of Stabbing","floor":24,"turns":7},{"damage":6,"enemies":"Slavers","floor":29,"turns":4},{"damage":3,"enemies":"Pondfish","floor":33,"turns":7},{"damage":2,"enemies":"3 Shapes","floor":35,"turns":6},{"damage":11,"enemies":"Orb Walker","floor":38,"turns":3},{"damage":60,"enemies":"Giant Head","floor":40,"turns":10},{"damage":1,"enemies":"4 Shapes","floor":41,"turns":5},{"damage":1,"enemies":"Reptomancer","floor":44,"turns":5},{"damage":1,"enemies":"Maw","floor":47,"turns":7},{"damage":0,"enemies":"Jaw Worm Horde","floor":48,"turns":6},{"damage":3,"enemies":"4 Shapes","floor":49,"turns":3},{"damage":18,"enemies":"Time Eater","floor":52,"turns":11},{"damage":71,"enemies":"Time Eater","floor":53,"turns":9},{"damage":8,"enemies":"Time Eater","floor":54,"turns":7},{"damage":86,"enemies":"Time Eater","floor":58,"turns":6},{"damage":105,"enemies":"paleoftheancients:N","floor":62,"turns":9}],"seed_played":"3459711404425397663","potions_obtained":[{"floor":1,"key":"SteroidPotion"},{"floor":5,"key":"DuplicationPotion"},{"floor":12,"key":"construct:ShiftPotion"},{"floor":53,"key":"Block Potion"},{"floor":54,"key":"AttackPotion"}],"is_trial":false,"path_per_floor":["M","?","M","?","M","R","E","M","T","R","M","E","?","M","R","B",null,"M","?","M","$","?","R","E","R","T","AVR","R","E","?","T","R","B",null,"M","?","AVR","M","?","E","M","R","T","E","PTL","PTL","M","M","M","$","R","B","M","M","?","$","R","M","R","T","?","B"],"character_chosen":"NECROMANCER","items_purchased":["ClockworkSouvenir","Chrysalis","Siphon_Strength","hubris:Potato","Grasp_Heart"],"campfire_rested":1,"item_purchase_floors":[21,21,21,50,50],"current_hp_per_floor":[75,63,67,67,64,64,50,56,56,56,50,56,56,69,69,71,75,75,75,72,72,72,72,71,71,71,71,71,71,75,75,75,75,75,74,74,74,67,67,10,17,39,39,59,59,59,75,75,75,75,75,75,48,73,73,73,73,75,75,75,75,0,0],"gold":96,"neow_bonus":"RANDOM_COMMON_RELIC","is_daily":false,"chose_seed":false,"campfire_upgraded":10,"win_rate":0.0,"timestamp":1608660478,"path_taken":["M","?","M","?","?","R","E","M","T","R","M","E","?","M","R","BOSS","M","?","?","$","?","R","E","R","T","AVR","R","E","?","?","R","BOSS","M","?","AVR","M","?","E","?","R","T","E","PTL","PTL","M","?","M","$","R","BOSS","M","M","?","$","R","M","R","T","?","BOSS"],"items_purchased_type":["Relic","Card","Card","Relic","Card"],"build_version":"2020-12-13","purchased_purges":1,"victory":false,"max_hp_per_floor":[75,75,75,75,75,75,75,75,75,75,75,75,75,75,75,75,75,75,75,75,75,75,75,75,75,75,75,75,75,75,75,75,75,75,75,75,75,75,75,75,75,75,75,75,75,75,75,75,75,75,75,75,75,75,75,75,75,75,75,75,75,75,75],"card_choices":[{"not_picked":["Bones_to_Steel","Exploit","Bone_Armor"],"picked":"SKIP","floor":1},{"not_picked":["Corrupt","Finger_Of_Death"],"picked":"Vampiric_Strike","floor":3},{"not_picked":["Vampiric_Strike","Necromantic_Selection"],"picked":"Siphon_Strength","floor":5},{"not_picked":["Bone_Shift","Negative_Energy_Mist"],"picked":"Spectral_Armor","floor":7},{"not_picked":["Deaths_Shadow","Bones_to_Steel","Bone_Armor"],"picked":"SKIP","floor":8},{"not_picked":["Blood_Wake","Negative_Energy_Sphere"],"picked":"Vampiric_Strike","floor":11},{"not_picked":["Chill_Blood","Bone_Armor"],"picked":"Negative_Energy_Sphere","floor":12},{"not_picked":["Blood_Curse","Toxic_Smoke_Screen"],"picked":"Acid_Javelin","floor":14},{"not_picked":["Cloudkill","Detonate_Bones"],"picked":"Requiem","floor":16},{"not_picked":["Finger_Of_Death","Blood_for_Blood+1"],"picked":"Negative_Energy_Mist+1","floor":18},{"not_picked":["Blood_Curse","Toxic_Smoke_Screen"],"picked":"Bone_Prison+1","floor":20},{"not_picked":["Life_Drain+1","Negative_Energy_Mist"],"picked":"Negative_Energy_Javelin+1","floor":24},{"not_picked":["Negative_Energy_Mist","Bone_Armory"],"picked":"Summon_Death_Knight","floor":29},{"not_picked":["Blood_Wake","Requiem"],"picked":"Summon_Vampire_Lady","floor":33},{"not_picked":["Bone_Shift","Death_Knell+1","Deaths_Shadow+1"],"picked":"SKIP","floor":35},{"not_picked":["Exploit+1","Summon_Undead_Army"],"picked":"Negative_Energy_Shield","floor":38},{"not_picked":["Deaths_Shadow","Summon_Undead","Life_Tap+1"],"picked":"SKIP","floor":40},{"not_picked":["Bone_Armor","Blood_Whip"],"picked":"Siphon_Strength","floor":41},{"not_picked":["Life_Tap+1","Bone_Armory"],"picked":"Life_Drain+1","floor":44},{"not_picked":["Consume_Illness","Whirlwind_of_Bones+1","Toxic_Smoke_Screen+1"],"picked":"Blood_Curse+1","floor":47},{"not_picked":["Chill_Blood+1","Consume_Illness+1","Negative_Energy_Javelin"],"picked":"Siphon_Strength+1","floor":48},{"not_picked":["Bone_Shift","Bone_Bullets","Death_Knell"],"picked":"Shackles_Of_Pain","floor":49},{"not_picked":["Blood_Shield+1","Vampiric_Strike","Strike_from_Beyond","Bone_Bullets"],"picked":"SKIP","floor":53},{"not_picked":["Death_Coil","Epidemic","Negative_Energy_Shield"],"picked":"Necrotic_Claws+1","floor":54}],"player_experience":255377,"relics_obtained":[{"floor":7,"key":"CaptainsWheel"},{"floor":9,"key":"aspiration:StickyExplosives_weak"},{"floor":12,"key":"trackpad:SappingStone"},{"floor":24,"key":"ReplayTheSpireMod:TigerMarble"},{"floor":26,"key":"SnailShell"},{"floor":29,"key":"Gambling Chip"},{"floor":40,"key":"Garlic"},{"floor":43,"key":"Vajra"},{"floor":44,"key":"Question Card"},{"floor":53,"key":"paleoftheancients:SoulOfTheShapes"},{"floor":55,"key":"Ring of Searing"},{"floor":55,"key":"Ring of Fangs"},{"floor":60,"key":"hubris:TenFootPole"}],"event_choices":[{"damage_healed":0,"gold_gain":100,"player_choice":"Pray","damage_taken":0,"max_hp_gain":0,"max_hp_loss":0,"event_name":"Golden Shrine","floor":13,"gold_loss":0},{"damage_healed":0,"gold_gain":0,"player_choice":"Forge","damage_taken":0,"max_hp_gain":0,"max_hp_loss":0,"event_name":"Accursed Blacksmith","floor":19,"gold_loss":0,"cards_upgraded":["Requiem"]},{"damage_healed":0,"gold_gain":0,"player_choice":"Leave","damage_taken":0,"max_hp_gain":0,"max_hp_loss":0,"event_name":"conspire:Investor","floor":22,"gold_loss":0},{"damage_healed":0,"gold_gain":0,"player_choice":"Copied","damage_taken":0,"max_hp_gain":0,"max_hp_loss":0,"event_name":"Duplicator","floor":39,"gold_loss":0,"cards_obtained":["Siphon_Strength"]}],"is_beta":false,"boss_relics":[{"not_picked":["halation:HeavySnake","hubris:VirtuousBlindfold"],"picked":"Philosopher\u0027s Stone"},{"not_picked":["hubris:CrackedHourglass","sagemod:Falmels_Amulet","halation:PinkAlligatorPlush"]}],"items_purged_floors":[56],"is_endless":false,"potions_floor_spawned":[1,5,12,16,29,33,35,41,48,53,54],"killed_by":"paleoftheancients:N","ascension_level":1}}