{"host":"rwzz6mk6bpmb57ql","time":1608607288,"event":{"mods":["AchievementEnabler","BaseMod","BetterRewards","Colored Map","Highlight Path","Hubris","Minty Spire (QoL Compilation)","Replay The Spire","StSLib"],"gold_per_floor":[5612,4992,5006,5019,5019,5019,5031,5061,5088,5100,5100,5125,5142,5167,5167,5266,5266,5285,5285,5384,5309,5323,5323,5348,5348,5348,5348,5348,4855,4884,4894,4894,4921,4921,5025,5025,5041,5061,5073,4391,4391,4391,4423,4423,4423,4423,4433,4433,4433,4447,4057,3614,3614,3614,3614,3614,3046,3072,3072],"floor_reached":60,"playtime":2405,"items_purged":["Defend_R","Defend_R"],"score":1908,"play_id":"27e5023a-e550-4bd7-87f2-c2a3e9b301f1","local_time":"20201221212128","is_ascension_mode":true,"campfire_choices":[{"data":"True Grit","floor":6,"key":"SMITH"},{"floor":11,"key":"RECALL"},{"data":"Perfected Strike","floor":15,"key":"SMITH"},{"data":"Perfected Strike","floor":23,"key":"SMITH"},{"data":"Brutality","floor":27,"key":"SMITH"},{"data":"ReplayTheSpireMod:LeadingStrike","floor":42,"key":"SMITH"},{"floor":46,"key":"DIG"},{"floor":53,"key":"REST"},{"data":"Offering","floor":56,"key":"SMITH"}],"circlet_count":0,"master_deck":["Strike_R+1","Strike_R+1","Strike_R+2","Strike_R+2","Strike_R+1","Bash","Perfected Strike+1","Inflame","Offering+1","True Grit+1","ReplayTheSpireMod:LeadingStrike+1","Pommel Strike","Metallicize","ReplayTheSpireMod:LeadingStrike","Twin Strike","Brutality+1","Perfected Strike+1","Replay:Many Hands","Pommel Strike+1","Twin Strike","hubris:StunningStrike","ReplayTheSpireMod:Strike From Hell+1","Madness+1","True Grit+1","Wild Strike+1","PanicButton+1","Defy Death+1"],"relics":["Black Blood","Replay:Rubber Ducky","hubris:ToyBattleship","Orrery","Bag of Preparation","hubris:BundleOfHerbs","Anchor","Replay:Bottled Snecko","hubris:PeanutButter","Toxic Egg 2","Whetstone","Mirror","Toy Ornithopter","MutagenicStrength","hubris:ScarierMask","Strange Spoon","Shovel","Meat on the Bone","Molten Egg 2","Replay:Bottled Steam","Gremlin Horn","Simple Rune","hubris:MysteriousPyramids","hubris:ChampionShield","Medical Kit","ReplayFunnel","ClockworkSouvenir","Strawberry"],"acts_visited":["Exordium","TheCity","TheBeyond","TheEnding"],"potions_floor_usage":[8,16,16,16,18,18,22,24,31,43,43,43,47,59,59,59],"damage_taken":[{"damage":9,"enemies":"Jaw Worm","floor":1,"turns":4},{"damage":0,"enemies":"Cultist","floor":3,"turns":2},{"damage":8,"enemies":"2 Louse","floor":4,"turns":2},{"damage":6,"enemies":"Blue Slaver","floor":7,"turns":1},{"damage":33,"enemies":"Lagavulin","floor":8,"turns":5},{"damage":10,"enemies":"Exordium Thugs","floor":10,"turns":3},{"damage":0,"enemies":"2 Fungi Beasts","floor":13,"turns":3},{"damage":28,"enemies":"3 Sentries","floor":14,"turns":5},{"damage":77,"enemies":"Hexaghost","floor":16,"turns":6},{"damage":51,"enemies":"3 Byrds","floor":18,"turns":6},{"damage":2,"enemies":"Chosen","floor":22,"turns":3},{"damage":43,"enemies":"Book of Stabbing","floor":24,"turns":4},{"damage":14,"enemies":"Slavers","floor":30,"turns":4},{"damage":12,"enemies":"Centurion and Healer","floor":31,"turns":3},{"damage":55,"enemies":"Gremlin Leader","floor":33,"turns":4},{"damage":78,"enemies":"hubris:MusketHawk","floor":35,"turns":9},{"damage":1,"enemies":"3 Darklings","floor":37,"turns":2},{"damage":28,"enemies":"3 Shapes","floor":38,"turns":4},{"damage":0,"enemies":"Jaw Worm Horde","floor":39,"turns":3},{"damage":72,"enemies":"Reptomancer","floor":43,"turns":5},{"damage":9,"enemies":"4 Shapes","floor":47,"turns":2},{"damage":24,"enemies":"Maw","floor":50,"turns":5},{"damage":62,"enemies":"hubris:GrandSnecko","floor":54,"turns":10},{"damage":0,"enemies":"Shield and Spear","floor":58,"turns":2},{"damage":160,"enemies":"The Heart","floor":59,"turns":7}],"seed_played":"6873438160956450869","potions_obtained":[{"floor":1,"key":"BloodPotion"},{"floor":4,"key":"Fire Potion"},{"floor":14,"key":"BloodPotion"},{"floor":16,"key":"EntropicBrew"},{"floor":22,"key":"FearPotion"},{"floor":30,"key":"BlessingOfTheForge"},{"floor":35,"key":"EssenceOfSteel"},{"floor":38,"key":"Languid Potion"},{"floor":39,"key":"Reflective Coating"},{"floor":43,"key":"AttackPotion"}],"is_trial":false,"path_per_floor":["M","$","M","M","?","R","M","E","T","M","R","?","M","E","R","B",null,"M","?","?","?","M","R","E","PTL","PTL","R","T","$","E","M","?","E","R_BF","B",null,"M","M","M","$","?","R","E","?","T","R","M","PTL","PTL","M","$","$","R","B",null,"R","$","E","B",null],"character_chosen":"IRONCLAD","items_purchased":["Replay:Rubber Ducky","hubris:ToyBattleship","Orrery","Metallicize","ReplayTheSpireMod:LeadingStrike","Toxic Egg 2","Whetstone","Strange Spoon","Shovel","Meat on the Bone","Simple Rune","hubris:MysteriousPyramids","Wild Strike+1","hubris:ChampionShield","Medical Kit","PanicButton+1","Defy Death+1","ReplayFunnel","ClockworkSouvenir","Strawberry","PowerPotion"],"campfire_rested":1,"item_purchase_floors":[2,2,2,2,2,29,29,40,40,40,51,51,52,52,52,52,57,57,57,57,57],"current_hp_per_floor":[129,129,135,133,133,133,133,106,106,102,102,67,78,62,62,47,117,78,48,48,48,58,58,142,142,142,142,142,142,144,144,144,101,101,35,118,129,113,125,125,125,125,92,92,92,92,100,100,100,88,88,88,131,102,134,134,141,152,104],"gold":3072,"neow_bonus":"THREE_CARDS","is_daily":false,"chose_seed":false,"campfire_upgraded":6,"win_rate":0.0,"timestamp":1608607288,"path_taken":["M","$","M","M","?","R","?","E","T","M","R","?","M","E","R","BOSS","M","?","?","?","M","R","E","PTL","PTL","R","T","$","E","M","?","E","R_BF","BOSS","M","M","M","$","?","R","E","?","T","R","M","PTL","PTL","M","?","$","R","BOSS","R","$","E","BOSS"],"items_purchased_type":["Relic","Relic","Relic","Card","Card","Relic","Relic","Relic","Relic","Relic","Relic","Relic","Card","Relic","Relic","Card","Card","Relic","Relic","Relic","Potion"],"build_version":"2020-12-13","purchased_purges":2,"victory":true,"max_hp_per_floor":[140,140,140,140,140,140,140,140,140,140,140,140,140,140,140,140,140,140,145,145,145,145,145,145,145,145,145,145,145,145,145,145,145,145,145,145,145,145,145,145,145,145,145,145,145,145,145,145,145,145,145,145,145,145,145,145,152,152,152],"card_choices":[{"not_picked":["Thunderclap","Clothesline"],"picked":"Perfected Strike","floor":0},{"not_picked":["Searing Blow","Headbutt"],"picked":"Inflame","floor":1},{"not_picked":["Thunderclap","Clothesline"],"picked":"Offering","floor":2},{"not_picked":["Twin Strike","Heavy Blade"],"picked":"True Grit","floor":2},{"not_picked":["hubris:ReadiedAction","Twin Strike"],"picked":"ReplayTheSpireMod:LeadingStrike","floor":2},{"not_picked":["Havoc","Anger"],"picked":"Pommel Strike","floor":2},{"not_picked":["Headbutt","ReplayTheSpireMod:Stacked","Run Through"],"picked":"SKIP","floor":3},{"not_picked":["Flex","Armaments","Ghostly Armor"],"picked":"SKIP","floor":4},{"not_picked":["Shrug It Off","Clash"],"picked":"Twin Strike","floor":7},{"not_picked":["ReplayReversal","Armaments","Impervious"],"picked":"SKIP","floor":8},{"not_picked":["Warcry","Body Slam","Intimidate"],"picked":"SKIP","floor":10},{"not_picked":["Warcry","True Grit"],"picked":"Brutality","floor":13},{"not_picked":["Dark Embrace","Headbutt"],"picked":"Perfected Strike","floor":14},{"not_picked":["Exhume","Limit Break"],"picked":"Replay:Many Hands","floor":16},{"not_picked":["Disarm+1","Cleave","Dropkick"],"picked":"SKIP","floor":18},{"not_picked":["Clothesline","Massacre","hubris:SharpeningStone+1"],"picked":"SKIP","floor":22},{"not_picked":["Rage","Sever Soul+1","Whirlwind"],"picked":"SKIP","floor":24},{"not_picked":["True Grit+1","Seeing Red+1"],"picked":"Pommel Strike+1","floor":30},{"not_picked":["ReplayTheSpireMod:Stacked+1","Flame Barrier+1"],"picked":"Twin Strike","floor":31},{"not_picked":["Cleave","hubris:SharpeningStone+1"],"picked":"hubris:StunningStrike","floor":33},{"not_picked":["Sword Boomerang+1","Disarm+1","Wild Strike+1"],"picked":"SKIP","floor":37},{"not_picked":["Body Slam+1","Sword Boomerang+1","Havoc+1"],"picked":"SKIP","floor":38},{"not_picked":["Metallicize+1","Anger"],"picked":"ReplayTheSpireMod:Strike From Hell+1","floor":39},{"not_picked":["Crow Ritual","Replay:Bootleg Shield Generator+1"],"picked":"Madness+1","floor":41},{"not_picked":["Run Through+1","Wild Strike+1","Replay:Undeath\u0027s Touch+1"],"picked":"SKIP","floor":43},{"not_picked":["Combust+1","Sentinel+1","ReplayReversal+1"],"picked":"SKIP","floor":47},{"not_picked":["Spot Weakness+1","Bloodletting+1"],"picked":"True Grit+1","floor":50},{"not_picked":["Heavy Blade+1","Flex+1","True Grit+1"],"picked":"SKIP","floor":58}],"player_experience":67477,"relics_obtained":[{"floor":8,"key":"Bag of Preparation"},{"floor":12,"key":"hubris:BundleOfHerbs"},{"floor":14,"key":"Anchor"},{"floor":24,"key":"Replay:Bottled Snecko"},{"floor":28,"key":"hubris:PeanutButter"},{"floor":30,"key":"Mirror"},{"floor":33,"key":"Toy Ornithopter"},{"floor":43,"key":"Molten Egg 2"},{"floor":45,"key":"Replay:Bottled Steam"},{"floor":46,"key":"Gremlin Horn"}],"event_choices":[{"cards_removed":["Defend_R"],"damage_healed":0,"gold_gain":0,"player_choice":"Offered Basic","damage_taken":0,"max_hp_gain":0,"max_hp_loss":0,"event_name":"Bonfire Elementals","floor":5,"gold_loss":0},{"damage_healed":0,"gold_gain":0,"player_choice":"Shed Blood","damage_taken":35,"max_hp_gain":5,"max_hp_loss":0,"event_name":"Forgotten Altar","floor":19,"gold_loss":0},{"damage_healed":0,"gold_gain":99,"player_choice":"Stole From Cult","damage_taken":0,"max_hp_gain":0,"max_hp_loss":0,"event_name":"Nest","floor":20,"gold_loss":0},{"cards_removed":["Defend_R"],"damage_healed":0,"gold_gain":0,"player_choice":"Gave Gold","damage_taken":0,"max_hp_gain":0,"max_hp_loss":0,"event_name":"Beggar","floor":21,"gold_loss":75},{"damage_healed":0,"gold_gain":0,"player_choice":"Simplicity","damage_taken":0,"max_hp_gain":0,"max_hp_loss":0,"event_name":"Back to Basics","floor":32,"gold_loss":0,"cards_upgraded":["Strike_R","Strike_R","Strike_R"]},{"damage_healed":0,"gold_gain":0,"player_choice":"Inject Mutagens","damage_taken":0,"relics_obtained":["MutagenicStrength"],"max_hp_gain":0,"max_hp_loss":0,"event_name":"Drug Dealer","floor":34,"gold_loss":0},{"damage_healed":0,"gold_gain":0,"player_choice":"Memory 1","damage_taken":0,"max_hp_gain":0,"max_hp_loss":0,"event_name":"SensoryStone","floor":41,"gold_loss":0}],"is_beta":false,"boss_relics":[{"not_picked":["Empty Cage","Runic Pyramid"],"picked":"Black Blood"},{"not_picked":["Runic Dome","Sozu"],"picked":"hubris:ScarierMask"}],"items_purged_floors":[2,29],"is_endless":false,"potions_floor_spawned":[1,4,14,16,22,30,35,38,39,43,58],"ascension_level":9}}