{"host":"5dk97cf2ubw2v967","time":1608651031,"event":{"mods":["AlwaysNeverKeys","BaseMod","Better Altar","Better Vampires","Block Reminder","Colored Powertips","Downfall","Googly Eyes","Highlight Path","Minty Spire (QoL Compilation)","Permanent Neow","Potion Indicator Mod","Quick Restart","Relic Filter","Relic Stats","Say the Spire","Spicy Shops","StSLib","Waifu the Spire","everything is the same but u backflip on backflip"],"gold_per_floor":[113,133,133,133,133,133,166,183,183,197,197,222,222,242,242,313,313,313,313,228,56,56,56,56,56,56,56,0,0,0,0],"floor_reached":30,"playtime":1560,"items_purged":[],"score":638,"play_id":"7d58e0a6-812a-4334-b966-9d72b3e84363","local_time":"20201222153031","is_ascension_mode":true,"campfire_choices":[{"floor":6,"key":"REST"},{"floor":13,"key":"RECALL"},{"floor":15,"key":"REST"},{"floor":23,"key":"REST"},{"floor":25,"key":"REST"}],"circlet_count":0,"master_deck":["AscendersBane","Strike_G","Strike_G","Strike_G+1","Strike_G","Defend_G","Defend_G","Defend_G","Defend_G+1","Survivor","Neutralize","Quick Slash","Acrobatics","Tools of the Trade","Eviscerate","Backstab","Quick Slash","Venomology","Reflex","Backstab","Burst","PiercingWail","Escape Plan"],"relics":["Fusion Hammer","Regal Pillow","Eternal Feather","Bottled Flame","InkBottle","Ectoplasm","Strawberry","Medical Kit","Smiling Mask","Juzu Bracelet","Dream Catcher","Pantograph"],"acts_visited":["Exordium","TheCity"],"potions_floor_usage":[7,18,22,22,24,24,27,27,29],"damage_taken":[{"damage":0,"enemies":"2 Louse","floor":1,"turns":4},{"damage":0,"enemies":"Jaw Worm","floor":2,"turns":3},{"damage":0,"enemies":"3 Sentries","floor":7,"turns":11},{"damage":0,"enemies":"Cultist","floor":8,"turns":4},{"damage":0,"enemies":"2 Fungi Beasts","floor":10,"turns":4},{"damage":26,"enemies":"Gremlin Nob","floor":12,"turns":4},{"damage":6,"enemies":"3 Louse","floor":14,"turns":2},{"damage":3,"enemies":"The Guardian","floor":16,"turns":13},{"damage":10,"enemies":"Shell Parasite","floor":18,"turns":4},{"damage":12,"enemies":"Chosen","floor":22,"turns":3},{"damage":35,"enemies":"Slavers","floor":24,"turns":8},{"damage":44,"enemies":"Book of Stabbing","floor":27,"turns":7},{"damage":19,"enemies":"Gremlin Leader","floor":29,"turns":8},{"damage":0,"enemies":"Shelled Parasite and Fungi","floor":30,"turns":1}],"seed_played":"-4910634622375827193","potions_obtained":[{"floor":2,"key":"ColorlessPotion"},{"floor":12,"key":"Explosive Potion"},{"floor":14,"key":"Guardian:BlockOnCardUsePotion"},{"floor":22,"key":"sneckomod:MuddlingPotion"},{"floor":27,"key":"AttackPotion"}],"is_trial":false,"path_per_floor":["M","M","?","?","?","R","E","M","T","M","?","E","R","M","R","B",null,"M","?","?","$","M","R","E","R","T","E","?","E","M"],"character_chosen":"THE_SILENT","items_purchased":["Medical Kit"],"campfire_rested":4,"item_purchase_floors":[21],"current_hp_per_floor":[59,59,39,32,21,55,55,55,55,55,55,29,38,32,66,63,65,55,55,62,62,50,73,38,73,73,29,29,10,10,10],"gold":0,"neow_bonus":"BOSS_RELIC","is_daily":false,"chose_seed":false,"campfire_upgraded":0,"win_rate":0.0,"timestamp":1608651031,"path_taken":["M","M","?","?","?","R","E","?","T","M","?","E","R","M","R","BOSS","M","?","?","$","M","R","E","R","T","E","?","E","M"],"items_purchased_type":["Relic"],"build_version":"2020-12-13","purchased_purges":0,"victory":false,"max_hp_per_floor":[66,66,66,66,66,66,66,66,66,66,66,66,66,66,66,66,66,66,66,73,73,73,73,73,73,73,73,73,73,73,73],"relic_stats":{"Regal Pillow":23,"Dream Catcher":0,"counters":[14,76],"Pantograph":0,"Eternal Feather":42,"Ectoplasm":165,"Juzu Bracelet":0,"Medical Kit":[21],"Smiling Mask":0,"obtain_stats":[{"Regal Pillow":5,"Eternal Feather":7,"Juzu Bracelet":26,"Medical Kit":21,"Smiling Mask":24,"Bottled Flame":9,"Dream Catcher":27,"Strawberry":20,"Pantograph":29,"Fusion Hammer":0,"Ectoplasm":17,"InkBottle":12,"Ring of the Snake":0},{"Regal Pillow":2,"Eternal Feather":3,"Juzu Bracelet":11,"Medical Kit":9,"Smiling Mask":11,"Bottled Flame":4,"Dream Catcher":12,"Strawberry":9,"Pantograph":13,"Fusion Hammer":0,"Ectoplasm":8,"InkBottle":6,"Ring of the Snake":0},{"Regal Pillow":7,"Eternal Feather":18,"Juzu Bracelet":60,"Medical Kit":49,"Smiling Mask":60,"Bottled Flame":22,"Dream Catcher":67,"Strawberry":49,"Pantograph":75,"Fusion Hammer":0,"Ectoplasm":45,"InkBottle":30,"Ring of the Snake":0}],"InkBottle":[24]},"card_choices":[{"not_picked":["Poisoned Stab","Flying Knee"],"picked":"Quick Slash","floor":1},{"not_picked":["Blade Dance","Setup"],"picked":"Acrobatics","floor":2},{"not_picked":["All Out Attack","Poisoned Stab"],"picked":"Tools of the Trade","floor":7},{"not_picked":["Dodge and Roll","Riddle With Holes"],"picked":"Eviscerate","floor":8},{"not_picked":["Backflip","Prepared","PiercingWail"],"picked":"SKIP","floor":10},{"not_picked":["Crippling Poison","Deadly Poison"],"picked":"Backstab","floor":12},{"not_picked":["Deadly Poison","Dagger Throw"],"picked":"Quick Slash","floor":14},{"not_picked":["Burst","After Image"],"picked":"Venomology","floor":16},{"not_picked":["Distraction","Well Laid Plans","Prepared"],"picked":"SKIP","floor":18},{"not_picked":["Cloak And Dagger","Finisher"],"picked":"Backstab","floor":22},{"not_picked":["Setup","PiercingWail"],"picked":"Burst","floor":24},{"not_picked":["Bane","Cloak And Dagger"],"picked":"PiercingWail","floor":27},{"not_picked":["Backflip","Concentrate"],"picked":"Escape Plan","floor":29}],"player_experience":1247932,"relics_obtained":[{"floor":7,"key":"Eternal Feather"},{"floor":9,"key":"Bottled Flame"},{"floor":12,"key":"InkBottle"},{"floor":24,"key":"Smiling Mask"},{"floor":26,"key":"Juzu Bracelet"},{"floor":27,"key":"Dream Catcher"},{"floor":29,"key":"Pantograph"}],"event_choices":[{"damage_healed":0,"gold_gain":0,"player_choice":"Entered Light","damage_taken":20,"max_hp_gain":0,"max_hp_loss":0,"event_name":"Shining Light","floor":3,"gold_loss":0,"cards_upgraded":["Strike_G","Defend_G"]},{"cards_removed":["Strike_G"],"damage_healed":0,"gold_gain":0,"player_choice":"Card Removal","damage_taken":7,"max_hp_gain":0,"max_hp_loss":0,"event_name":"Golden Wing","floor":4,"gold_loss":0},{"damage_healed":0,"gold_gain":0,"player_choice":"Success","damage_taken":11,"relics_obtained":["Regal Pillow"],"max_hp_gain":0,"max_hp_loss":0,"event_name":"Scrap Ooze","floor":5,"gold_loss":0},{"cards_removed":["Defend_G"],"damage_healed":0,"gold_gain":0,"player_choice":"Offered Basic","damage_taken":0,"max_hp_gain":0,"max_hp_loss":0,"event_name":"Bonfire Elementals","floor":11,"gold_loss":0},{"damage_healed":0,"gold_gain":0,"player_choice":"Read","damage_taken":0,"max_hp_gain":0,"max_hp_loss":0,"event_name":"The Library","floor":19,"gold_loss":0,"cards_obtained":["Reflex"]},{"damage_healed":0,"gold_gain":0,"player_choice":"Obtained Relic","damage_taken":0,"relics_obtained":["Strawberry"],"max_hp_gain":0,"max_hp_loss":0,"event_name":"Addict","floor":20,"gold_loss":85},{"damage_healed":0,"gold_gain":0,"player_choice":"Paid Fearfully","damage_taken":0,"max_hp_gain":0,"max_hp_loss":0,"event_name":"Masked Bandits","floor":28,"gold_loss":56}],"is_beta":false,"boss_relics":[{"not_picked":["WristBlade","Runic Dome"],"picked":"Ectoplasm"}],"items_purged_floors":[],"is_endless":false,"potions_floor_spawned":[2,12,14,22,27],"killed_by":"Shelled Parasite and Fungi","ascension_level":20}}