{"host":"uflv0e3ja7hvnij7","time":1608642974,"event":{"mods":["BaseMod","Conspire","Hubris","Minty Spire (QoL Compilation)","Replay The Spire","StSLib","The Bug Knight"],"gold_per_floor":[111,125,52,52,52,80,95,95,95,20,20,39,66,79,79,176,176,162,177,177,177,193,193,193,193,193],"floor_reached":25,"playtime":1122,"items_purged":["Steam Power+1"],"score":248,"play_id":"bd2597ff-d4ef-437d-9561-928ae039b67b","local_time":"20201222081614","is_ascension_mode":true,"campfire_choices":[{"data":"Crystallizer","floor":8,"key":"SMITH"},{"data":"Zap","floor":11,"key":"SMITH"},{"data":"Storm","floor":15,"key":"SMITH"},{"data":"Creative AI","floor":23,"key":"SMITH"},{"data":"Static Discharge","floor":24,"key":"SMITH"}],"circlet_count":0,"master_deck":["Strike_B","Strike_B","Defend_B","Defend_B","Defend_B","Defend_B","Zap+1","Dualcast","Redo","Crystallizer+1","FIFO Queue","Static Discharge+1","Storm+1","Chill","Creative AI+1","Doom and Gloom+1","Mirror Shield","Tempest"],"relics":["Cracked Core","NeowsBlessing","Blue Candle","WingedGreaves","Cables","Painkiller Herb"],"acts_visited":["Exordium","TheCity"],"potions_floor_usage":[13,13,14,19],"damage_taken":[{"damage":0,"enemies":"Cultist","floor":1,"turns":1},{"damage":0,"enemies":"2 Louse","floor":2,"turns":1},{"damage":0,"enemies":"3 Sentries","floor":6,"turns":1},{"damage":0,"enemies":"Small Slimes","floor":7,"turns":3},{"damage":18,"enemies":"3 Louse","floor":12,"turns":3},{"damage":10,"enemies":"Gremlin Nob","floor":13,"turns":4},{"damage":4,"enemies":"Blue Slaver","floor":14,"turns":3},{"damage":46,"enemies":"Hexaghost","floor":16,"turns":8},{"damage":24,"enemies":"2 Thieves","floor":18,"turns":4},{"damage":5,"enemies":"Chosen","floor":19,"turns":4},{"damage":5,"enemies":"Snecko","floor":22,"turns":3},{"damage":56,"enemies":"Gremlin Leader","floor":25,"turns":4}],"seed_played":"7007467859419463813","potions_obtained":[{"floor":6,"key":"Languid Potion"},{"floor":7,"key":"Dexterity Potion"},{"floor":14,"key":"Fruit Juice"},{"floor":16,"key":"BlessingOfTheForge"},{"floor":18,"key":"PowerPotion"}],"is_trial":false,"path_per_floor":["M","M","$","?","?","E","M","R","T","$","R","M","E","M","R","B",null,"?","?","?","?","?","T","T","E"],"character_chosen":"DEFECT","items_purchased":["Crystallizer"],"campfire_rested":0,"item_purchase_floors":[3],"current_hp_per_floor":[75,75,75,80,80,80,80,80,80,80,80,62,52,53,53,7,85,61,56,56,56,51,51,51,0,0],"gold":193,"neow_bonus":"THREE_ENEMY_KILL","is_daily":false,"chose_seed":false,"campfire_upgraded":5,"win_rate":0.0,"timestamp":1608642974,"path_taken":["M","?","$","?","?","E","M","R","T","$","R","M","E","M","R","BOSS","?","?","?","?","?","T","T","E"],"items_purchased_type":["Card"],"build_version":"2020-12-13","purchased_purges":1,"victory":false,"max_hp_per_floor":[75,75,75,80,80,80,80,80,80,80,80,80,80,85,85,85,85,85,85,85,85,85,85,85,85,85],"card_choices":[{"not_picked":["Steam","Go for the Eyes"],"picked":"Redo","floor":1},{"not_picked":["Beam Cell","Chaos"],"picked":"ReplayTheSpireMod:Fabricate Wheel","floor":2},{"not_picked":["Conserve Battery","Redo","Sunder"],"picked":"SKIP","floor":6},{"not_picked":["Genetic Algorithm","BasicCrystalCard"],"picked":"FIFO Queue","floor":7},{"not_picked":["FTL","Rip and Tear"],"picked":"Static Discharge","floor":12},{"not_picked":["ReplaySort","Streamline"],"picked":"Storm","floor":13},{"not_picked":["Melter","Ball Lightning"],"picked":"Chill","floor":14},{"not_picked":["Multi-Cast","hubris:Prefetch"],"picked":"Creative AI","floor":16},{"not_picked":["Turbo","Steam Power+1"],"picked":"Doom and Gloom+1","floor":18},{"not_picked":["ReplayTheSpireMod:Repulse","Go for the Eyes","Compile Driver"],"picked":"SKIP","floor":19},{"not_picked":["ReplaySolidLightProjector","Rebound","BasicCrystalCard"],"picked":"SKIP","floor":22}],"player_experience":272236,"relics_obtained":[{"floor":6,"key":"Blue Candle"},{"floor":9,"key":"WingedGreaves"},{"floor":13,"key":"Cables"}],"event_choices":[{"damage_healed":0,"gold_gain":0,"player_choice":"Donut","damage_taken":0,"max_hp_gain":5,"max_hp_loss":0,"event_name":"Big Fish","floor":4,"gold_loss":0},{"damage_healed":0,"gold_gain":0,"cards_transformed":["Strike_B","Strike_B"],"player_choice":"Became Test Subject","damage_taken":0,"max_hp_gain":0,"max_hp_loss":0,"event_name":"Drug Dealer","floor":21,"gold_loss":0,"cards_obtained":["Mirror Shield","Tempest"]}],"is_beta":false,"boss_relics":[{"not_picked":["Replay:Ancient Bell","Astrolabe"],"picked":"Painkiller Herb"}],"items_purged_floors":[10],"is_endless":false,"potions_floor_spawned":[6,7,14,16,18],"killed_by":"Gremlin Leader","ascension_level":1}}