{"host":"qy6st0zp32tctd9l","time":1608615069,"event":{"mods":["AchievementEnabler","BaseMod","Colored Map","Downfall","Hermit","Marisa£®ÏF”Í°°ƒß¿Ì…≥£©","Minty Spire (QoL Compilation)","Remilia£®¿Ÿ√◊¿Ú—«£©","StSLib","The Cursed","The Servant 0.9.4","UnlockEverythingMod"],"gold_per_floor":[116,133,58,58,77,111,111,140,140,175,188,188,188],"floor_reached":12,"playtime":433,"items_purged":["Strike_MRS"],"score":147,"play_id":"70f91d07-86dd-4410-9bfd-b67d5021e479","local_time":"20201222133109","is_ascension_mode":true,"campfire_choices":[{"data":"CasketOfStar","floor":7.0,"key":"SMITH"}],"circlet_count":0,"master_deck":["AscendersBane","Strike_MRS","Strike_MRS+1","Defend_MRS","Defend_MRS","Defend_MRS","Defend_MRS","MasterSpark","UpSweep+1","WitchLeyline","GalacticHalo","CasketOfStar+1","GrandCross","RefractionSpark"],"relics":["MiniHakkero","Potion Belt","Bottled Lightning","Peace Pipe","StoneCalendar","Whetstone"],"acts_visited":["Exordium"],"potions_floor_usage":[12,12],"damage_taken":[{"damage":0.0,"enemies":"2 Louse","floor":1.0,"turns":2.0},{"damage":2.0,"enemies":"Cultist","floor":2.0,"turns":4.0},{"damage":6.0,"enemies":"Jaw Worm","floor":5.0,"turns":4.0},{"damage":8.0,"enemies":"Lagavulin","floor":6.0,"turns":7.0},{"damage":24.0,"enemies":"Gremlin Nob","floor":8.0,"turns":4.0},{"damage":20.0,"enemies":"3 Sentries","floor":10.0,"turns":7.0},{"damage":0.0,"enemies":"Red Slaver","floor":11.0,"turns":2.0},{"damage":7,"enemies":"Gremlin Nob","floor":12,"turns":3}],"seed_played":"-6583842441791567517","potions_obtained":[{"floor":1.0,"key":"BottledSpark"},{"floor":2.0,"key":"Ancient Potion"},{"floor":8.0,"key":"SteroidPotion"},{"floor":10.0,"key":"BlessingOfTheForge"}],"is_trial":false,"path_per_floor":["M","M","$","?","M","E","R","E","T","E","M","E"],"character_chosen":"MARISA","items_purchased":[],"campfire_rested":0,"item_purchase_floors":[],"current_hp_per_floor":[68,66,66,66,60,52,52,28,28,8,8,1,1],"gold":188,"neow_bonus":"RANDOM_COMMON_RELIC","is_daily":false,"chose_seed":false,"campfire_upgraded":1,"win_rate":0.0,"timestamp":1608615069,"path_taken":["M","M","$","?","M","E","R","E","T","E","M","E"],"items_purchased_type":[],"build_version":"2020-12-13","purchased_purges":1,"victory":false,"max_hp_per_floor":[75,75,75,75,75,75,75,75,75,75,75,75,75],"card_choices":[{"not_picked":["Robbery","GravityBeat"],"picked":"WitchLeyline","floor":1.0},{"not_picked":["DarkMatter","LuminesStrike"],"picked":"GalacticHalo","floor":2.0},{"not_picked":["DC","PulseMagic"],"picked":"GrandCross","floor":5.0},{"not_picked":["MagicAbsorber","IllusionStar"],"picked":"RefractionSpark","floor":6.0},{"not_picked":["6A","GrandCross","IllusionStar"],"picked":"SKIP","floor":8.0},{"not_picked":["NonDirectionalLaser","WitchLeyline","Singularity"],"picked":"SKIP","floor":10.0},{"not_picked":["IllusionStar","GasGiant","ShootTheMoon"],"picked":"SKIP","floor":11.0}],"player_experience":127820,"relics_obtained":[{"floor":6.0,"key":"Bottled Lightning"},{"floor":8.0,"key":"Peace Pipe"},{"floor":9.0,"key":"StoneCalendar"},{"floor":10.0,"key":"Whetstone"}],"event_choices":[{"damage_healed":0.0,"max_hp_gain":0.0,"max_hp_loss":0.0,"gold_gain":0.0,"cards_transformed":["Strike_MRS"],"event_name":"Transmorgrifier","player_choice":"Transformed","floor":4.0,"gold_loss":0.0,"damage_taken":0.0,"cards_obtained":["CasketOfStar"]}],"is_beta":false,"boss_relics":[],"items_purged_floors":[3],"is_endless":false,"potions_floor_spawned":[1,2,8,10],"killed_by":"Gremlin Nob","ascension_level":10}}