{"host":"xhamcave7q47vrco","time":1608635925,"event":{"mods":["ATMod(°¢èªMod)","AchievementEnabler","BaseMod","BetterRewards","Colored Powertips","Minty Spire (QoL Compilation)","Permanent Neow","Quick Restart","Remove Card Discount Mod","StSLib","¡¾ÒÅÎï¿¨ÅÆ¡¿REMEMod"],"gold_per_floor":[113,131,146,59,134,163,174,202,202,237,187,187,207,223,223,324,324,340,340,356,104,124,157,157,185,263,263,362,362,395,415,415,512,512,512],"floor_reached":34,"playtime":1383,"items_purged":["Strike_R","Defend_R","Defend_R","Strike_R","Strike_R","Strike_R","Strike_R","Defend_R","Ragnarok"],"score":636,"play_id":"269b4854-94a4-47b4-a088-4617ebfe50c8","local_time":"20201222191845","is_ascension_mode":true,"campfire_choices":[{"data":"AT_ShrugMaster","floor":12.0,"key":"SMITH"},{"data":"Whirlwind","floor":15.0,"key":"SMITH"},{"data":"REME_ACTH","floor":24,"key":"SMITH"},{"data":"Heavy Blade","floor":27,"key":"SMITH"},{"data":"Spot Weakness","floor":32,"key":"SMITH"}],"circlet_count":0,"master_deck":["Bash","AT_ChampionKick+1","AT_IchimonjiDouble+1","Spot Weakness+1","Heavy Blade+1","AT_ShrugMaster+1","Seeing Red","Whirlwind+1","REME_ACTH+1","Berserk"],"relics":["Burning Blood","REME_ComplimentaryCards","AT_ATBox","Ginger","Self Forming Clay","AT_ImmortalShieldbow","Whetstone","Mark of Pain","Paper Frog","Vajra","Pen Nib","Bottled Flame","Boot","Runic Dome"],"acts_visited":["Exordium","TheCity","TheBeyond"],"potions_floor_usage":[23],"damage_taken":[{"damage":1.0,"enemies":"2 Louse","floor":1.0,"turns":2.0},{"damage":11.0,"enemies":"Small Slimes","floor":2.0,"turns":3.0},{"damage":7.0,"enemies":"Jaw Worm","floor":3.0,"turns":3.0},{"damage":12.0,"enemies":"Lagavulin","floor":6.0,"turns":6.0},{"damage":8.0,"enemies":"Blue Slaver","floor":7.0,"turns":2.0},{"damage":16.0,"enemies":"3 Sentries","floor":8.0,"turns":3.0},{"damage":27.0,"enemies":"Gremlin Nob","floor":10.0,"turns":4.0},{"damage":6.0,"enemies":"Exordium Thugs","floor":13.0,"turns":3.0},{"damage":0.0,"enemies":"3 Louse","floor":14.0,"turns":1.0},{"damage":0.0,"enemies":"Slime Boss","floor":16.0,"turns":5.0},{"damage":6.0,"enemies":"3 Byrds","floor":18.0,"turns":3.0},{"damage":9,"enemies":"Shell Parasite","floor":20,"turns":2},{"damage":23,"enemies":"Centurion and Healer","floor":22,"turns":2},{"damage":0,"enemies":"Book of Stabbing","floor":23,"turns":2},{"damage":29,"enemies":"Slavers","floor":25,"turns":2},{"damage":21,"enemies":"Book of Stabbing","floor":30,"turns":3},{"damage":12,"enemies":"Shelled Parasite and Fungi","floor":31,"turns":2},{"damage":24,"enemies":"Automaton","floor":33,"turns":5}],"seed_played":"1216376178655772309","potions_obtained":[{"floor":1.0,"key":"SteroidPotion"},{"floor":7.0,"key":"Dexterity Potion"},{"floor":10.0,"key":"SmokeBomb"},{"floor":14.0,"key":"Weak Potion"},{"floor":16.0,"key":"DistilledChaos"},{"floor":18.0,"key":"GamblersBrew"},{"floor":25,"key":"FearPotion"}],"is_trial":false,"path_per_floor":["M","M","M","$","?","E","M","E","T","E","?","R","M","M","R","B",null,"M","?","M","$","M","E","R","E","T","R","?","T","E","M","R","B",null],"character_chosen":"IRONCLAD","items_purchased":["AT_ShrugMaster","Paper Frog"],"campfire_rested":0,"item_purchase_floors":[4,21],"current_hp_per_floor":[80,75,74,74,63,57,55,45,45,24,24,24,44,50,50,56,80,80,80,77,77,60,66,66,43,43,43,43,43,28,26,26,23,80,80],"gold":512,"neow_bonus":"THREE_CARDS","is_daily":false,"chose_seed":false,"campfire_upgraded":5,"win_rate":0.0,"timestamp":1608635925,"path_taken":["M","M","M","$","?","E","M","E","T","E","?","R","M","M","R","BOSS","M","?","M","$","M","E","R","E","T","R","?","?","E","M","R","BOSS"],"items_purchased_type":["Card","Relic"],"build_version":"2020-12-13","purchased_purges":9,"victory":false,"max_hp_per_floor":[80,80,80,80,80,80,80,80,80,80,80,80,80,80,80,80,80,80,80,80,80,80,80,80,80,80,80,80,80,80,80,80,80,80,80],"card_choices":[{"not_picked":["Shrug It Off","Armaments"],"picked":"AT_IchimonjiDouble","floor":0.0},{"not_picked":["Uppercut","Sever Soul","True Grit"],"picked":"SKIP","floor":1.0},{"not_picked":["Clash","Cleave"],"picked":"Spot Weakness","floor":2.0},{"not_picked":["Iron Wave","Hemokinesis"],"picked":"Heavy Blade","floor":3.0},{"not_picked":["Rupture","Body Slam","Hemokinesis"],"picked":"SKIP","floor":6.0},{"not_picked":["Clothesline","Anger"],"picked":"Seeing Red","floor":7.0},{"not_picked":["Wild Strike","Anger","Bloodletting"],"picked":"SKIP","floor":8.0},{"not_picked":["Flex","Bloodletting","REME_Cut"],"picked":"SKIP","floor":10.0},{"not_picked":["Body Slam","Clash"],"picked":"Whirlwind","floor":13.0},{"not_picked":["Power Through","Warcry","REME_TheLastStrike"],"picked":"SKIP","floor":14.0},{"not_picked":["Corruption","REME_Fury"],"picked":"REME_ACTH","floor":16.0},{"not_picked":["Shrug It Off","Bloodletting","Perfected Strike"],"picked":"SKIP","floor":18.0},{"not_picked":["Flex","AT_IchimonjiDouble+1","Body Slam"],"picked":"SKIP","floor":20},{"not_picked":["Iron Wave","Cleave","Seeing Red"],"picked":"SKIP","floor":22},{"not_picked":["Havoc","True Grit","Exhume"],"picked":"SKIP","floor":23},{"not_picked":["Sword Boomerang","Evolve+1","Fire Breathing"],"picked":"SKIP","floor":25},{"not_picked":["Armaments","Cleave","Havoc+1"],"picked":"SKIP","floor":30},{"not_picked":["Second Wind","Feed","Whirlwind"],"picked":"SKIP","floor":31},{"not_picked":["Brutality","Corruption"],"picked":"Berserk","floor":33}],"player_experience":48563,"relics_obtained":[{"floor":6.0,"key":"Ginger"},{"floor":8.0,"key":"Self Forming Clay"},{"floor":9.0,"key":"AT_ImmortalShieldbow"},{"floor":10.0,"key":"Whetstone"},{"floor":23,"key":"Vajra"},{"floor":25,"key":"Pen Nib"},{"floor":29,"key":"Bottled Flame"},{"floor":30,"key":"Boot"}],"event_choices":[{"damage_healed":0.0,"max_hp_gain":0.0,"max_hp_loss":0.0,"gold_gain":75.0,"event_name":"World of Goop","player_choice":"Gather Gold","floor":5.0,"gold_loss":0.0,"damage_taken":11.0},{"cards_removed":["Defend_R"],"damage_healed":0.0,"max_hp_gain":0.0,"max_hp_loss":0.0,"gold_gain":0.0,"event_name":"The Cleric","player_choice":"Card Removal","floor":11.0,"gold_loss":50.0,"damage_taken":0.0},{"damage_healed":0,"gold_gain":0,"player_choice":"Ignored","damage_taken":0,"max_hp_gain":0,"max_hp_loss":0,"event_name":"Cursed Tome","floor":19,"gold_loss":0},{"damage_healed":0,"gold_gain":99,"player_choice":"Stole From Cult","damage_taken":0,"max_hp_gain":0,"max_hp_loss":0,"event_name":"Nest","floor":28,"gold_loss":0}],"is_beta":false,"boss_relics":[{"not_picked":["Ectoplasm","Black Blood"],"picked":"Mark of Pain"},{"not_picked":["Cursed Key","Busted Crown"],"picked":"Runic Dome"}],"items_purged_floors":[4,4,4,4,4,4,4,21,21],"is_endless":false,"potions_floor_spawned":[1,7,10,14,16,18,22,25,31],"ascension_level":4}}