{"host":"sdjng9zhqonqi3uc","time":1608672181,"event":{"mods":["2.2 Compatiblity","AchievementEnabler","BaseMod","BetterRewards","Colored Powertips","Hero for Fun","Minty Spire (QoL Compilation)","StSLib","Td1madao Mod","The Animator","The Cursed","The Servant 0.9.4"],"gold_per_floor":[116,116,135,151,326,361,378,360,360,378,378,378,378,397,397,516,516,534,534,518,518,518,518],"floor_reached":22,"playtime":1305,"items_purged":[],"score":188,"play_id":"fe7ad3b5-964d-4b87-b1e5-653ff2b5167f","local_time":"20201222222301","is_ascension_mode":false,"campfire_choices":[{"floor":15,"key":"REST"}],"circlet_count":0,"master_deck":["TheCursedMod:Strike_TheCursed","TheCursedMod:Strike_TheCursed+1","TheCursedMod:Strike_TheCursed","TheCursedMod:Strike_TheCursed","TheCursedMod:Defend_TheCursed","TheCursedMod:Defend_TheCursed+1","TheCursedMod:Defend_TheCursed","TheCursedMod:Defend_TheCursed","TheCursedMod:CursedWand","TheCursedMod:CleanUpWorkshop","TheCursedMod:Dregs","TheCursedMod:TacticalStrike","TheCursedMod:Stigma","TheCursedMod:CircleOfCorruption","Doubt","TheCursedMod:CursedAmulet","TheCursedMod:HellfireBreathing+1","TheCursedMod:CursedMace","TheCursedMod:EmpowerCircles","Injury","Parasite","TheCursedMod:LuckyCharm","TheCursedMod:VoidForm","TheCursedMod:CursedSpellbook+1","TheCursedMod:TacticalStrike+1"],"relics":["TheCursedMod:BlackMagic101","NeowsBlessing","Smiling Mask","Girya","Golden Idol","Black Star","Boot"],"acts_visited":["Exordium","TheCity"],"potions_floor_usage":[8,16,20,22],"damage_taken":[{"damage":0,"enemies":"Jaw Worm","floor":1,"turns":1},{"damage":0,"enemies":"Small Slimes","floor":3,"turns":1},{"damage":0,"enemies":"2 Louse","floor":4,"turns":1},{"damage":31,"enemies":"3 Sentries","floor":6,"turns":11},{"damage":2,"enemies":"Red Slaver","floor":7,"turns":3},{"damage":7,"enemies":"Exordium Thugs","floor":8,"turns":4},{"damage":10,"enemies":"2 Fungi Beasts","floor":10,"turns":3},{"damage":11,"enemies":"Exordium Wildlife","floor":14,"turns":4},{"damage":23,"enemies":"Hexaghost","floor":16,"turns":9},{"damage":28,"enemies":"Spheric Guardian","floor":18,"turns":7},{"damage":5,"enemies":"2 Thieves","floor":20,"turns":4},{"damage":43,"enemies":"Chosen and Byrds","floor":22,"turns":5}],"seed_played":"8441473540076211352","potions_obtained":[{"floor":6,"key":"AttackPotion"},{"floor":10,"key":"LiquidBronze"},{"floor":19,"key":"GamblersBrew"},{"floor":19,"key":"PowerPotion"},{"floor":19,"key":"SteroidPotion"}],"is_trial":false,"path_per_floor":["M","?","M","M","?","E","M","M","T","M","?","?","?","M","R","B",null,"M","?","M","T","M"],"character_chosen":"THE_CURSED","items_purchased":[],"campfire_rested":1,"item_purchase_floors":[],"current_hp_per_floor":[75,60,60,60,60,29,27,20,20,10,10,10,28,17,39,16,75,47,47,42,42,0,0],"gold":518,"neow_bonus":"THREE_ENEMY_KILL","is_daily":false,"chose_seed":false,"campfire_upgraded":0,"win_rate":0.0,"timestamp":1608672181,"path_taken":["M","?","M","M","?","E","M","M","T","M","?","?","?","M","R","BOSS","M","?","?","?","M"],"items_purchased_type":[],"build_version":"2020-12-13","purchased_purges":0,"victory":false,"max_hp_per_floor":[75,75,75,75,75,75,75,75,75,75,75,75,75,75,75,75,75,75,75,75,75,75,75],"card_choices":[{"not_picked":["TheCursedMod:FleshFromBone","TheCursedMod:Mangle"],"picked":"TheCursedMod:TacticalStrike","floor":1},{"not_picked":["TheCursedMod:VitalStrike","TheCursedMod:CursedMace"],"picked":"TheCursedMod:Stigma","floor":3},{"not_picked":["TheCursedMod:Wield","TheCursedMod:CursedSpellbook"],"picked":"TheCursedMod:CircleOfCorruption","floor":4},{"not_picked":["TheCursedMod:CircleOfFlame","TheCursedMod:Evocation"],"picked":"TheCursedMod:CursedAmulet","floor":6},{"not_picked":["TheCursedMod:Torture","TheCursedMod:WearCloak"],"picked":"TheCursedMod:HellfireBreathing","floor":7},{"not_picked":["TheCursedMod:Neurasthenia","TheCursedMod:CircleOfCorruption"],"picked":"TheCursedMod:CursedMace","floor":8},{"not_picked":["TheCursedMod:TacticalStrike","TheCursedMod:DoubleShield"],"picked":"TheCursedMod:EmpowerCircles","floor":10},{"not_picked":["TheCursedMod:EmpowerCircles","TheCursedMod:ReleasedKnowledge"],"picked":"TheCursedMod:LuckyCharm","floor":14},{"not_picked":["TheCursedMod:DemonicPact","TheCursedMod:ParallelWorld"],"picked":"TheCursedMod:VoidForm","floor":16},{"not_picked":["TheCursedMod:ReleasedStrength","TheCursedMod:Mangle"],"picked":"TheCursedMod:CursedSpellbook+1","floor":18},{"not_picked":["TheCursedMod:SaltUponWound+1","TheCursedMod:Obscuration"],"picked":"TheCursedMod:TacticalStrike+1","floor":20}],"player_experience":218494,"relics_obtained":[{"floor":6,"key":"Smiling Mask"},{"floor":9,"key":"Girya"},{"floor":21,"key":"Boot"}],"event_choices":[{"damage_healed":0,"gold_gain":0,"player_choice":"Entered Light","damage_taken":15,"max_hp_gain":0,"max_hp_loss":0,"event_name":"Shining Light","floor":2,"gold_loss":0,"cards_upgraded":["TheCursedMod:Defend_TheCursed","TheCursedMod:Strike_TheCursed"]},{"damage_healed":0,"gold_gain":175,"player_choice":"AGREE","damage_taken":0,"max_hp_gain":0,"max_hp_loss":0,"event_name":"Liars Game","floor":5,"gold_loss":0,"cards_obtained":["Doubt"]},{"damage_healed":0,"gold_gain":0,"player_choice":"Grow","damage_taken":0,"max_hp_gain":0,"max_hp_loss":0,"event_name":"Living Wall","floor":11,"gold_loss":0,"cards_upgraded":["TheCursedMod:HellfireBreathing"]},{"damage_healed":0,"gold_gain":0,"player_choice":"Take Wound","damage_taken":0,"relics_obtained":["Golden Idol"],"max_hp_gain":0,"max_hp_loss":0,"event_name":"Golden Idol","floor":12,"gold_loss":0,"cards_obtained":["Injury"]},{"damage_healed":18,"gold_gain":0,"player_choice":"Healed and dodged fight","damage_taken":0,"max_hp_gain":0,"max_hp_loss":0,"event_name":"Mushrooms","floor":13,"gold_loss":0,"cards_obtained":["Parasite"]},{"damage_healed":0,"gold_gain":0,"player_choice":"Got Potions","damage_taken":0,"max_hp_gain":0,"max_hp_loss":0,"event_name":"Lab","floor":19,"gold_loss":0}],"is_beta":false,"boss_relics":[{"not_picked":["Velvet Choker","Coffee Dripper"],"picked":"Black Star"}],"items_purged_floors":[],"is_endless":false,"potions_floor_spawned":[6,10],"killed_by":"Chosen and Byrds","ascension_level":0}}