{"host":"0luxfixkkfk9wck3","time":1608595645,"event":{"mods":["BaseMod","Downfall","Highlight Path","Minty Spire (QoL Compilation)","StSLib"],"gold_per_floor":[99,130,130,130,305,338,389,389,71,71,6,26,26,39,50,145,145,145,157,157,173,173,46,46,46,73,73,84,103,103,122,140,140,140,140],"floor_reached":33,"playtime":13140,"items_purged":["champ:Defend"],"score":323,"play_id":"d74c9811-1c7d-4d73-9c3e-d0ec44b9a955","local_time":"20201221180725","is_ascension_mode":false,"campfire_choices":[{"data":"champ:Taunt","floor":1,"key":"SMITH"},{"data":"champ:DefensiveShout","floor":8,"key":"SMITH"},{"data":"champ:Backstep","floor":10,"key":"SMITH"},{"data":"champ:HeavySlash","floor":18,"key":"SMITH"},{"data":"expansioncontent:DefensiveMode","floor":20,"key":"SMITH"},{"data":"champ:Execute","floor":22,"key":"SMITH"},{"data":"champ:EnGarde","floor":25,"key":"SMITH"},{"floor":27,"key":"REST"}],"circlet_count":0,"master_deck":["champ:Strike","champ:Strike","champ:Defend","champ:Defend+1","champ:Execute+1","champ:Taunt+1","champ:Backstep+1","champ:TornadoPunch","Doubt","champ:DefensiveShout+1","champ:CrookedStrike","champ:SkillfulDodge","expansioncontent:DefensiveMode+1","champ:FlashCut","champ:FanOfKnives","champ:Shatter","champ:ArenaPreparation","champ:ViciousMockery","champ:HeavySlash+1","champ:ArenaPreparation+1","champ:FlashCut+1","champ:CrookedStrike","champ:EnGarde+1","champ:BerserkerStyle","champ:BringItOn+1","champ:FocusedDefense","champ:FocusedDefense+1","champ:MurderStrike"],"relics":["champ:ChampionCrown","downfall:HeartsMalice","CaptainsWheel","Blue Candle","Strawberry","champ:DefensiveTrainingManual","Kunai","Empty Cage","Bottled Flame","White Beast Statue"],"acts_visited":["Exordium","TheCity"],"potions_floor_usage":[26,31,33,33],"damage_taken":[{"damage":0,"enemies":"Gremlin Nob","floor":2,"turns":1},{"damage":0,"enemies":"Small Slimes","floor":4,"turns":1},{"damage":0,"enemies":"Lagavulin","floor":6,"turns":1},{"damage":14,"enemies":"downfall:FleeingMerchant","floor":9,"turns":4},{"damage":10,"enemies":"downfall:FleeingMerchant","floor":11,"turns":4},{"damage":7,"enemies":"Cultist","floor":12,"turns":3},{"damage":0,"enemies":"Jaw Worm","floor":14,"turns":2},{"damage":13,"enemies":"Exordium Wildlife","floor":15,"turns":3},{"damage":34,"enemies":"downfall:Watcher","floor":16,"turns":9},{"damage":22,"enemies":"Shell Parasite","floor":19,"turns":6},{"damage":36,"enemies":"Cultist and Chosen","floor":21,"turns":4},{"damage":47,"enemies":"downfall:FleeingMerchant","floor":23,"turns":4},{"damage":46,"enemies":"Gremlin Leader","floor":26,"turns":10},{"damage":46,"enemies":"Snecko","floor":28,"turns":6},{"damage":26,"enemies":"Snake Plant","floor":29,"turns":4},{"damage":33,"enemies":"Cultist and Chosen","floor":31,"turns":6},{"damage":7,"enemies":"Sentry and Sphere","floor":32,"turns":4},{"damage":42,"enemies":"downfall:Silent","floor":33,"turns":7}],"seed_played":"2630547066321911025","potions_obtained":[{"floor":2,"key":"champ:UltimateStancePotion"},{"floor":6,"key":"GamblersBrew"},{"floor":14,"key":"SteroidPotion"},{"floor":15,"key":"PowerPotion"},{"floor":26,"key":"ColorlessPotion"},{"floor":29,"key":"sneckomod:MuddlingPotion"},{"floor":31,"key":"Strength Potion"},{"floor":32,"key":"SkillPotion"}],"is_trial":false,"path_per_floor":["R","E","?","M","?","E","T","R","$","R","$","M","T","M","M","B",null,"R","M","R","M","R","$","T","R","E","R","M","M","?","M","M","B"],"character_chosen":"THE_CHAMP","items_purchased":["champ:DefensiveTrainingManual","champ:SkillfulDodge","expansioncontent:DefensiveMode","champ:FanOfKnives","champ:EnGarde"],"campfire_rested":1,"item_purchase_floors":[9,9,9,11,23],"current_hp_per_floor":[90,90,75,75,75,75,82,82,76,76,76,72,72,72,59,38,97,97,80,80,80,80,66,66,66,51,80,46,43,35,33,31,0,0,0],"gold":140,"neow_bonus":"THREE_ENEMY_KILL","is_daily":false,"chose_seed":false,"campfire_upgraded":7,"win_rate":0.0,"timestamp":1608595645,"path_taken":["R","E","?","?","?","E","T","R","$","R","$","M","?","M","M","BOSS","R","M","R","M","R","$","T","R","E","R","M","M","?","M","M","BOSS"],"items_purchased_type":["Relic","Card","Card","Card","Card"],"build_version":"2020-12-13","purchased_purges":1,"victory":false,"max_hp_per_floor":[90,90,90,90,90,90,97,97,97,97,97,97,97,97,97,97,97,97,97,97,97,97,97,97,97,97,97,97,97,97,97,97,97,97,97],"card_choices":[{"not_picked":["champ:HeartStrike","champ:EnGarde"],"picked":"champ:Backstep","floor":2},{"not_picked":["champ:Duel","champ:Circumvent"],"picked":"champ:TornadoPunch","floor":4},{"not_picked":["champ:Backstep","champ:ShieldWall"],"picked":"champ:DefensiveShout","floor":6},{"not_picked":["champ:Backstep","champ:LastStand"],"picked":"champ:CrookedStrike","floor":9},{"not_picked":["champ:ShieldWall","champ:PreciseThrust"],"picked":"champ:FlashCut","floor":11},{"not_picked":["champ:ShieldWall","champ:GladiatorStyle"],"picked":"champ:Shatter","floor":12},{"not_picked":["champ:AdrenalArmor","champ:BringItOn"],"picked":"champ:ArenaPreparation","floor":14},{"not_picked":["champ:StanceDance","champ:Backstep"],"picked":"champ:ViciousMockery","floor":15},{"not_picked":["champ:ShieldThrow","champ:CrownThrow"],"picked":"champ:HeavySlash","floor":16},{"not_picked":["champ:FocusedDefense","champ:StanceDance"],"picked":"champ:ArenaPreparation+1","floor":19},{"not_picked":["champ:Haymaker+1","champ:StanceDance"],"picked":"champ:FlashCut+1","floor":21},{"not_picked":["champ:GladiatorsShout","champ:TornadoPunch"],"picked":"champ:CrookedStrike","floor":23},{"not_picked":["champ:Lariat","champ:Backstep"],"picked":"champ:BerserkerStyle","floor":26},{"not_picked":["champ:Circumvent","champ:ArenaPreparation"],"picked":"champ:BringItOn+1","floor":28},{"not_picked":["champ:VampiricStrike","champ:DefensiveShout"],"picked":"champ:FocusedDefense","floor":29},{"not_picked":["champ:BringItOn","champ:FaceSlap+1"],"picked":"champ:FocusedDefense+1","floor":31},{"not_picked":["champ:FanOfKnives","champ:Encircle"],"picked":"champ:MurderStrike","floor":32}],"player_experience":10500433,"relics_obtained":[{"floor":2,"key":"CaptainsWheel"},{"floor":6,"key":"Blue Candle"},{"floor":7,"key":"Strawberry"},{"floor":13,"key":"Kunai"},{"floor":24,"key":"Bottled Flame"},{"floor":26,"key":"White Beast Statue"}],"event_choices":[],"is_beta":false,"boss_relics":[{"not_picked":["Black Star","Runic Dome"],"picked":"Empty Cage"}],"items_purged_floors":[23],"is_endless":false,"potions_floor_spawned":[2,6,14,15,16,19,26,28,29,31,32],"killed_by":"downfall:Silent","ascension_level":0}}