{"host":"na09lpbrez4gbfiz","time":1608606732,"event":{"mods":["Act Like it!","BaseMod","BetterRewards","Colored Map","Colored Powertips","DeckTracker","Googly Eyes","Highlight Path","Minty Spire (QoL Compilation)","StSLib","Synergy Search"],"gold_per_floor":[110,127,144,155,167,167,195,213,259,259,293,293,10,29,29,133,133,146,146,146,146,134,134,154,154,181,195,211,211,245,245,245],"floor_reached":31,"playtime":1043,"items_purged":[],"score":482,"play_id":"6f144bd9-926b-4364-80eb-b692e2fd05c5","local_time":"20201222041212","is_ascension_mode":true,"campfire_choices":[{"data":"Demon Form","floor":6,"key":"SMITH"},{"floor":10,"key":"REST"},{"data":"Heavy Blade","floor":12,"key":"SMITH"},{"floor":15,"key":"REST"},{"floor":23,"key":"REST"},{"floor":25,"key":"REST"},{"floor":29,"key":"REST"}],"circlet_count":0,"master_deck":["Strike_R","Strike_R","Strike_R","Defend_R","Defend_R","Defend_R","Defend_R","Bash","Cleave","Iron Wave","Bloodletting+1","Seeing Red","Demon Form+1","Hemokinesis","Spot Weakness+1","Heavy Blade+1","Limit Break","Armaments","Fiend Fire","Ghostly Armor"],"relics":["Burning Blood","Nunchaku","War Paint","Potion Belt","Sling","Velvet Choker","Kunai","Blood Vial","InkBottle"],"acts_visited":["Exordium","TheCity"],"potions_floor_usage":[7,7,11,11,18,27,28,30],"damage_taken":[{"damage":1,"enemies":"Cultist","floor":1,"turns":3},{"damage":6,"enemies":"2 Louse","floor":2,"turns":2},{"damage":0,"enemies":"Small Slimes","floor":3,"turns":3},{"damage":14,"enemies":"Blue Slaver","floor":4,"turns":4},{"damage":9,"enemies":"Exordium Thugs","floor":5,"turns":3},{"damage":27,"enemies":"3 Sentries","floor":7,"turns":6},{"damage":5,"enemies":"Looter","floor":8,"turns":2},{"damage":23,"enemies":"Lagavulin","floor":11,"turns":4},{"damage":9,"enemies":"3 Louse","floor":14,"turns":2},{"damage":2,"enemies":"Slime Boss","floor":16,"turns":6},{"damage":42,"enemies":"3 Byrds","floor":18,"turns":6},{"damage":20,"enemies":"2 Thieves","floor":22,"turns":4},{"damage":23,"enemies":"Sentry and Sphere","floor":24,"turns":3},{"damage":45,"enemies":"Centurion and Healer","floor":27,"turns":5},{"damage":8,"enemies":"Chosen and Byrds","floor":28,"turns":5},{"damage":47,"enemies":"Book of Stabbing","floor":30,"turns":4},{"damage":16,"enemies":"Cultist and Chosen","floor":31,"turns":4}],"seed_played":"-404234213988234199","potions_obtained":[{"floor":4,"key":"PowerPotion"},{"floor":5,"key":"Swift Potion"},{"floor":7,"key":"EssenceOfSteel"},{"floor":8,"key":"SpeedPotion"},{"floor":11,"key":"PowerPotion"},{"floor":22,"key":"Dexterity Potion"},{"floor":24,"key":"PowerPotion"},{"floor":28,"key":"GamblersBrew"}],"is_trial":false,"path_per_floor":["M","M","M","M","M","R","E","M","T","R","E","R","$","M","R","B",null,"M","?","?","T","M","R","M","R","T","M","M","R","E","M"],"character_chosen":"IRONCLAD","items_purchased":["Sling","Limit Break"],"campfire_rested":5,"item_purchase_floors":[13,13],"current_hp_per_floor":[72,72,72,64,61,61,40,41,41,62,45,45,45,42,63,67,71,35,22,47,47,33,56,39,62,62,25,25,48,9,0,0],"gold":245,"neow_bonus":"REMOVE_TWO","is_daily":false,"chose_seed":false,"campfire_upgraded":2,"win_rate":0.0,"timestamp":1608606732,"path_taken":["M","M","?","M","M","R","E","?","T","R","E","R","$","?","R","BOSS","M","?","?","?","M","R","M","R","T","M","M","R","E","?"],"items_purchased_type":["Relic","Card"],"build_version":"2020-12-13","purchased_purges":0,"victory":false,"max_hp_per_floor":[72,72,72,72,72,72,72,72,72,72,72,72,72,72,72,72,72,72,77,77,77,77,77,77,77,77,77,77,77,77,77,77],"card_choices":[{"not_picked":["Twin Strike","Sword Boomerang"],"picked":"Cleave","floor":1},{"not_picked":["Dark Embrace","Headbutt"],"picked":"Iron Wave","floor":2},{"not_picked":["Body Slam","Shrug It Off"],"picked":"Bloodletting","floor":3},{"not_picked":["Iron Wave","Twin Strike"],"picked":"Seeing Red","floor":4},{"not_picked":["Shrug It Off","Shockwave"],"picked":"Demon Form","floor":5},{"not_picked":["Sentinel","Rage"],"picked":"Hemokinesis","floor":7},{"not_picked":["Thunderclap","Wild Strike"],"picked":"Spot Weakness","floor":8},{"not_picked":["Flame Barrier","Twin Strike"],"picked":"Heavy Blade","floor":11},{"not_picked":["Carnage","Body Slam"],"picked":"Armaments","floor":14},{"not_picked":["Demon Form","Impervious"],"picked":"Fiend Fire","floor":16},{"not_picked":["Fire Breathing","Dual Wield","Combust+1"],"picked":"SKIP","floor":18},{"not_picked":["Armaments","Heavy Blade","Headbutt"],"picked":"SKIP","floor":22},{"not_picked":["Pommel Strike+1","Rupture","Infernal Blade"],"picked":"SKIP","floor":24},{"not_picked":["Carnage+1","Anger","Headbutt"],"picked":"SKIP","floor":27},{"not_picked":["Carnage+1","Anger","Headbutt"],"picked":"SKIP","floor":27},{"not_picked":["Sever Soul","Perfected Strike","Wild Strike"],"picked":"SKIP","floor":28},{"not_picked":["Iron Wave","Sentinel"],"picked":"Ghostly Armor","floor":30}],"player_experience":227442,"relics_obtained":[{"floor":7,"key":"Nunchaku"},{"floor":9,"key":"War Paint"},{"floor":11,"key":"Potion Belt"},{"floor":21,"key":"Kunai"},{"floor":26,"key":"Blood Vial"},{"floor":30,"key":"InkBottle"}],"event_choices":[{"damage_healed":0,"gold_gain":0,"player_choice":"Shed Blood","damage_taken":18,"max_hp_gain":5,"max_hp_loss":0,"event_name":"Forgotten Altar","floor":19,"gold_loss":0},{"damage_healed":25,"gold_gain":0,"player_choice":"Heal","damage_taken":0,"max_hp_gain":0,"max_hp_loss":0,"event_name":"The Library","floor":20,"gold_loss":0}],"is_beta":false,"boss_relics":[{"not_picked":["Coffee Dripper","Cursed Key"],"picked":"Velvet Choker"}],"items_purged_floors":[],"is_endless":false,"potions_floor_spawned":[4,5,7,8,11,22,24,28],"killed_by":"Cultist and Chosen","ascension_level":8}}