{"host":"51b3tsslnntndamg","time":1608620298,"event":{"mods":["BaseMod","BetterRewards","Colored Map","Colored Powertips","Downfall","Hermit","Highlight Path","Hubris","Infinite Spire","Jorbs\u0027s Wanderer Trilogy","Key Reminder","Lobotomy","Minty Spire (QoL Compilation)","Quick Restart","READ ME - Guardian Mod","Rare Cards Sparkle","Replay The Spire","Shop Mod","StSLib","SuperFastMode","The Animator","The Cursed","The Hierophant","The Jungle","The Poker Player","The Runesmith","The Servant 0.9.4"],"gold_per_floor":[99,119,129,147,147,178,190,202,33,33,33,44,44,61,75,174,174,174,174,191,201,201,201,201,201,201,218,218,230,249,265,275,275,275,275],"floor_reached":33,"playtime":2933,"items_purged":[],"score":289,"play_id":"4ba0a1a3-1264-4a41-a973-6cf810ef180f","local_time":"20201221225818","is_ascension_mode":true,"campfire_choices":[{"data":"Guardian:CurlUp","floor":1,"key":"SMITH"},{"data":"Guardian:EvasiveProtocol","floor":8,"key":"SMITH"},{"data":"Guardian:EvasiveProtocol","floor":11,"key":"SMITH"},{"data":"expansioncontent:CaCaw","floor":13,"key":"SMITH"},{"data":"Guardian:SphericShield","floor":18,"key":"SMITH"},{"data":"Guardian:TimeCapacitor","floor":23,"key":"SMITH"},{"data":"Guardian:SpikerProtocol","floor":26,"key":"SMITH"},{"data":"Guardian:EvasiveProtocol","floor":28,"key":"SMITH"}],"circlet_count":0,"master_deck":["Guardian:Strike_Guardian+1","Guardian:Strike_Guardian","Guardian:Strike_Guardian","Guardian:Defend_Guardian","Guardian:Defend_Guardian","Guardian:Defend_Guardian","Guardian:Defend_Guardian","Guardian:CurlUp+1","Guardian:TwinSlam","Guardian:DecasProtection","Guardian:Incinerate+1","Guardian:EvasiveProtocol+1","Guardian:EvasiveProtocol+1","expansioncontent:CaCaw+1","Guardian:EvasiveProtocol+1","Guardian:SpikerProtocol+1","Guardian:Repulse","Guardian:SphericShield+1","Guardian:FloatingOrbs","Guardian:TimeCapacitor+1","Guardian:Recover","Guardian:SpikerProtocol","Guardian:EvasiveProtocol","Guardian:BronzeOrb","Guardian:Gem_Yellow"],"relics":["Guardian:ModeShifter","MawBank","keyreminder:keyreminder","Velvet Choker","hubris:Towel","ReplayFunnel"],"acts_visited":["Exordium","TheCity"],"potions_floor_usage":[6,16,33],"damage_taken":[{"damage":3,"enemies":"2 Louse","floor":2,"turns":3},{"damage":0,"enemies":"Cultist","floor":3,"turns":4},{"damage":15,"enemies":"infinitespire:Voidling","floor":4,"turns":6},{"damage":46,"enemies":"Gremlin Nob","floor":6,"turns":7},{"damage":0,"enemies":"downfall:FleeingMerchant","floor":9,"turns":4},{"damage":8,"enemies":"Blue Slaver","floor":12,"turns":6},{"damage":0,"enemies":"2 Fungi Beasts","floor":14,"turns":5},{"damage":6,"enemies":"Large Slime","floor":15,"turns":7},{"damage":14,"enemies":"downfall:Watcher","floor":16,"turns":9},{"damage":10,"enemies":"Spheric Guardian","floor":20,"turns":8},{"damage":16,"enemies":"Shelled Parasite and Fungi","floor":21,"turns":8},{"damage":4,"enemies":"Snecko","floor":27,"turns":7},{"damage":8,"enemies":"Centurion and Healer","floor":29,"turns":8},{"damage":11,"enemies":"Snake Plant","floor":30,"turns":6},{"damage":21,"enemies":"3 Cultists","floor":31,"turns":7},{"damage":0,"enemies":"Centurion and Healer","floor":32,"turns":11},{"damage":10,"enemies":"downfall:Silent","floor":33,"turns":7}],"seed_played":"-7238507966920415413","potions_obtained":[{"floor":4,"key":"LiquidBronze"},{"floor":6,"key":"Guardian:AcceleratePotion"},{"floor":15,"key":"FearPotion"},{"floor":27,"key":"FearPotion"},{"floor":31,"key":"LiquidBronze"},{"floor":32,"key":"Guardian:BlockOnCardUsePotion"}],"is_trial":false,"path_per_floor":["R","M","M","M","?","E","T","R","$","?","R","M","R","M","M","B",null,"R","?","M","M","?","R","T","?","R","M","R","M","M","M","M","B"],"character_chosen":"GUARDIAN","items_purchased":["expansioncontent:CaCaw","Guardian:EvasiveProtocol"],"campfire_rested":0,"item_purchase_floors":[9,9],"current_hp_per_floor":[88,85,85,80,80,34,34,34,34,34,34,26,26,26,20,6,88,88,80,70,54,54,54,54,54,54,50,50,42,31,10,10,0,0,0],"gold":275,"neow_bonus":"TEN_PERCENT_HP_BONUS","is_daily":false,"chose_seed":false,"campfire_upgraded":8,"win_rate":0.0,"timestamp":1608620298,"path_taken":["R","M","M","M","?","E","T","R","$","?","R","M","R","M","M","BOSS","R","?","M","?","?","R","T","?","R","M","R","M","M","M","M","BOSS"],"items_purchased_type":["Card","Card"],"build_version":"2020-12-13","purchased_purges":0,"victory":false,"max_hp_per_floor":[88,88,88,88,88,88,88,88,88,88,88,88,88,88,88,88,88,88,88,88,88,88,88,88,88,88,88,88,88,88,88,88,88,88,88],"card_choices":[{"not_picked":["Guardian:VentSteam","Guardian:BronzeOrb"],"picked":"Guardian:DecasProtection","floor":2},{"not_picked":["Guardian:Gem_Lightblue","Guardian:Gem_Green"],"picked":"Guardian:Incinerate","floor":3},{"not_picked":["Guardian:WalkerClaw","Guardian:Clone"],"picked":"Guardian:EvasiveProtocol","floor":4},{"not_picked":["Guardian:Planning","Guardian:ShieldSpikes"],"picked":"Guardian:Gem_Purple","floor":6},{"not_picked":["Guardian:Gem_Yellow","Guardian:ChargeCore"],"picked":"Guardian:EvasiveProtocol","floor":9},{"not_picked":["Guardian:Suspension","Guardian:ShieldCharger"],"picked":"Guardian:SpikerProtocol","floor":12},{"not_picked":["Guardian:PrismaticBarrier","Guardian:Gem_Green"],"picked":"Guardian:Repulse","floor":14},{"not_picked":["Guardian:RollAttack","Guardian:MultiBeam"],"picked":"Guardian:SphericShield","floor":15},{"not_picked":["Guardian:TimeSifter","Guardian:GemFinder"],"picked":"Guardian:Gem_Synthetic","floor":16},{"not_picked":["Guardian:ChargeCore","Guardian:SpikerProtocol"],"picked":"Guardian:FloatingOrbs","floor":20},{"not_picked":["Guardian:CrystalBeam","Guardian:SpikerProtocol"],"picked":"Guardian:TimeCapacitor","floor":21},{"not_picked":["Guardian:PrismaticBarrier+1","Guardian:DonusPower"],"picked":"Guardian:Recover","floor":27},{"not_picked":["Guardian:DecasProtection","Guardian:Repulse+1"],"picked":"Guardian:SpikerProtocol","floor":29},{"not_picked":["Guardian:ChargeCore","Guardian:Gem_Red"],"picked":"Guardian:EvasiveProtocol","floor":30},{"not_picked":["Guardian:Gem_Red","Guardian:Gem_Yellow"],"picked":"Guardian:BronzeOrb","floor":31},{"not_picked":["Guardian:Planning","Guardian:CrystalBeam"],"picked":"Guardian:Gem_Yellow","floor":32}],"player_experience":817047,"relics_obtained":[{"floor":6,"key":"MawBank"},{"floor":24,"key":"ReplayFunnel"}],"event_choices":[{"damage_healed":0,"gold_gain":0,"player_choice":"Ignored","damage_taken":0,"max_hp_gain":0,"max_hp_loss":0,"event_name":"Ghosts","floor":25,"gold_loss":0}],"is_beta":false,"boss_relics":[{"not_picked":["Black Star","Replay:Fungal Core"],"picked":"Velvet Choker"}],"items_purged_floors":[],"is_endless":false,"potions_floor_spawned":[4,6,15,27,31,32],"killed_by":"downfall:Silent","ascension_level":1}}