{"host":"zekcc3vicrep0och","time":1608628548,"event":{"mods":["AchievementEnabler","BaseMod","Colored Map","Colored Powertips","Displayed Cursed Tome","Minty Spire (QoL Compilation)","Relic Stats","StSLib"],"gold_per_floor":[117,17,36,55,20,45,56,81,81,81,81,113,113,145,145,216,216,233,233,148,168,168,203,215,249,302,302,320,320,347,362,362,434,434,453,453,467,478,68,101,134,145,145,176,176,176,69,93,93,93],"floor_reached":51,"playtime":2753,"items_purged":["Strike_B","Gash","Strike_B"],"score":1570,"play_id":"dd2cfb7a-713c-4f90-a61c-66fd961e91c5","local_time":"20201222121548","is_ascension_mode":true,"campfire_choices":[{"floor":10.0,"key":"REST"},{"floor":13.0,"key":"REST"},{"data":"Electrodynamics","floor":15.0,"key":"SMITH"},{"data":"Buffer","floor":27.0,"key":"SMITH"},{"data":"Beam Cell","floor":29.0,"key":"SMITH"},{"data":"Rainbow","floor":32.0,"key":"SMITH"},{"data":"Capacitor","floor":46,"key":"SMITH"},{"data":"Loop","floor":49,"key":"SMITH"}],"circlet_count":0,"master_deck":["AscendersBane","Strike_B","Strike_B","Defend_B","Defend_B","Defend_B","Defend_B","Zap","Dualcast","Sweeping Beam","Beam Cell+1","Conserve Battery","Electrodynamics+1","Doom and Gloom","Ball Lightning","Steam","Genetic Algorithm","Buffer+1","Coolheaded","RitualDagger","Force Field","Loop+1","Rainbow+1","Self Repair+1","Conserve Battery","Capacitor+1","Machine Learning","Reinforced Body+1","White Noise","Skim+1","Aggregate","Coolheaded+1","Static Discharge+1","Purity","Loop"],"relics":["Cracked Core","WingedGreaves","Tiny Chest","Bronze Scales","Lantern","Lizard Tail","Mercury Hourglass","HornCleat","Snecko Eye","FossilizedHelix","Kunai","Sundial","Dream Catcher","Ancient Tea Set","Ice Cream","Nuclear Battery","Darkstone Periapt","Smiling Mask","Orichalcum","Torii","The Courier","Oddly Smooth Stone"],"acts_visited":["Exordium","TheCity","TheBeyond"],"potions_floor_usage":[37,41,50,50],"damage_taken":[{"damage":5.0,"enemies":"2 Louse","floor":1.0,"turns":2.0},{"damage":2.0,"enemies":"Jaw Worm","floor":3.0,"turns":2.0},{"damage":1.0,"enemies":"Cultist","floor":4.0,"turns":4.0},{"damage":20.0,"enemies":"Gremlin Nob","floor":6.0,"turns":4.0},{"damage":15.0,"enemies":"3 Louse","floor":7.0,"turns":3.0},{"damage":30.0,"enemies":"Lagavulin","floor":8.0,"turns":6.0},{"damage":26.0,"enemies":"Gremlin Nob","floor":12.0,"turns":4.0},{"damage":17.0,"enemies":"Lagavulin","floor":14.0,"turns":4.0},{"damage":31.0,"enemies":"Slime Boss","floor":16.0,"turns":5.0},{"damage":0.0,"enemies":"Chosen","floor":18.0,"turns":4.0},{"damage":0.0,"enemies":"2 Thieves","floor":21.0,"turns":3.0},{"damage":0.0,"enemies":"Slavers","floor":23.0,"turns":3.0},{"damage":0.0,"enemies":"Sentry and Sphere","floor":24.0,"turns":3.0},{"damage":0.0,"enemies":"Gremlin Leader","floor":25.0,"turns":5.0},{"damage":0.0,"enemies":"Snecko","floor":28.0,"turns":4.0},{"damage":0.0,"enemies":"Slavers","floor":30.0,"turns":3.0},{"damage":16.0,"enemies":"Snake Plant","floor":31.0,"turns":4.0},{"damage":48.0,"enemies":"Champ","floor":33.0,"turns":9.0},{"damage":1.0,"enemies":"3 Shapes","floor":35.0,"turns":4.0},{"damage":9,"enemies":"3 Darklings","floor":37,"turns":2},{"damage":0,"enemies":"Spire Growth","floor":38,"turns":7},{"damage":0,"enemies":"Nemesis","floor":40,"turns":9},{"damage":0,"enemies":"Giant Head","floor":41,"turns":11},{"damage":0,"enemies":"Transient","floor":42,"turns":5},{"damage":0,"enemies":"Nemesis","floor":44,"turns":7},{"damage":55,"enemies":"Time Eater","floor":50,"turns":11}],"seed_played":"8540682318001839959","potions_obtained":[{"floor":4.0,"key":"Explosive Potion"},{"floor":7.0,"key":"FairyPotion"},{"floor":14.0,"key":"PotionOfCapacity"},{"floor":16.0,"key":"SteroidPotion"},{"floor":23.0,"key":"Swift Potion"},{"floor":28.0,"key":"SteroidPotion"},{"floor":31.0,"key":"EntropicBrew"},{"floor":35.0,"key":"Energy Potion"},{"floor":37,"key":"FocusPotion"},{"floor":41,"key":"PotionOfCapacity"},{"floor":44,"key":"DistilledChaos"}],"is_trial":false,"path_per_floor":["M","$","M","M","?","E","M","E","T","R","T","E","R","E","R","B",null,"M","?","?","M","T","E","M","E","T","R","M","R","E","M","R","B",null,"M","?","M","M","$","E","E","M","T","E","?","R","$","T","R","B",null],"character_chosen":"DEFECT","items_purchased":["Beam Cell","White Noise","Darkstone Periapt","Loop"],"campfire_rested":2,"item_purchase_floors":[2,39,39,47],"current_hp_per_floor":[45,45,43,42,60,40,25,22,22,44,44,18,40,23,23,37,66,66,60,60,60,60,60,60,60,60,60,70,70,75,59,59,21,62,71,71,72,75,75,75,75,75,75,75,75,75,75,75,75,20],"gold":93,"neow_bonus":"ONE_RARE_RELIC","is_daily":false,"chose_seed":false,"campfire_upgraded":6,"win_rate":0.0,"timestamp":1608628548,"path_taken":["M","$","M","M","?","E","M","E","T","R","?","E","R","E","R","BOSS","M","?","?","M","?","E","M","E","T","R","M","R","E","?","R","BOSS","M","?","M","M","$","E","E","M","T","E","?","R","$","?","R","BOSS"],"items_purchased_type":["Card","Card","Relic","Card"],"build_version":"2020-12-13","purchased_purges":3,"victory":true,"max_hp_per_floor":[75,75,75,75,75,75,75,75,75,75,75,75,75,75,75,75,75,75,75,75,75,75,75,75,75,75,75,75,75,75,75,75,75,75,75,75,75,75,75,75,75,75,75,75,75,75,75,75,75,75],"relic_stats":{"Darkstone Periapt":0,"Torii":4,"counters":[26,125],"Orichalcum":[18],"Smiling Mask":50,"Mercury Hourglass":[360],"Lizard Tail":37,"Dream Catcher":0,"Sundial":[12],"Bronze Scales":[281],"Snecko Eye":[184,178,155,167],"Tiny Chest":2,"Kunai":[8],"obtain_stats":[{"Ice Cream":30,"Darkstone Periapt":39,"Lantern":9,"Torii":43,"Oddly Smooth Stone":48,"The Courier":44,"Orichalcum":41,"Ancient Tea Set":26,"Smiling Mask":40,"Mercury Hourglass":12,"Nuclear Battery":34,"Lizard Tail":11,"Dream Catcher":25,"HornCleat":14,"Sundial":23,"Bronze Scales":8,"Snecko Eye":17,"Tiny Chest":6,"WingedGreaves":0,"Kunai":22,"Cracked Core":0,"FossilizedHelix":20},{"Ice Cream":16,"Darkstone Periapt":21,"Lantern":6,"Torii":24,"Oddly Smooth Stone":25,"The Courier":25,"Orichalcum":23,"Ancient Tea Set":14,"Smiling Mask":22,"Mercury Hourglass":7,"Nuclear Battery":18,"Lizard Tail":6,"Dream Catcher":14,"HornCleat":8,"Sundial":12,"Bronze Scales":6,"Snecko Eye":9,"Tiny Chest":4,"WingedGreaves":0,"Kunai":11,"Cracked Core":0,"FossilizedHelix":10},{"Ice Cream":58,"Darkstone Periapt":82,"Lantern":21,"Torii":107,"Oddly Smooth Stone":114,"The Courier":114,"Orichalcum":102,"Ancient Tea Set":52,"Smiling Mask":91,"Mercury Hourglass":25,"Nuclear Battery":69,"Lizard Tail":21,"Dream Catcher":52,"HornCleat":29,"Sundial":44,"Bronze Scales":21,"Snecko Eye":34,"Tiny Chest":12,"WingedGreaves":0,"Kunai":41,"Cracked Core":0,"FossilizedHelix":38}]},"card_choices":[{"not_picked":["Hologram","Compile Driver"],"picked":"Sweeping Beam","floor":1.0},{"not_picked":["FTL","Gash"],"picked":"Conserve Battery","floor":3.0},{"not_picked":["Rebound","Cold Snap"],"picked":"Gash","floor":4.0},{"not_picked":["Cold Snap","Defragment"],"picked":"Electrodynamics","floor":6.0},{"not_picked":["Undo","Go for the Eyes"],"picked":"Doom and Gloom","floor":7.0},{"not_picked":["Steam Power","Rebound"],"picked":"Ball Lightning","floor":8.0},{"not_picked":["Melter","Turbo"],"picked":"Steam","floor":12.0},{"not_picked":["Rebound","Cold Snap"],"picked":"Genetic Algorithm","floor":14.0},{"not_picked":["Meteor Strike","Electrodynamics"],"picked":"Buffer","floor":16.0},{"not_picked":["Ball Lightning","BootSequence"],"picked":"Coolheaded","floor":18.0},{"not_picked":["Conserve Battery","Coolheaded"],"picked":"Force Field","floor":21.0},{"not_picked":["Go for the Eyes","Gash"],"picked":"Loop","floor":23.0},{"not_picked":["Rebound","Go for the Eyes"],"picked":"Rainbow","floor":24.0},{"not_picked":["Creative AI","Capacitor"],"picked":"Self Repair+1","floor":25.0},{"not_picked":["Genetic Algorithm","Barrage","Redo"],"picked":"SKIP","floor":28.0},{"not_picked":["Compile Driver","Chill"],"picked":"Conserve Battery","floor":30.0},{"not_picked":["Barrage","Reprogram+1"],"picked":"Capacitor","floor":31.0},{"not_picked":["Meteor Strike","Hyperbeam"],"picked":"Machine Learning","floor":33.0},{"not_picked":["Barrage","Glacier"],"picked":"Reinforced Body+1","floor":35.0},{"not_picked":["Blizzard","Barrage","Chill"],"picked":"SKIP","floor":37},{"not_picked":["Beam Cell","Turbo","Stack"],"picked":"SKIP","floor":38},{"not_picked":["Steam","Chaos"],"picked":"Skim+1","floor":40},{"not_picked":["Redo","Ball Lightning"],"picked":"Aggregate","floor":41},{"not_picked":["Leap","Fusion+1"],"picked":"Coolheaded+1","floor":42},{"not_picked":["Hologram","Stack+1"],"picked":"Static Discharge+1","floor":44},{"not_picked":["Thinking Ahead","Blind"],"picked":"Purity","floor":45}],"player_experience":449989,"relics_obtained":[{"floor":6.0,"key":"Tiny Chest"},{"floor":8.0,"key":"Bronze Scales"},{"floor":9.0,"key":"Lantern"},{"floor":11.0,"key":"Lizard Tail"},{"floor":12.0,"key":"Mercury Hourglass"},{"floor":14.0,"key":"HornCleat"},{"floor":22.0,"key":"Kunai"},{"floor":23.0,"key":"Sundial"},{"floor":25.0,"key":"Dream Catcher"},{"floor":26.0,"key":"Ancient Tea Set"},{"floor":30.0,"key":"Ice Cream"},{"floor":40,"key":"Smiling Mask"},{"floor":41,"key":"Orichalcum"},{"floor":43,"key":"Torii"},{"floor":44,"key":"The Courier"},{"floor":48,"key":"Oddly Smooth Stone"}],"event_choices":[{"damage_healed":18.0,"max_hp_gain":0.0,"max_hp_loss":0.0,"gold_gain":0.0,"event_name":"The Cleric","player_choice":"Healed","floor":5.0,"gold_loss":35.0,"damage_taken":0.0},{"damage_healed":0.0,"max_hp_gain":0.0,"max_hp_loss":0.0,"gold_gain":0.0,"event_name":"Nest","player_choice":"Joined the Cult","floor":19.0,"gold_loss":0.0,"damage_taken":6.0,"cards_obtained":["RitualDagger"]},{"damage_healed":0.0,"max_hp_gain":0.0,"max_hp_loss":0.0,"gold_gain":0.0,"event_name":"Addict","player_choice":"Obtained Relic","floor":20.0,"gold_loss":85.0,"damage_taken":0.0,"relics_obtained":["FossilizedHelix"]},{"damage_healed":0.0,"max_hp_gain":0.0,"max_hp_loss":0.0,"gold_gain":0.0,"event_name":"Tomb of Lord Red Mask","player_choice":"Ignored","floor":36.0,"gold_loss":0.0,"damage_taken":0.0},{"damage_healed":0,"gold_gain":0,"player_choice":"Memory 1","damage_taken":0,"max_hp_gain":0,"max_hp_loss":0,"event_name":"SensoryStone","floor":45,"gold_loss":0}],"is_beta":false,"boss_relics":[{"not_picked":["Cursed Key","Ectoplasm"],"picked":"Snecko Eye"},{"not_picked":["SlaversCollar","Fusion Hammer"],"picked":"Nuclear Battery"}],"items_purged_floors":[2,39,47],"is_endless":false,"potions_floor_spawned":[4,7,14,16,21,23,28,30,31,35,37,41,44],"ascension_level":13}}