{"host":"cs25agt3z9hf1693","time":1608619269,"event":{"mods":["Abigail Mod","Act Like it!","BaseMod","CapriCore","ChefMod","Gensokyo","Minty Spire (QoL Compilation)","Remilia_Scarlet MoedÅiÂQïƒ‰ª?ÅEéz?óãì¡Åj3.3.5","Shop Mod","StSLib","The Immortal","The Marked","Åy?ï˚ìÒéü?çÏÅzî™â]éámod"],"gold_per_floor":[10,23,23,38,38,71,71,71,122,134,180,192,221,267,279,391,403,426,455,467,479,509,552,564,591,603,615,627,651,91,113,125,236,248,273,285,297,326,358,370,412,435,447,459,501,513,538,564,576,588,600,612,118,144,144,144],"floor_reached":55,"playtime":3945,"items_purged":["theMarked:ChainLightning"],"score":767,"play_id":"86e3d673-3792-47f8-b488-e2e289f1528f","local_time":"20201222014108","is_ascension_mode":false,"campfire_choices":[{"data":"theMarked:BanishingStrike","floor":7,"key":"SMITH"},{"data":"theMarked:SummonStrength","floor":15,"key":"SMITH"},{"floor":24,"key":"REST"},{"data":"theMarked:HeritageOfTheMarked","floor":27,"key":"SMITH"},{"data":"theMarked:BanishingStrike","floor":32,"key":"SMITH"},{"data":"theMarked:Improvise","floor":40,"key":"SMITH"},{"floor":46,"key":"RECALL"},{"data":"theMarked:WastefulDefense","floor":49,"key":"SMITH"},{"data":"theMarked:TakeCover","floor":52,"key":"SMITH"}],"circlet_count":0,"master_deck":["theMarked:Defend","theMarked:Defend","theMarked:Defend","theMarked:BanishingStrike+1","theMarked:BanishingStrike+1","theMarked:Improvise+1","Gensokyo:CrescentMoonSlash","theMarked:SummonStrength+1","theMarked:HeritageOfTheMarked+1","theMarked:TurnInvisible","theMarked:TakeCover+1","theMarked:WastefulDefense+1","theMarked:BanishingStrike+1","Gensokyo:Kunekune","theMarked:MagicAdept+1","theMarked:TurnInvisible","theMarked:TunnelVision+1","theMarked:WastefulDefense+1","theMarked:TwofoldDefense+1","theMarked:MuscleMemory+1","theMarked:StartUp+1","theMarked:TakeCover+1"],"relics":["theMarked:ArtifactOfAir","Dream Catcher","Gensokyo:Justice","MawBank","Ancient Tea Set","Kunai","Pear","Velvet Choker","HornCleat","Darkstone Periapt","Potion Belt","ClockworkSouvenir","Medical Kit","Empty Cage","Thread and Needle","Molten Egg 2","Pantograph","Nunchaku","TheAbacus","Happy Flower"],"acts_visited":["Gensokyo:Gensokyo","Gensokyo:Gensokyoer","Gensokyo:Gensokyoest","TheEnding"],"potions_floor_usage":[23,23,31,33,33,54,55,55,55],"damage_taken":[{"damage":3,"enemies":"Gensokyo:2_Kodama","floor":1,"turns":4},{"damage":0,"enemies":"Gensokyo:3_Fairies","floor":2,"turns":3},{"damage":7,"enemies":"Gensokyo:Gryphon","floor":4,"turns":3},{"damage":13,"enemies":"Gensokyo:Mamizou","floor":6,"turns":8},{"damage":0,"enemies":"Gensokyo:Cirno","floor":11,"turns":4},{"damage":2,"enemies":"Gensokyo:2_Rabbits","floor":13,"turns":2},{"damage":6,"enemies":"Gensokyo:Mamizou","floor":14,"turns":4},{"damage":21,"enemies":"Gensokyo:Yukari","floor":16,"turns":7},{"damage":13,"enemies":"Gensokyo:Chomper","floor":18,"turns":4},{"damage":16,"enemies":"Gensokyo:3_Dogs","floor":19,"turns":4},{"damage":11,"enemies":"Gensokyo:3_Gloops","floor":22,"turns":4},{"damage":27,"enemies":"Gensokyo:Tenshi","floor":23,"turns":4},{"damage":4,"enemies":"Gensokyo:Monolith_and_Dog","floor":25,"turns":5},{"damage":0,"enemies":"Gensokyo:Swordslinger","floor":29,"turns":3},{"damage":0,"enemies":"Gensokyo:Slime_Group","floor":31,"turns":4},{"damage":35,"enemies":"Gensokyo:Kaguya","floor":33,"turns":8},{"damage":2,"enemies":"Gensokyo:3_Boulders","floor":35,"turns":5},{"damage":1,"enemies":"Gensokyo:AncientGuardian","floor":38,"turns":5},{"damage":16,"enemies":"Gensokyo:Sharpion","floor":39,"turns":5},{"damage":19,"enemies":"Gensokyo:Doremy","floor":41,"turns":6},{"damage":0,"enemies":"Gensokyo:3_Boulders","floor":42,"turns":7},{"damage":12,"enemies":"Gensokyo:Kasen","floor":45,"turns":7},{"damage":0,"enemies":"Gensokyo:Rafflesia","floor":47,"turns":4},{"damage":0,"enemies":"Gensokyo:AtlasGolem","floor":48,"turns":4},{"damage":15,"enemies":"Gensokyo:Shinki","floor":50,"turns":10},{"damage":4,"enemies":"Shield and Spear","floor":54,"turns":6},{"damage":83,"enemies":"The Heart","floor":55,"turns":9}],"seed_played":"5766331965327100559","potions_obtained":[{"floor":4,"key":"LiquidBronze"},{"floor":6,"key":"SpeedPotion"},{"floor":13,"key":"SpeedPotion"},{"floor":16,"key":"Block Potion"},{"floor":23,"key":"DuplicationPotion"},{"floor":25,"key":"AttackPotion"},{"floor":31,"key":"SteroidPotion"},{"floor":38,"key":"DistilledChaos"},{"floor":39,"key":"DuplicationPotion"},{"floor":48,"key":"LiquidMemories"}],"is_trial":false,"path_per_floor":["M","M","COS","M","?","E","R","?","T","?","E","T","M","E","R","B",null,"M","M","?","?","M","E","R","M","T","R","?","M","COS","M","R","B",null,"M","?","T","M","M","R","E","M","T","?","E","R","M","M","R","B",null,"R","$","E","B"],"character_chosen":"THE_DEFAULT","items_purchased":["theMarked:StartUp+1","Nunchaku","TheAbacus","Block Potion"],"campfire_rested":1,"item_purchase_floors":[53,53,53,53],"current_hp_per_floor":[67,67,67,60,53,40,40,40,40,40,40,40,38,42,42,21,80,67,51,51,51,40,13,35,31,31,31,36,36,36,36,36,1,79,77,77,77,76,60,60,60,60,60,60,48,48,48,48,48,58,79,79,79,75,0,0],"gold":144,"neow_bonus":"TRANSFORM_TWO_CARDS","is_daily":false,"chose_seed":false,"campfire_upgraded":7,"win_rate":0.0,"timestamp":1608619268,"path_taken":["M","M","COS","M","?","E","R","?","T","?","E","?","M","E","R","BOSS","M","M","?","?","M","E","R","M","T","R","?","M","COS","?","R","BOSS","M","?","?","M","M","R","E","M","T","?","E","R","?","M","R","BOSS","R","$","E","BOSS"],"items_purchased_type":["Card","Relic","Relic","Potion"],"build_version":"2020-12-13","purchased_purges":1,"victory":false,"max_hp_per_floor":[70,70,70,70,70,70,70,70,70,70,70,70,70,80,80,80,80,80,80,74,74,74,74,74,74,74,74,79,79,79,79,79,79,79,79,79,79,79,79,79,79,79,79,79,79,79,79,79,79,79,79,79,79,79,79,79],"card_choices":[{"not_picked":["theMarked:TwofoldDefense","theMarked:Generate"],"picked":"theMarked:BanishingStrike","floor":1},{"not_picked":["theMarked:TwofoldDefense","theMarked:Aftermath"],"picked":"theMarked:Improvise","floor":2},{"not_picked":["theMarked:ResourceFulStrike","theMarked:TwofoldDefense"],"picked":"theMarked:ChainLightning","floor":4},{"not_picked":["theMarked:ChainLightning","theMarked:RepellingDischarge"],"picked":"theMarked:SummonStrength","floor":6},{"not_picked":["theMarked:WastefulAttack","theMarked:Frustration","theMarked:Levitate"],"picked":"SKIP","floor":11},{"not_picked":["theMarked:Parkour","theMarked:KeepCalmAndFightOn"],"picked":"theMarked:HeritageOfTheMarked","floor":13},{"not_picked":["theMarked:Polarize","theMarked:SwordAndMagic"],"picked":"theMarked:TurnInvisible","floor":14},{"not_picked":["theMarked:Frustration","theMarked:RepellingDischarge","theMarked:ResourceFulStrike"],"picked":"SKIP","floor":18},{"not_picked":["theMarked:DeterminationOfTheMarked+1","theMarked:BanishingStrike"],"picked":"theMarked:TakeCover","floor":19},{"not_picked":["theMarked:Levitate","theMarked:RepellingDischarge+1","theMarked:ShockingTouch"],"picked":"SKIP","floor":22},{"not_picked":["theMarked:ResourceFulStrike+1","theMarked:SwordAndMagic"],"picked":"theMarked:WastefulDefense","floor":23},{"not_picked":["theMarked:HeightenedSenses","theMarked:Frustration"],"picked":"theMarked:BanishingStrike+1","floor":25},{"not_picked":["theMarked:RepellingDischarge","theMarked:WastefulAttack","theMarked:ElectricStrings"],"picked":"SKIP","floor":29},{"not_picked":["theMarked:Reabsorb","theMarked:MaelstromOfLightning"],"picked":"theMarked:MagicAdept+1","floor":31},{"not_picked":["theMarked:BindingBlade","theMarked:Defy"],"picked":"theMarked:TurnInvisible","floor":33},{"not_picked":["theMarked:RogueSparks","theMarked:RepellingDischarge+1"],"picked":"theMarked:TunnelVision+1","floor":35},{"not_picked":["theMarked:EmpowerWeapon","theMarked:Panic","theMarked:ElectricStrings+1"],"picked":"SKIP","floor":38},{"not_picked":["theMarked:MuscleMemory","theMarked:PowerFlow"],"picked":"theMarked:WastefulDefense+1","floor":39},{"not_picked":["theMarked:BanishingStrike+1","theMarked:ChainLightning+1"],"picked":"theMarked:TwofoldDefense+1","floor":41},{"not_picked":["theMarked:BanishingStrike","theMarked:Aftermath+1","theMarked:MysticalArsenal"],"picked":"SKIP","floor":42},{"not_picked":["theMarked:PowerFlow+1","theMarked:ChainLightning+1"],"picked":"theMarked:MuscleMemory+1","floor":45},{"not_picked":["theMarked:Aftermath+1","theMarked:ResourceFulStrike+1","theMarked:RogueSparks+1"],"picked":"SKIP","floor":47},{"not_picked":["theMarked:Parkour+1","theMarked:Convert","theMarked:RepellingDischarge+1"],"picked":"SKIP","floor":48},{"not_picked":["theMarked:TwofoldDefense","theMarked:ResourceFulStrike+1"],"picked":"theMarked:TakeCover+1","floor":54}],"player_experience":134644,"relics_obtained":[{"floor":6,"key":"Dream Catcher"},{"floor":9,"key":"MawBank"},{"floor":11,"key":"Ancient Tea Set"},{"floor":12,"key":"Kunai"},{"floor":14,"key":"Pear"},{"floor":23,"key":"Darkstone Periapt"},{"floor":26,"key":"Potion Belt"},{"floor":41,"key":"Thread and Needle"},{"floor":43,"key":"Molten Egg 2"},{"floor":45,"key":"Pantograph"},{"floor":54,"key":"Happy Flower"}],"event_choices":[],"is_beta":false,"boss_relics":[{"not_picked":["Calling Bell","Ectoplasm"],"picked":"Velvet Choker"},{"not_picked":["Fusion Hammer","Astrolabe"],"picked":"Empty Cage"}],"items_purged_floors":[53],"is_endless":false,"potions_floor_spawned":[4,6,13,16,22,23,25,31,38,39,48],"killed_by":"The Heart","ascension_level":0}}