{"host":"Aysed","time":1608634438,"event":{"mods":["AchievementEnabler","BaseMod","Colored Powertips","Faster Ascension Climbing","Minty Spire (QoL Compilation)","Quick Restart","StSLib","SuperFastMode"],"gold_per_floor":[111,61,236,15,15,15,48,48,71,71,83,101,117,136,136,238,238,253,253,193,38,38,38],"floor_reached":22,"playtime":408,"items_purged":["Doubt"],"score":207,"play_id":"00019c96-8f7b-41ca-a392-9eb3c3f1b3b4","local_time":"20201222115358","is_ascension_mode":false,"campfire_choices":[{"data":"Neutralize","floor":6.0,"key":"SMITH"},{"data":"Burst","floor":8.0,"key":"SMITH"},{"data":"Defend_G","floor":10.0,"key":"SMITH"},{"data":"Catalyst","floor":15.0,"key":"SMITH"}],"circlet_count":0,"master_deck":["Strike_G","Strike_G","Strike_G","Defend_G","Defend_G","Defend_G","Defend_G","Defend_G+1","Survivor","Neutralize+1","Burst+1","Catalyst+1","Heel Hook+1","Backflip+1"],"relics":["Ring of the Snake","NeowsBlessing","TwistedFunnel","Molten Egg 2","Orichalcum","SlaversCollar","Strange Spoon"],"acts_visited":["Exordium","TheCity"],"potions_floor_usage":[18],"damage_taken":[{"damage":0.0,"enemies":"Jaw Worm","floor":1.0,"turns":1.0},{"damage":0.0,"enemies":"Lagavulin","floor":7.0,"turns":1.0},{"damage":0.0,"enemies":"Small Slimes","floor":11.0,"turns":1.0},{"damage":0.0,"enemies":"2 Louse","floor":12.0,"turns":2.0},{"damage":9.0,"enemies":"Gremlin Gang","floor":13.0,"turns":4.0},{"damage":3.0,"enemies":"Large Slime","floor":14.0,"turns":11.0},{"damage":12.0,"enemies":"Hexaghost","floor":16.0,"turns":4.0},{"damage":49,"enemies":"Spheric Guardian","floor":18,"turns":12},{"damage":10,"enemies":"2 Thieves","floor":20,"turns":4}],"seed_played":"-7964774328002040027","potions_obtained":[{"floor":11.0,"key":"SteroidPotion"},{"floor":12.0,"key":"DuplicationPotion"},{"floor":14.0,"key":"Dexterity Potion"}],"is_trial":false,"path_per_floor":["M","?","?","$","?","R","E","R","T","R","M","M","M","M","R","B",null,"M","?","M","$","?"],"character_chosen":"THE_SILENT","items_purchased":["TwistedFunnel","Strange Spoon"],"campfire_rested":0,"item_purchase_floors":[4,21],"current_hp_per_floor":[70,70,70,70,70,70,70,70,70,70,70,70,61,58,58,46,70,21,21,11,11,0,0],"gold":38,"neow_bonus":"THREE_ENEMY_KILL","is_daily":false,"chose_seed":false,"campfire_upgraded":4,"win_rate":0.0,"timestamp":1608634438,"path_taken":["M","?","?","?","?","R","E","R","T","R","M","M","?","M","R","BOSS","M","?","?","?","?"],"items_purchased_type":["Relic","Relic"],"build_version":"2020-12-18","purchased_purges":1,"victory":false,"max_hp_per_floor":[70,70,70,70,70,70,70,70,70,70,70,70,70,70,70,70,70,70,70,70,70,75,75],"card_choices":[{"not_picked":["Flying Knee","Eviscerate","Poisoned Stab"],"picked":"SKIP","floor":1.0},{"not_picked":["All Out Attack+1","Escape Plan"],"picked":"Burst","floor":7.0},{"not_picked":["Flying Knee+1","Backstab+1","Caltrops"],"picked":"SKIP","floor":11.0},{"not_picked":["Underhanded Strike+1","Deflect","Sucker Punch+1"],"picked":"SKIP","floor":12.0},{"not_picked":["Dagger Throw+1","Deflect","Masterful Stab+1"],"picked":"SKIP","floor":13.0},{"not_picked":["PiercingWail","Backflip"],"picked":"Catalyst","floor":14.0},{"not_picked":["Quick Slash+1","Bane+1","Tactician"],"picked":"SKIP","floor":18},{"not_picked":["Blur","Dagger Throw+1"],"picked":"Backflip+1","floor":20}],"player_experience":43794,"relics_obtained":[{"floor":7.0,"key":"Molten Egg 2"},{"floor":9.0,"key":"Orichalcum"}],"event_choices":[{"cards_removed":["Strike_G"],"damage_healed":0.0,"max_hp_gain":0.0,"max_hp_loss":0.0,"gold_gain":0.0,"event_name":"The Cleric","player_choice":"Card Removal","floor":2.0,"gold_loss":50.0,"damage_taken":0.0},{"damage_healed":0.0,"max_hp_gain":0.0,"max_hp_loss":0.0,"gold_gain":175.0,"event_name":"Liars Game","player_choice":"AGREE","floor":3.0,"gold_loss":0.0,"damage_taken":0.0,"cards_obtained":["Doubt"]},{"damage_healed":0.0,"max_hp_gain":0.0,"max_hp_loss":0.0,"gold_gain":0.0,"event_name":"WeMeetAgain","player_choice":"Ignored","floor":5.0,"gold_loss":0.0,"damage_taken":0.0},{"damage_healed":0,"gold_gain":0,"cards_transformed":["Strike_G"],"player_choice":"Transformed","damage_taken":0,"max_hp_gain":0,"max_hp_loss":0,"event_name":"Transmorgrifier","floor":19,"gold_loss":0,"cards_obtained":["Heel Hook"]}],"is_beta":true,"boss_relics":[{"not_picked":["Snecko Eye","HoveringKite"],"picked":"SlaversCollar"}],"items_purged_floors":[4],"is_endless":false,"potions_floor_spawned":[11,12,14],"ascension_level":0}}