{"host":"07ljfmttuzqopd7f","time":1608604433,"event":{"mods":["2.2 Compatiblity","BaseMod","Bestiary","Block Reminder","Colored Map","Colored Powertips","Curses Come First","Hermit","Minty Spire (QoL Compilation)","Quick Restart","Random Character Button","Rare Cards Sparkle","Relic Stats","StSLib","The Cursed","UnlockEverythingMod","everything is the same but u backflip on backflip"],"gold_per_floor":[112,127,302,318,334,363,363,374,374,374,392,392,392],"floor_reached":12,"playtime":516,"items_purged":[],"score":115,"play_id":"6362652d-20bc-4491-b76e-1ed276b3af69","local_time":"20201221213353","is_ascension_mode":true,"campfire_choices":[{"data":"hermit:Maintenance","floor":7,"key":"SMITH"},{"data":"hermit:Maintenance","floor":10,"key":"SMITH"}],"circlet_count":0,"master_deck":["hermit:Strike_Hermit","hermit:Strike_Hermit","hermit:Strike_Hermit","hermit:Strike_Hermit","hermit:Defend_Hermit","hermit:Defend_Hermit","hermit:Defend_Hermit","hermit:Defend_Hermit","hermit:Snapshot","hermit:Covet","hermit:TakeCover","hermit:LoneWolf","Doubt","hermit:LowProfile","hermit:Maintenance+1","hermit:Maintenance+1","hermit:BigShot","hermit:HeroicBravado"],"relics":["Philosopher\u0027s Stone","Omamori","Blue Candle"],"acts_visited":["Exordium"],"potions_floor_usage":[11,12],"damage_taken":[{"damage":0,"enemies":"Small Slimes","floor":1,"turns":3},{"damage":3,"enemies":"Jaw Worm","floor":2,"turns":3},{"damage":0,"enemies":"2 Louse","floor":4,"turns":2},{"damage":3,"enemies":"Large Slime","floor":5,"turns":10},{"damage":8,"enemies":"Lagavulin","floor":6,"turns":10},{"damage":11,"enemies":"Lots of Slimes","floor":8,"turns":7},{"damage":35,"enemies":"Gremlin Gang","floor":11,"turns":4},{"damage":47,"enemies":"Gremlin Nob","floor":12,"turns":4}],"seed_played":"3324471900902493606","potions_obtained":[{"floor":1,"key":"Ancient Potion"},{"floor":5,"key":"SkillPotion"},{"floor":6,"key":"Energy Potion"},{"floor":11,"key":"LiquidMemories"}],"is_trial":false,"path_per_floor":["M","M","?","M","M","E","R","M","T","R","M","E"],"character_chosen":"HERMIT","items_purchased":[],"campfire_rested":0,"item_purchase_floors":[],"current_hp_per_floor":[68,65,65,65,62,54,54,43,43,43,8,0,0],"gold":392,"neow_bonus":"BOSS_RELIC","is_daily":false,"chose_seed":false,"campfire_upgraded":2,"win_rate":0.0,"timestamp":1608604433,"path_taken":["M","M","?","M","M","E","R","M","T","R","M","E"],"items_purchased_type":[],"build_version":"2020-12-13","purchased_purges":0,"victory":false,"max_hp_per_floor":[75,75,75,75,75,75,75,75,75,75,75,75,75],"relic_stats":{"counters":[8,43],"Blue Candle":[0],"obtain_stats":[{"Blue Candle":9,"Philosopher\u0027s Stone":0,"Omamori":6,"hermit:Momento":0},{"Blue Candle":6,"Philosopher\u0027s Stone":0,"Omamori":5,"hermit:Momento":0},{"Blue Candle":35,"Philosopher\u0027s Stone":0,"Omamori":28,"hermit:Momento":0}]},"card_choices":[{"not_picked":["hermit:Dive","hermit:Roulette"],"picked":"hermit:TakeCover","floor":1},{"not_picked":["hermit:PistolWhip","hermit:Grudge"],"picked":"hermit:LoneWolf","floor":2},{"not_picked":["hermit:Desperado","hermit:Coalescence"],"picked":"hermit:LowProfile","floor":4},{"not_picked":["hermit:Dive","hermit:GoldenBullet"],"picked":"hermit:Maintenance","floor":5},{"not_picked":["hermit:ItchyTrigger","hermit:Headshot"],"picked":"hermit:Maintenance","floor":6},{"not_picked":["hermit:ItchyTrigger","hermit:BodyArmor"],"picked":"hermit:BigShot","floor":8},{"not_picked":["hermit:EyeOfTheStorm","hermit:TakeAim"],"picked":"hermit:HeroicBravado","floor":11}],"player_experience":453378,"relics_obtained":[{"floor":6,"key":"Omamori"},{"floor":9,"key":"Blue Candle"}],"event_choices":[{"damage_healed":0,"gold_gain":175,"player_choice":"AGREE","damage_taken":0,"max_hp_gain":0,"max_hp_loss":0,"event_name":"Liars Game","floor":3,"gold_loss":0,"cards_obtained":["Doubt"]}],"is_beta":false,"boss_relics":[],"items_purged_floors":[],"is_endless":false,"potions_floor_spawned":[1,5,6,11],"killed_by":"Gremlin Nob","ascension_level":8}}