{"host":"2461dio7vetlq1z3","time":1608680514,"event":{"mods":["2.2 Compatiblity","AchievementEnabler","BaseMod","Better Third Choice","Hermit","Marisa????????","Minty Spire (QoL Compilation)","Relic Stats","Spicy Shops","StSLib","The Runesmith","Waifu the Spire"],"gold_per_floor":[117,134,134,148,167,167,194,194,262,273,303,303,333,119,119,214,214,231,213,116,133,133,133,151,186,186,186,186,214,29,45,45,148,148,166,0,0,17,27,61,72,97,122,122,135,135,189,206,206,206,206,206,81,108,108],"floor_reached":56,"playtime":4071,"items_purged":["Pain","Parasite","Bite+1"],"score":1306,"play_id":"e8110540-0097-44f4-838e-8b5621f170db","local_time":"20201223004154","is_ascension_mode":true,"campfire_choices":[{"data":"Runesmith:LithiumIon","floor":6,"key":"SMITH"},{"data":"Runesmith:Repurpose","floor":8,"key":"SMITH"},{"floor":12,"key":"REST"},{"data":"Runesmith:Fortify","floor":15,"key":"SMITH"},{"data":"Runesmith:PoweredAnvil","floor":23,"key":"SMITH"},{"floor":27,"key":"REST"},{"data":"Runesmith:Reinforce","floor":32,"key":"SMITH"},{"floor":44,"key":"RECALL"},{"data":"Runesmith:CraftMagma","floor":46,"key":"SMITH"},{"data":"Runesmith:BackupBattery+1","floor":49,"key":"SMITH"},{"data":"Runesmith:PoweredAnvil","floor":52,"key":"SMITH"}],"circlet_count":0,"master_deck":["Runesmith:Defend_RS","Runesmith:Defend_RS","Runesmith:Defend_RS","Runesmith:CraftFirestone","Runesmith:Fortify+1","Runesmith:ReplicatingBarrier","Runesmith:Permafrost","Runesmith:EarthShield","Runesmith:MakeshiftArmor","Runesmith:LithiumIon+1","Runesmith:Repurpose+1","Runesmith:CraftProtectio","Runesmith:CraftMagma+1","Runesmith:Firestorm","Runesmith:GrandSlam+1","Runesmith:PoweredAnvil+1","Runesmith:ShiftingStrike+1","Runesmith:BackupBattery+2","Runesmith:Terraform","Bite+1","Bite+1","Bite+1","Bite+1","Runesmith:Reinforce+1","Runesmith:GrandSlam+1","Runesmith:PoweredAnvil+1","Runesmith:Duplicate","Runesmith:CraftMagma+1","Runesmith:Empowerment+1","Runesmith:PoweredAnvil+1","Runesmith:Superposition+1"],"relics":["Runesmith:BrokenRuby","WarpedTongs","Runesmith:Locket","Molten Egg 2","Omamori","Runic Pyramid","White Beast Statue","Akabeko","Ice Cream","Velvet Choker","Red Mask","Runesmith:AutoHammer","Bottled Tornado","CatCart","Mummified Hand"],"acts_visited":["Exordium","TheCity","TheBeyond","TheEnding"],"potions_floor_usage":[7,11,29,31,33,55,55,55],"damage_taken":[{"damage":7,"enemies":"Jaw Worm","floor":1,"turns":4},{"damage":4,"enemies":"Cultist","floor":2,"turns":5},{"damage":7,"enemies":"2 Louse","floor":4,"turns":3},{"damage":4,"enemies":"Large Slime","floor":5,"turns":10},{"damage":18,"enemies":"3 Sentries","floor":7,"turns":7},{"damage":6,"enemies":"3 Louse","floor":10,"turns":5},{"damage":18,"enemies":"Gremlin Nob","floor":11,"turns":5},{"damage":3,"enemies":"The Guardian","floor":16,"turns":11},{"damage":0,"enemies":"Spheric Guardian","floor":18,"turns":6},{"damage":16,"enemies":"2 Thieves","floor":19,"turns":4},{"damage":9,"enemies":"3 Cultists","floor":21,"turns":6},{"damage":7,"enemies":"Snake Plant","floor":24,"turns":4},{"damage":6,"enemies":"Book of Stabbing","floor":25,"turns":6},{"damage":26,"enemies":"Gremlin Leader","floor":29,"turns":7},{"damage":0,"enemies":"Centurion and Healer","floor":31,"turns":8},{"damage":6,"enemies":"Automaton","floor":33,"turns":8},{"damage":11,"enemies":"Orb Walker","floor":35,"turns":5},{"damage":11,"enemies":"3 Shapes","floor":38,"turns":6},{"damage":0,"enemies":"Sphere and 2 Shapes","floor":39,"turns":4},{"damage":32,"enemies":"Reptomancer","floor":40,"turns":5},{"damage":4,"enemies":"Transient","floor":41,"turns":5},{"damage":0,"enemies":"Giant Head","floor":42,"turns":7},{"damage":0,"enemies":"3 Darklings","floor":45,"turns":7},{"damage":0,"enemies":"Orin","floor":47,"turns":9},{"damage":2,"enemies":"Sphere and 2 Shapes","floor":48,"turns":6},{"damage":20,"enemies":"Donu and Deca","floor":50,"turns":7},{"damage":10,"enemies":"Shield and Spear","floor":54,"turns":7},{"damage":23,"enemies":"The Heart","floor":55,"turns":9}],"seed_played":"7445900929337578452","potions_obtained":[{"floor":2,"key":"PowerPotion"},{"floor":5,"key":"LiquidMemories"},{"floor":10,"key":"Swift Potion"},{"floor":18,"key":"Fruit Juice"},{"floor":25,"key":"SneckoOil"},{"floor":29,"key":"SteroidPotion"},{"floor":31,"key":"Fruit Juice"},{"floor":33,"key":"Ancient Potion"},{"floor":35,"key":"Regen Potion"},{"floor":38,"key":"SpeedPotion"},{"floor":45,"key":"DuplicationPotion"}],"is_trial":false,"path_per_floor":["M","M","?","M","M","R","E","R","T","M","E","R","?","$","R","B",null,"M","M","$","M","?","R","M","E","T","R","?","E","$","M","R","B",null,"M","?","?","M","M","E","M","E","T","R","M","R","?","M","R","B",null,"R","$","E","B",null],"character_chosen":"RUNESMITH_CLASS","items_purchased":["Runesmith:Firestorm","Runesmith:PoweredAnvil","Runesmith:ShiftingStrike+1","Runesmith:GrandSlam+1","Runesmith:PoweredAnvil"],"campfire_rested":2,"item_purchase_floors":[14,20,20,30,30],"current_hp_per_floor":[63,59,59,52,48,48,30,30,30,24,6,27,27,27,27,24,67,67,51,51,42,30,30,23,17,17,38,38,27,27,46,46,60,60,60,60,60,58,60,40,48,60,60,60,60,60,60,60,60,49,60,60,60,60,49],"gold":108,"neow_bonus":"THREE_RARE_CARDS","is_daily":false,"chose_seed":false,"campfire_upgraded":8,"win_rate":0.0,"timestamp":1608680514,"path_taken":["M","M","?","?","M","R","E","R","T","M","E","R","?","$","R","BOSS","M","M","$","M","?","R","M","E","T","R","?","E","$","M","R","BOSS","M","?","?","M","M","E","?","E","T","R","M","R","?","M","R","BOSS","R","$","E","BOSS"],"items_purchased_type":["Card","Card","Card","Card","Card"],"build_version":"2020-12-13","purchased_purges":3,"victory":true,"max_hp_per_floor":[70,70,70,70,70,70,70,70,70,70,70,70,70,67,67,67,67,67,67,67,67,72,72,72,72,72,72,50,50,50,55,55,60,60,60,60,60,60,60,60,60,60,60,60,60,60,60,60,60,60,60,60,60,60,60],"relic_stats":{"counters":[28,176],"Mummified Hand":[10],"obtain_stats":[{"Ice Cream":29,"Runesmith:BrokenRuby":0,"Runesmith:Locket":7,"Velvet Choker":34,"Omamori":11,"Bottled Tornado":42,"White Beast Statue":25,"Akabeko":26,"WarpedTongs":3,"Mummified Hand":54,"Molten Egg 2":9,"Red Mask":36,"Runesmith:AutoHammer":40,"CatCart":47,"Runic Pyramid":17},{"Ice Cream":14,"Runesmith:BrokenRuby":0,"Runesmith:Locket":5,"Velvet Choker":16,"Omamori":7,"Bottled Tornado":22,"White Beast Statue":13,"Akabeko":13,"WarpedTongs":2,"Mummified Hand":27,"Molten Egg 2":5,"Red Mask":17,"Runesmith:AutoHammer":20,"CatCart":24,"Runic Pyramid":8},{"Ice Cream":83,"Runesmith:BrokenRuby":0,"Runesmith:Locket":29,"Velvet Choker":99,"Omamori":39,"Bottled Tornado":131,"White Beast Statue":76,"Akabeko":76,"WarpedTongs":9,"Mummified Hand":167,"Molten Egg 2":29,"Red Mask":104,"Runesmith:AutoHammer":119,"CatCart":147,"Runic Pyramid":50}],"WarpedTongs":[162]},"card_choices":[{"not_picked":["Runesmith:GenerateForcefield","Runesmith:LastStand"],"picked":"Runesmith:ReplicatingBarrier","floor":0},{"not_picked":["Runesmith:HammerTime","Runesmith:EarthShield"],"picked":"Runesmith:Permafrost","floor":1},{"not_picked":["Runesmith:BackupBattery","Runesmith:CraftMagma"],"picked":"Runesmith:EarthShield","floor":2},{"not_picked":["Runesmith:CraftMagma","Runesmith:Permafrost"],"picked":"Runesmith:MakeshiftArmor","floor":4},{"not_picked":["Runesmith:Permafrost","Runesmith:CraftProtectio"],"picked":"Runesmith:LithiumIon","floor":5},{"not_picked":["Runesmith:ChargedHammer","Runesmith:PerfectChisel"],"picked":"Runesmith:Repurpose","floor":7},{"not_picked":["Runesmith:StaticCage","Runesmith:MakeshiftArmor"],"picked":"Runesmith:CraftProtectio","floor":10},{"not_picked":["Runesmith:ChiselStab+1","Runesmith:Retool"],"picked":"Runesmith:CraftMagma","floor":11},{"not_picked":["Runesmith:MetallurgicalResearch","Runesmith:Duplicate"],"picked":"Runesmith:GrandSlam+1","floor":16},{"not_picked":["Runesmith:ChiselStab+1","Runesmith:CraftReservo","Runesmith:CraftMagma"],"picked":"SKIP","floor":18},{"not_picked":["Runesmith:Firewall","Runesmith:Malloc","Runesmith:Grindstone"],"picked":"SKIP","floor":19},{"not_picked":["Runesmith:HammerThrow+1","Runesmith:Overpower+1","Runesmith:ChargedHammer+1"],"picked":"SKIP","floor":21},{"not_picked":["Runesmith:ChargedHammer+1","Runesmith:OneForEveryone+1"],"picked":"Runesmith:BackupBattery+1","floor":24},{"not_picked":["Runesmith:Malloc","Runesmith:ElementalConversion+1"],"picked":"Runesmith:Terraform","floor":25},{"not_picked":["Runesmith:Repurpose+1","Runesmith:UnstableHammer+1"],"picked":"Runesmith:Reinforce","floor":29},{"not_picked":["Runesmith:WhiteBalance+1","Runesmith:HeatExchange+1","Runesmith:StaticCage"],"picked":"SKIP","floor":31},{"not_picked":["Runesmith:WhiteBalance+1","Runesmith:HeatExchange+1","Runesmith:StaticCage"],"picked":"SKIP","floor":31},{"not_picked":["Runesmith:GrandSlam+1","Runesmith:LightningRod"],"picked":"Runesmith:Duplicate","floor":33},{"not_picked":["Runesmith:Firestorm","Runesmith:StaticCage"],"picked":"Runesmith:CraftMagma+1","floor":35},{"not_picked":["Runesmith:EnergizedChisel+1","Runesmith:Attraction+1","Runesmith:CraftMagma+1"],"picked":"SKIP","floor":38},{"not_picked":["Runesmith:Repurpose","Runesmith:HeatedChisel+1"],"picked":"Runesmith:Empowerment+1","floor":39},{"not_picked":["Runesmith:StaticCage","Runesmith:HeatExchange+1","Runesmith:HammerAndChisel"],"picked":"SKIP","floor":40},{"not_picked":["Runesmith:HeatedChisel+1","Runesmith:RunicBlueprint+1"],"picked":"Runesmith:PoweredAnvil+1","floor":41},{"not_picked":["Runesmith:Empowerment+1","Runesmith:ChiselStab+1"],"picked":"Runesmith:Superposition+1","floor":42},{"not_picked":["Runesmith:Reinforce","Runesmith:Electrocute+1","Runesmith:Overpower+1"],"picked":"SKIP","floor":45},{"not_picked":["Runesmith:ChiselStab+1","Runesmith:StaticCage+1","Runesmith:ElementalConversion"],"picked":"SKIP","floor":48},{"not_picked":["Runesmith:PerfectChisel+1","Runesmith:ReplicatingBarrier","Runesmith:EnergizedChisel+1"],"picked":"SKIP","floor":54}],"player_experience":942544,"relics_obtained":[{"floor":7,"key":"Runesmith:Locket"},{"floor":9,"key":"Molten Egg 2"},{"floor":11,"key":"Omamori"},{"floor":25,"key":"White Beast Statue"},{"floor":26,"key":"Akabeko"},{"floor":29,"key":"Ice Cream"},{"floor":40,"key":"Runesmith:AutoHammer"},{"floor":42,"key":"Bottled Tornado"},{"floor":47,"key":"CatCart"},{"floor":54,"key":"Mummified Hand"}],"event_choices":[{"damage_healed":0,"gold_gain":0,"player_choice":"Rummage","damage_taken":0,"relics_obtained":["WarpedTongs"],"max_hp_gain":0,"max_hp_loss":0,"event_name":"Accursed Blacksmith","floor":3,"gold_loss":0,"cards_obtained":["Pain"]},{"damage_healed":0,"gold_gain":30,"player_choice":"Searched \u00271\u0027 times","damage_taken":0,"max_hp_gain":0,"max_hp_loss":0,"event_name":"Dead Adventurer","floor":13,"gold_loss":0},{"damage_healed":0,"gold_gain":0,"player_choice":"Shed Blood","damage_taken":17,"max_hp_gain":5,"max_hp_loss":0,"event_name":"Forgotten Altar","floor":22,"gold_loss":0},{"damage_healed":0,"gold_gain":0,"player_choice":"Became a vampire","damage_taken":0,"max_hp_gain":0,"max_hp_loss":22,"event_name":"Vampires","floor":28,"gold_loss":0,"cards_obtained":["Bite","Bite","Bite","Bite","Bite"]},{"damage_healed":0,"gold_gain":0,"player_choice":"Paid","damage_taken":0,"relics_obtained":["Red Mask"],"max_hp_gain":0,"max_hp_loss":0,"event_name":"Tomb of Lord Red Mask","floor":36,"gold_loss":166},{"cards_removed":["Runesmith:Defend_RS"],"damage_healed":0,"gold_gain":0,"player_choice":"Card Removal","damage_taken":0,"max_hp_gain":0,"max_hp_loss":0,"event_name":"Wheel of Change","floor":37,"gold_loss":0},{"damage_healed":0,"gold_gain":0,"player_choice":"Fight","damage_taken":0,"max_hp_gain":0,"max_hp_loss":0,"event_name":"OrinTheCat","floor":47,"gold_loss":0}],"is_beta":false,"boss_relics":[{"not_picked":["Runesmith:CoreCrystal","Runesmith:UraniumAnvil"],"picked":"Runic Pyramid"},{"not_picked":["SlaversCollar","Runic Dome"],"picked":"Velvet Choker"}],"items_purged_floors":[14,14,53],"is_endless":false,"potions_floor_spawned":[2,5,10,18,25,29,31,33,35,38,39,40,41,42,45,47,48,54],"ascension_level":1}}