{"host":"0tiuc76yumknr6qf","time":1608609593,"event":{"mods":["BaseMod","Downfall","Highlight Path","Minty Spire (QoL Compilation)","StSLib"],"gold_per_floor":[199,213,138,138,158,186,186,111,128,128,3,22,42,66,84,189,189,189,214,214,14,25,57,57,87,98,126,139,139,150,169,182,278,278,203,203,233,244,578,578,605,395,409,434,451,467,164,181,200,200,200,225,4,4,4],"floor_reached":56,"playtime":24320,"items_purged":["Slimebound:Strike_Slimebound","Slimebound:Tackle"],"score":1617,"play_id":"9bc8ea6e-8dc4-4e65-af61-5842108e187a","local_time":"20201221215953","is_ascension_mode":true,"campfire_choices":[{"floor":1,"key":"RECALL"},{"data":"Slimebound:Split","floor":3,"key":"SMITH"},{"data":"Slimebound:FirmFortitude","floor":8,"key":"SMITH"},{"data":"Slimebound:AcidTongue","floor":10,"key":"SMITH"},{"data":"Slimebound:OneTwoCombo","floor":18,"key":"SMITH"},{"data":"Slimebound:SlimeBrawl","floor":20,"key":"SMITH"},{"data":"Slimebound:LeadByExample","floor":35,"key":"SMITH"},{"data":"expansioncontent:DefensiveStance","floor":40,"key":"SMITH"},{"data":"Slimebound:Overexert","floor":54,"key":"SMITH"}],"circlet_count":0,"master_deck":["Slimebound:Defend_Slimebound","Slimebound:Defend_Slimebound","Slimebound:Defend_Slimebound","Slimebound:Defend_Slimebound","Slimebound:Split+1","Slimebound:CorrosiveSpit","Slimebound:SlimeTap","Slimebound:ViciousTackle","Slimebound:FirmFortitude+1","Slimebound:AcidTongue+1","Slimebound:GoopSpray","Slimebound:HungryTackle","Slimebound:FlameTackle","Slimebound:RejuvenatingLick","Slimebound:Chomp","Slimebound:SplitMire","Slimebound:ForwardTackle","Slimebound:OneTwoCombo+1","Slimebound:SlimeBrawl+1","Slimebound:SplitAcid","Slimebound:RainOfGoop","Slimebound:Repurpose","Slimebound:LeadByExample+1","Slimebound:LevelUp+1","Slimebound:Recycling","Slimebound:LevelUp","Slimebound:MegaLick+1","Slimebound:OneTwoCombo","Slimebound:Grow+1","Slimebound:SplitBruiser","expansioncontent:DefensiveStance+1","Slimebound:Overexert+1","expansioncontent:DashGenerateEvil","Slimebound:SamplingLick+1","Slimebound:Teamwork","Slimebound:SplitMire+1","Slimebound:OozeBath","Slimebound:OneTwoCombo","Slimebound:SamplingLick+1","Slimebound:SplitLeeching+1","Slimebound:SlimeBarrage+1","expansioncontent:DashGenerateEvil"],"relics":["Slimebound:AbsorbEndCombat","downfall:HeartBlessingRed","HornCleat","downfall:HeartBlessingBlue","Odd Mushroom","Philosopher\u0027s Stone","Lantern","Sundial","Pear","Slimebound:SlimedTailRelic","Calipers","SlaversCollar","downfall:HeartBlessingGreen","Kunai","Membership Card","InkBottle","Old Coin","Happy Flower","Akabeko","Potion Belt","Oddly Smooth Stone","ClockworkSouvenir","Shuriken","OrangePellets"],"acts_visited":["Exordium","TheCity","TheBeyond","TheEnding"],"potions_floor_usage":[19,19,19,25,27,28,33,55,55,55],"damage_taken":[{"damage":9,"enemies":"Jaw Worm","floor":2,"turns":3},{"damage":8,"enemies":"Cultist","floor":5,"turns":3},{"damage":39,"enemies":"3 Sentries","floor":6,"turns":8},{"damage":4,"enemies":"Small Slimes","floor":9,"turns":3},{"damage":4,"enemies":"downfall:FleeingMerchant","floor":11,"turns":4},{"damage":18,"enemies":"Red Slaver","floor":12,"turns":3},{"damage":7,"enemies":"3 Louse","floor":13,"turns":2},{"damage":16,"enemies":"The Mushroom Lair","floor":14,"turns":3},{"damage":6,"enemies":"Exordium Thugs","floor":15,"turns":3},{"damage":48,"enemies":"downfall:Ironclad","floor":16,"turns":5},{"damage":38,"enemies":"Slavers","floor":19,"turns":4},{"damage":31,"enemies":"downfall:FleeingMerchant","floor":21,"turns":4},{"damage":15,"enemies":"Shell Parasite","floor":22,"turns":3},{"damage":12,"enemies":"Gremlin Leader","floor":23,"turns":5},{"damage":37,"enemies":"Slavers","floor":25,"turns":3},{"damage":30,"enemies":"3 Byrds","floor":26,"turns":3},{"damage":29,"enemies":"Book of Stabbing","floor":27,"turns":3},{"damage":15,"enemies":"3 Cultists","floor":28,"turns":4},{"damage":26,"enemies":"Snake Plant","floor":30,"turns":2},{"damage":41,"enemies":"Shelled Parasite and Fungi","floor":31,"turns":4},{"damage":17,"enemies":"Chosen and Byrds","floor":32,"turns":3},{"damage":35,"enemies":"downfall:Defect","floor":33,"turns":5},{"damage":40,"enemies":"Giant Head","floor":37,"turns":6},{"damage":16,"enemies":"downfall:FleeingMerchant","floor":38,"turns":3},{"damage":15,"enemies":"Nemesis","floor":39,"turns":3},{"damage":0,"enemies":"Orb Walker","floor":43,"turns":3},{"damage":29,"enemies":"Giant Head","floor":44,"turns":5},{"damage":0,"enemies":"3 Shapes","floor":45,"turns":3},{"damage":25,"enemies":"Spire Growth","floor":46,"turns":3},{"damage":5,"enemies":"Writhing Mass","floor":48,"turns":4},{"damage":28,"enemies":"Jaw Worm Horde","floor":49,"turns":2},{"damage":17,"enemies":"downfall:Silent","floor":50,"turns":4},{"damage":46,"enemies":"downfall:CharBossMerchant","floor":52,"turns":6},{"damage":37,"enemies":"downfall:NeowBoss","floor":55,"turns":16}],"seed_played":"-5930815444773654049","potions_obtained":[{"floor":2,"key":"SkillPotion"},{"floor":13,"key":"Block Potion"},{"floor":14,"key":"champ:CounterPotion"},{"floor":15,"key":"Block Potion"},{"floor":19,"key":"Slimebound:SpawnSlimePotion"},{"floor":22,"key":"GamblersBrew"},{"floor":25,"key":"Energy Potion"},{"floor":26,"key":"Swift Potion"},{"floor":27,"key":"SteroidPotion"},{"floor":32,"key":"BlessingOfTheForge"},{"floor":37,"key":"SteroidPotion"},{"floor":46,"key":"Strength Potion"},{"floor":48,"key":"sneckomod:MuddlingPotion"},{"floor":49,"key":"LiquidMemories"},{"floor":52,"key":"Swift Potion"}],"is_trial":false,"path_per_floor":["R","M","R","?","M","E","T","R","M","R","$","M","M","?","M","B",null,"R","E","R","$","M","E","T","E","M","E","M","?","M","M","M","B",null,"R","?","E","$","E","R","T","$","M","E","M","M","$","M","M","B",null,"E","$","R","B",null],"character_chosen":"SLIMEBOUND","items_purchased":["Slimebound:HungryTackle","Slimebound:FlameTackle","Slimebound:RainOfGoop","Slimebound:Repurpose","Slimebound:LeadByExample","Membership Card","expansioncontent:DefensiveStance","InkBottle","Akabeko","expansioncontent:DashGenerateEvil","Oddly Smooth Stone","ClockworkSouvenir","Slimebound:OozeBath","Slimebound:OneTwoCombo","OrangePellets","expansioncontent:DashGenerateEvil"],"campfire_rested":0,"item_purchase_floors":[11,11,21,21,21,38,38,38,42,42,47,47,47,47,53,53],"current_hp_per_floor":[54,55,55,55,57,28,28,38,46,46,56,50,43,33,37,19,57,57,41,41,44,51,70,80,61,57,46,57,57,51,30,37,38,70,70,62,68,62,71,71,71,71,80,75,80,74,74,79,68,80,80,64,64,64,80],"gold":4,"neow_bonus":"HUNDRED_GOLD","is_daily":false,"chose_seed":false,"campfire_upgraded":8,"win_rate":0.0,"timestamp":1608609593,"path_taken":["R","M","R","?","M","E","T","R","M","R","$","?","M","?","M","BOSS","R","E","R","$","M","E","T","E","M","E","M","?","M","?","M","BOSS","R","?","E","?","E","R","T","$","?","E","M","M","$","M","M","BOSS","E","$","R","BOSS"],"items_purchased_type":["Card","Card","Card","Card","Card","Relic","Card","Relic","Relic","Card","Relic","Relic","Card","Card","Relic","Card"],"build_version":"2020-12-13","purchased_purges":2,"victory":true,"max_hp_per_floor":[60,60,60,60,60,60,60,70,70,70,70,70,70,70,70,70,70,70,70,70,70,70,70,80,80,80,80,80,80,80,80,80,80,80,80,80,80,80,80,80,80,80,80,80,80,80,80,80,80,80,80,80,80,80,80],"card_choices":[{"not_picked":["Slimebound:FinishingTackle","Slimebound:ComboTackle"],"picked":"Slimebound:SlimeTap","floor":2},{"not_picked":["Slimebound:SplitMire","Slimebound:ComboTackle"],"picked":"Slimebound:ViciousTackle","floor":5},{"not_picked":["Slimebound:DisruptingSlam","Slimebound:ProtectTheBoss"],"picked":"Slimebound:FirmFortitude","floor":6},{"not_picked":["Slimebound:SplitMire","Slimebound:RollThrough"],"picked":"Slimebound:AcidTongue","floor":9},{"not_picked":["Slimebound:SplitMire","Slimebound:PressTheAttack"],"picked":"Slimebound:GoopSpray","floor":11},{"not_picked":["Slimebound:SlimeTap","Slimebound:LeadByExample"],"picked":"Slimebound:RejuvenatingLick","floor":12},{"not_picked":["Slimebound:FirmFortitude","Slimebound:RainOfGoop"],"picked":"Slimebound:Chomp","floor":13},{"not_picked":["Slimebound:GrowthPunch","Slimebound:ViciousTackle"],"picked":"Slimebound:SplitMire","floor":14},{"not_picked":["Slimebound:DouseInSlime","Slimebound:SplitMire"],"picked":"Slimebound:ForwardTackle","floor":15},{"not_picked":["Slimebound:DuplicatedForm","Slimebound:RallyTheTroops"],"picked":"Slimebound:OneTwoCombo","floor":16},{"not_picked":["Slimebound:PressTheAttack","Slimebound:GoopSpray"],"picked":"Slimebound:SlimeBrawl","floor":19},{"not_picked":["Slimebound:SplitLeeching","Slimebound:SlimeSpikes"],"picked":"Slimebound:SplitAcid","floor":21},{"not_picked":["Slimebound:MegaLick+1","Slimebound:LivingWall"],"picked":"Slimebound:LevelUp","floor":22},{"not_picked":["Slimebound:GrowthPunch","Slimebound:ComboTackle+1"],"picked":"Slimebound:Recycling","floor":23},{"not_picked":["Slimebound:SpikyOuterGoop","Slimebound:Prepare"],"picked":"Slimebound:LevelUp","floor":25},{"not_picked":["Slimebound:Schlurp","Slimebound:LeechingTouch","Slimebound:RollThrough"],"picked":"SKIP","floor":26},{"not_picked":["Slimebound:HungryTackle","Slimebound:SplitLeeching","Slimebound:GoopTackle"],"picked":"SKIP","floor":27},{"not_picked":["Slimebound:LeechingTouch","Slimebound:ViciousTackle","Slimebound:FinishingTackle"],"picked":"SKIP","floor":28},{"not_picked":["Slimebound:SplitAcid","Slimebound:ProtectTheBoss","Slimebound:DouseInSlime"],"picked":"SKIP","floor":30},{"not_picked":["Slimebound:RainOfGoop","Slimebound:HauntingLick+1"],"picked":"Slimebound:MegaLick+1","floor":31},{"not_picked":["Slimebound:PressTheAttack","Slimebound:ItLooksTasty","Slimebound:ViciousTackle"],"picked":"SKIP","floor":32},{"not_picked":["Slimebound:LeechLife","Slimebound:MassRepurpose"],"picked":"Slimebound:OneTwoCombo","floor":33},{"not_picked":["Slimebound:LeechingTouch+1","Slimebound:ViciousTackle"],"picked":"Slimebound:Grow+1","floor":37},{"not_picked":["Slimebound:ComboTackle+1","Slimebound:Schlurp"],"picked":"Slimebound:SplitBruiser","floor":38},{"not_picked":["Slimebound:SlimeSlap","Slimebound:Schlurp"],"picked":"Slimebound:Overexert","floor":39},{"not_picked":["Slimebound:SplitMire","Slimebound:MegaLick+1"],"picked":"Slimebound:SamplingLick+1","floor":43},{"not_picked":["Slimebound:SplitMire+1","Slimebound:Schlurp+1"],"picked":"Slimebound:Teamwork","floor":44},{"not_picked":["Slimebound:SplitAcid","Slimebound:Gluttony+1","Slimebound:LeechingTouch"],"picked":"SKIP","floor":45},{"not_picked":["Slimebound:PressTheAttack","Slimebound:FlameTackle"],"picked":"Slimebound:SplitMire+1","floor":46},{"not_picked":["Slimebound:GrowthPunch+1","Slimebound:SplitBruiser"],"picked":"Slimebound:SamplingLick+1","floor":48},{"not_picked":["Slimebound:MassFeed","Slimebound:RollThrough"],"picked":"Slimebound:SplitLeeching+1","floor":49},{"not_picked":["Slimebound:Replication","Slimebound:GoopSpray+1"],"picked":"Slimebound:SlimeBarrage+1","floor":52}],"player_experience":1909204,"relics_obtained":[{"floor":6,"key":"HornCleat"},{"floor":14,"key":"Odd Mushroom"},{"floor":19,"key":"Lantern"},{"floor":23,"key":"Sundial"},{"floor":24,"key":"Pear"},{"floor":25,"key":"Slimebound:SlimedTailRelic"},{"floor":27,"key":"Calipers"},{"floor":37,"key":"Kunai"},{"floor":39,"key":"Old Coin"},{"floor":41,"key":"Happy Flower"},{"floor":44,"key":"Potion Belt"},{"floor":52,"key":"Shuriken"}],"event_choices":[{"cards_removed":["Slimebound:Strike_Slimebound"],"damage_healed":0,"gold_gain":0,"player_choice":"Offered Basic","damage_taken":0,"max_hp_gain":0,"max_hp_loss":0,"event_name":"Bonfire Elementals","floor":4,"gold_loss":0},{"damage_healed":0,"gold_gain":0,"player_choice":"Fought Mushrooms","damage_taken":0,"max_hp_gain":0,"max_hp_loss":0,"event_name":"Mushrooms","floor":14,"gold_loss":0}],"is_beta":false,"boss_relics":[{"not_picked":["SacredBark","Black Star"],"picked":"Philosopher\u0027s Stone"},{"not_picked":["Pandora\u0027s Box","Coffee Dripper"],"picked":"SlaversCollar"}],"items_purged_floors":[42,53],"is_endless":false,"potions_floor_spawned":[2,13,14,15,16,19,22,25,26,27,32,37,46,48,49,52],"ascension_level":6}}