{"host":"7khtwbkyze7y134w","time":1608627022,"event":{"mods":["AchievementEnabler","BaseMod","Colored Map","Colored Powertips","Highlight Path","Minty Spire (QoL Compilation)","Relic Stats","StSLib","SuperFastMode"],"gold_per_floor":[109,123,134,152,152,152,183,183,183,197,213,238,255,255,255],"floor_reached":14,"playtime":435,"items_purged":[],"score":104,"play_id":"efe788e8-bfc1-4c21-8a30-d188dece50f2","local_time":"20201222085022","is_ascension_mode":false,"campfire_choices":[{"data":"Terror","floor":6,"key":"SMITH"}],"circlet_count":0,"master_deck":["Strike_G","Strike_G","Strike_G","Strike_G","Strike_G","Defend_G","Defend_G","Defend_G","Defend_G","Defend_G","Survivor","Neutralize","Slice","Terror+1","PiercingWail","Blade Dance","Finisher","Slice"],"relics":["Ring of the Snake","NeowsBlessing","Ninja Scroll","Gambling Chip","Mercury Hourglass","Ginger"],"acts_visited":["Exordium"],"potions_floor_usage":[4,12,12,14],"damage_taken":[{"damage":0,"enemies":"Jaw Worm","floor":1,"turns":1},{"damage":0,"enemies":"Cultist","floor":2,"turns":1},{"damage":0,"enemies":"Small Slimes","floor":3,"turns":1},{"damage":19,"enemies":"Exordium Thugs","floor":4,"turns":6},{"damage":40,"enemies":"Gremlin Nob","floor":7,"turns":5},{"damage":0,"enemies":"2 Fungi Beasts","floor":10,"turns":1},{"damage":14,"enemies":"Large Slime","floor":11,"turns":4},{"damage":8,"enemies":"3 Sentries","floor":12,"turns":5},{"damage":0,"enemies":"Blue Slaver","floor":13,"turns":1},{"damage":12,"enemies":"Lagavulin","floor":14,"turns":2}],"seed_played":"-104570317201543001","potions_obtained":[{"floor":2,"key":"Regen Potion"},{"floor":10,"key":"ColorlessPotion"},{"floor":11,"key":"BlessingOfTheForge"},{"floor":13,"key":"Swift Potion"}],"is_trial":false,"path_per_floor":["M","M","M","M","?","R","E","T","T","M","M","E","M","E"],"character_chosen":"THE_SILENT","items_purchased":[],"campfire_rested":0,"item_purchase_floors":[],"current_hp_per_floor":[70,70,70,60,65,65,25,25,25,25,11,3,3,0,0],"gold":255,"neow_bonus":"THREE_ENEMY_KILL","is_daily":false,"chose_seed":false,"campfire_upgraded":1,"win_rate":0.0,"timestamp":1608627022,"path_taken":["M","M","M","M","?","R","E","?","T","?","M","E","M","E"],"items_purchased_type":[],"build_version":"2020-12-13","purchased_purges":0,"victory":false,"max_hp_per_floor":[70,70,70,70,75,75,75,75,75,75,75,75,75,75,75],"relic_stats":{"counters":[10,26],"Gambling Chip":[19],"Ginger":[0],"obtain_stats":[{"NeowsBlessing":0,"Ninja Scroll":7,"Gambling Chip":8,"Ginger":12,"Ring of the Snake":0,"Mercury Hourglass":9},{"NeowsBlessing":0,"Ninja Scroll":5,"Gambling Chip":5,"Ginger":8,"Ring of the Snake":0,"Mercury Hourglass":5},{"NeowsBlessing":0,"Ninja Scroll":14,"Gambling Chip":14,"Ginger":23,"Ring of the Snake":0,"Mercury Hourglass":14}],"Ring of the Snake":[20],"Mercury Hourglass":[51]},"card_choices":[{"not_picked":["Sucker Punch","Quick Slash"],"picked":"Slice","floor":1},{"not_picked":["Poisoned Stab","Acrobatics"],"picked":"Terror","floor":2},{"not_picked":["Terror","Well Laid Plans"],"picked":"PiercingWail","floor":3},{"not_picked":["Prepared","Backflip","Predator"],"picked":"SKIP","floor":4},{"not_picked":["Flechettes","Backflip"],"picked":"Blade Dance","floor":7},{"not_picked":["Well Laid Plans","Dagger Spray","PiercingWail"],"picked":"SKIP","floor":10},{"not_picked":["Flechettes","Dagger Throw"],"picked":"Finisher","floor":11},{"not_picked":["Unload","Distraction","Acrobatics"],"picked":"SKIP","floor":12},{"not_picked":["Backflip","Prepared"],"picked":"Slice","floor":13}],"player_experience":545,"relics_obtained":[{"floor":7,"key":"Ninja Scroll"},{"floor":8,"key":"Gambling Chip"},{"floor":9,"key":"Mercury Hourglass"},{"floor":12,"key":"Ginger"}],"event_choices":[{"damage_healed":0,"gold_gain":0,"player_choice":"Donut","damage_taken":0,"max_hp_gain":5,"max_hp_loss":0,"event_name":"Big Fish","floor":5,"gold_loss":0}],"is_beta":false,"boss_relics":[],"items_purged_floors":[],"is_endless":false,"potions_floor_spawned":[2,10,11,13],"killed_by":"Lagavulin","ascension_level":0}}