{"host":"Crutt","time":1608635789,"event":{"mods":["2.2 Compatiblity","Aspiration","BaseMod","Downfall","Googly Eyes","Hermit","Jorbs\u0027s Wanderer Trilogy","Minty Spire (QoL Compilation)","Optimize The Spire","Potionbrewer","Spicy Shops","StSLib","The Construct","The Cursed","The Disciple","The Showman","The Witch"],"gold_per_floor":[0,14,27,44,44,44,71,83,94,94,194,194,294,327,337,440,440,365,384,384,384,73,87,87,87,120,45,74,87,87,100,118,213,213,213,231,313,313,327,346,346,346,359,63,108,128,178,190,200,200],"floor_reached":51,"playtime":3599,"items_purged":["Guardian:Strike_Guardian"],"score":1340,"play_id":"80e927ad-b887-4fbf-88c3-a9c4f9b913ad","local_time":"20201222051629","is_ascension_mode":true,"campfire_choices":[{"data":"1","floor":1,"key":"LIFT"},{"data":"2","floor":6,"key":"LIFT"},{"data":"3","floor":10,"key":"LIFT"},{"data":"Guardian:PolyBeam","floor":12,"key":"SMITH"},{"floor":18,"key":"RECALL"},{"data":"Guardian:PrismaticBarrier","floor":27,"key":"SMITH"},{"floor":30,"key":"REST"},{"data":"Guardian:PiercingHide","floor":35,"key":"SMITH"},{"data":"Guardian:DecasProtection","floor":42,"key":"SMITH"}],"circlet_count":0,"master_deck":["AscendersBane","Guardian:Defend_Guardian+1","Guardian:Defend_Guardian","Guardian:Defend_Guardian","Guardian:CurlUp+1","Guardian:TwinSlam","Guardian:PolyBeam+1","Guardian:Planning","Guardian:Recover","Guardian:Harden+1","Guardian:PrismaticBarrier+1","Guardian:TemporalStrike","Go for the Eyes+1","Rebound","Ball Lightning","Sweeping Beam","Guardian:DecasProtection+1","Guardian:ExploitGems","Guardian:WalkerClaw+1","Guardian:PiercingHide+1","Guardian:Reroute+1","Guardian:ConstructionForm","Hologram+1","Guardian:DonusPower+1","Guardian:TimeCapacitor+1"],"relics":["Guardian:ModeShifter","Girya","Bag of Preparation","Bronze Scales","aspiration:DefectSkillbook","downfall:HeartBlessingGreen","MutagenicStrength","Enchiridion","Regal Pillow","potionbrewer:BoosterPack","Lizard Tail","FossilizedHelix","downfall:HeartBlessingRed","potionbrewer:WarMedal","construct:WeddingRing","Question Card","aspiration:SeaSaltIceCream","aspiration:AnachronicSnailShell","HandDrill","War Paint","Sling","Bird Faced Urn","potionbrewer:AlchemistFlask"],"acts_visited":["Exordium","TheCity","TheBeyond"],"potions_floor_usage":[4,22,25,50,50],"damage_taken":[{"damage":7,"enemies":"Jaw Worm","floor":2,"turns":5},{"damage":0,"enemies":"Cultist","floor":3,"turns":3},{"damage":0,"enemies":"2 Louse","floor":4,"turns":3},{"damage":0,"enemies":"2 Fungi Beasts","floor":8,"turns":4},{"damage":3,"enemies":"3 Louse","floor":9,"turns":3},{"damage":11,"enemies":"downfall:Heads","floor":11,"turns":5},{"damage":5,"enemies":"3 Sentries","floor":14,"turns":9},{"damage":3,"enemies":"Exordium Wildlife","floor":15,"turns":3},{"damage":14,"enemies":"downfall:Defect","floor":16,"turns":7},{"damage":2,"enemies":"Chosen","floor":19,"turns":3},{"damage":0,"enemies":"downfall:FleeingMerchant","floor":22,"turns":4},{"damage":0,"enemies":"3 Byrds","floor":23,"turns":2},{"damage":0,"enemies":"Centurion and Healer","floor":25,"turns":1},{"damage":10,"enemies":"Book of Stabbing","floor":26,"turns":4},{"damage":0,"enemies":"Slavers","floor":28,"turns":3},{"damage":0,"enemies":"Sentry and Sphere","floor":29,"turns":3},{"damage":0,"enemies":"Snake Plant","floor":31,"turns":2},{"damage":0,"enemies":"Centurion and Healer","floor":32,"turns":2},{"damage":0,"enemies":"downfall:Silent","floor":33,"turns":6},{"damage":0,"enemies":"3 Darklings","floor":36,"turns":2},{"damage":0,"enemies":"3 Shapes","floor":39,"turns":3},{"damage":0,"enemies":"Spire Growth","floor":40,"turns":3},{"damage":0,"enemies":"Transient","floor":43,"turns":5},{"damage":0,"enemies":"downfall:FleeingMerchant","floor":44,"turns":3},{"damage":0,"enemies":"2 Orb Walkers","floor":45,"turns":3},{"damage":0,"enemies":"Jaw Worm Horde","floor":46,"turns":2},{"damage":0,"enemies":"Mind Bloom Boss Battle","floor":47,"turns":4},{"damage":0,"enemies":"Maw","floor":48,"turns":5},{"damage":0,"enemies":"4 Shapes","floor":49,"turns":4},{"damage":0,"enemies":"downfall:Watcher","floor":50,"turns":5}],"seed_played":"1967764733168711538","potions_obtained":[{"floor":2,"key":"construct:ShiftPotion"},{"floor":3,"key":"potionbrewer:DiscountPotion"},{"floor":16,"key":"GamblersBrew"},{"floor":23,"key":"SmokeBomb"},{"floor":28,"key":"potionbrewer:InfectionPotion"},{"floor":36,"key":"Swift Potion"}],"is_trial":false,"path_per_floor":["R","M","M","M","?","R","T","M","M","R","?","R","?","E","M","B",null,"R","M","?","?","$","M","T","M","E","R","E","M","R","M","M","B",null,"R","M","?","?","M","M","T","R","M","$","?","M","?","M","M","B",null],"character_chosen":"GUARDIAN","items_purchased":["Guardian:Gem_White","Regal Pillow","potionbrewer:BoosterPack","HandDrill","War Paint","Sling","PowerPotion"],"campfire_rested":1,"item_purchase_floors":[22,22,22,44,44,44,44],"current_hp_per_floor":[72,65,65,65,65,65,65,65,62,62,51,51,51,46,43,29,67,67,65,65,49,49,49,49,49,39,39,39,39,78,78,78,78,80,80,80,80,80,80,80,80,80,80,80,80,80,80,80,80,80],"gold":200,"neow_bonus":"ONE_RARE_RELIC","is_daily":false,"chose_seed":false,"campfire_upgraded":4,"win_rate":0.0,"timestamp":1608635789,"path_taken":["R","M","M","M","?","R","T","?","M","R","?","R","?","E","M","BOSS","R","M","?","?","?","?","T","M","E","R","E","M","R","M","M","BOSS","R","M","?","?","M","M","T","R","M","$","?","M","?","?","M","BOSS"],"items_purchased_type":["Card","Relic","Relic","Relic","Relic","Relic","Potion"],"build_version":"2020-12-18","purchased_purges":1,"victory":true,"max_hp_per_floor":[80,80,80,80,80,80,80,80,80,80,80,80,80,80,80,80,80,80,80,80,80,80,80,80,80,80,80,80,80,80,80,80,80,80,80,80,80,80,80,80,80,80,80,80,80,80,80,80,80,80],"card_choices":[{"not_picked":["Guardian:Recover","Guardian:ChargeCore"],"picked":"Guardian:PolyBeam","floor":2},{"not_picked":["Guardian:Reroute","Guardian:Incinerate"],"picked":"Guardian:Planning","floor":3},{"not_picked":["Guardian:Gem_Purple","Guardian:TimeCapacitor"],"picked":"Guardian:Gem_Yellow","floor":4},{"not_picked":["Guardian:TemporalStrike","Guardian:EvasiveProtocol"],"picked":"Guardian:Recover","floor":8},{"not_picked":["Guardian:Orbwalk","Guardian:GemFire"],"picked":"Guardian:Gem_Cyan","floor":9},{"not_picked":["Guardian:TemporalShield","Guardian:ChargeCore"],"picked":"Guardian:Harden","floor":11},{"not_picked":["Guardian:GemFinder","Guardian:Gem_Crimson"],"picked":"Guardian:Gem_Synthetic","floor":14},{"not_picked":["Guardian:Harden","Guardian:Suspension"],"picked":"Guardian:TemporalStrike","floor":15},{"not_picked":["Guardian:AncientConstruct","Guardian:SphericShield"],"picked":"Guardian:Gem_Synthetic","floor":16},{"not_picked":["Rebound","Genetic Algorithm","Guardian:EvasiveProtocol"],"picked":"Go for the Eyes+1","floor":19},{"not_picked":["Guardian:BronzeArmor+1","Guardian:Gem_Purple","Guardian:MultiBeam+1"],"picked":"Guardian:Gem_Yellow","floor":22},{"not_picked":["Gash","Static Discharge","Coolheaded","Go for the Eyes"],"picked":"SKIP","floor":23},{"not_picked":["Guardian:TimeBomb+1","Guardian:VentSteam+1","Compile Driver"],"picked":"Guardian:WalkerClaw+1","floor":26},{"not_picked":["Creative AI","Guardian:CrystalBeam","Heatsinks"],"picked":"Guardian:PiercingHide","floor":28},{"not_picked":["Chaos+1","Heatsinks","Guardian:TemporalStrike"],"picked":"Guardian:Reroute+1","floor":29},{"not_picked":["Cold Snap","Guardian:VentSteam","Redo","Tempest+1"],"picked":"SKIP","floor":31},{"not_picked":["Guardian:TemporalShield","Guardian:Gem_Green","Gash"],"picked":"Guardian:Gem_Synthetic","floor":32},{"not_picked":["Guardian:Gem_Synthetic","Machine Learning","Guardian:StasisStrike"],"picked":"Guardian:ConstructionForm","floor":33},{"not_picked":["Redo+1","Guardian:Gem_Lightblue","Scrape"],"picked":"Guardian:Gem_Red","floor":36},{"not_picked":["Tempest+1","Leap+1","Self Repair+1","Guardian:Incinerate+1"],"picked":"Guardian:Gem_Lightblue","floor":39},{"not_picked":["Self Repair","Guardian:ShieldCharger","Steam","Guardian:Reroute"],"picked":"Hologram+1","floor":40},{"not_picked":["Lockon+1","Glacier","Guardian:Gem_Crimson","Go for the Eyes"],"picked":"Guardian:DonusPower+1","floor":43},{"not_picked":["Guardian:RefractedBeam+1","Steam Power+1","Guardian:VentSteam+1","Guardian:TemporalStrike","Guardian:AncientConstruct"],"picked":"SKIP","floor":44},{"not_picked":["Cold Snap","Genetic Algorithm","Gash+1","Rebound+1","Guardian:RollAttack"],"picked":"SKIP","floor":46},{"not_picked":["Guardian:PrismaticBeam","Guardian:Gem_Green","Glacier+1","Coolheaded+1"],"picked":"Guardian:TimeCapacitor+1","floor":47},{"not_picked":["Go for the Eyes+1","Guardian:ArmoredProtocol","Rebound+1","Guardian:Gem_Lightblue","Gash"],"picked":"SKIP","floor":48},{"not_picked":["Guardian:PiercingHide","Lockon+1","Machine Learning","Barrage","Guardian:VentSteam+1"],"picked":"SKIP","floor":49}],"player_experience":3631990,"relics_obtained":[{"floor":7,"key":"Bag of Preparation"},{"floor":14,"key":"Bronze Scales"},{"floor":21,"key":"Enchiridion"},{"floor":24,"key":"Lizard Tail"},{"floor":26,"key":"FossilizedHelix"},{"floor":28,"key":"potionbrewer:WarMedal"},{"floor":37,"key":"Question Card"},{"floor":41,"key":"aspiration:SeaSaltIceCream"},{"floor":45,"key":"Bird Faced Urn"},{"floor":47,"key":"potionbrewer:AlchemistFlask"}],"event_choices":[{"cards_removed":["Guardian:Strike_Guardian"],"damage_healed":0,"gold_gain":0,"player_choice":"Offered Basic","damage_taken":0,"max_hp_gain":0,"max_hp_loss":0,"event_name":"Bonfire Elementals","floor":5,"gold_loss":0},{"damage_healed":0,"gold_gain":0,"player_choice":"Inject Mutagens","damage_taken":0,"relics_obtained":["MutagenicStrength"],"max_hp_gain":0,"max_hp_loss":0,"event_name":"Drug Dealer","floor":20,"gold_loss":0},{"damage_healed":0,"gold_gain":0,"player_choice":"Fight","damage_taken":0,"max_hp_gain":0,"max_hp_loss":0,"event_name":"Mysterious Sphere","floor":45,"gold_loss":0}],"is_beta":true,"boss_relics":[{"not_picked":["Philosopher\u0027s Stone","Guardian:StasisSlotReductionRelic"],"picked":"aspiration:DefectSkillbook"},{"not_picked":["potionbrewer:BhaskarasWheel","Snecko Eye"],"picked":"construct:WeddingRing"}],"items_purged_floors":[44],"is_endless":false,"potions_floor_spawned":[2,3,16,19,23,28,31,36,39,45,47,49],"ascension_level":11}}