{"host":"ry6l6fs2ordh092u","time":1608658045,"event":{"mods":["AchievementEnabler","BaseMod","BetterRewards","Gold Saver","Minty Spire (QoL Compilation)","Quick Restart","StSLib","SuperFastMode","The Jungle"],"gold_per_floor":[1438,1450,1450,1450,1500,1535,1545,1573,1573,851,878,891,910,921,921,994,994,1010,1010,1020,1039,1052,1077,1077,1112,1112,1112,1122,702,712,747,747,819,819,832,842,867,867,546,577,577,610,661,688,688,727,742,760,760,760,760,760,760,553,591,591],"floor_reached":57,"playtime":2229,"items_purged":["Strike_B","Defend_B","Strike_B","Defend_B","Strike_B"],"score":3604,"play_id":"d8fbfd38-fabe-4ac6-a44f-87d7356c9a99","local_time":"20201223022725","is_ascension_mode":true,"campfire_choices":[{"data":"Consume","floor":15.0,"key":"SMITH"},{"data":"Defragment","floor":24.0,"key":"SMITH"},{"data":"Loop","floor":27.0,"key":"SMITH"},{"data":"Coolheaded","floor":32.0,"key":"SMITH"},{"floor":41.0,"key":"RECALL"},{"data":"Creative AI","floor":49.0,"key":"SMITH"},{"data":"Zap","floor":53.0,"key":"SMITH"}],"circlet_count":0,"master_deck":["AscendersBane","Strike_B","Defend_B","Zap+1","Dualcast","Glacier","Conserve Battery","Cold Snap","Coolheaded+1","Self Repair","Loop+1","Consume+1","Core Surge","Defragment+1","Hologram+1","Fission+1","Glacier+1","White Noise+1","Turbo+1","Thunder Strike+1","Creative AI+1","Loop+1","Lockon+1","Reboot+1","Doom and Gloom+1","Storm","Barrage+1","White Noise+1","Coolheaded+1","Reboot+1","Chaos+1"],"relics":["Cracked Core","Runic Capacitor","Cables","Toy Ornithopter","Calipers","Toxic Egg 2","Molten Egg 2","Letter Opener","Ginger","Orichalcum","SlaversCollar","Bottled Tornado","Potion Belt","Membership Card","Emotion Chip","MealTicket","Inserter","Incense Burner","Oddly Smooth Stone","Orrery","Happy Flower","Blood Vial","CeramicFish","PreservedInsect","CaptainsWheel","Bronze Scales","Ice Cream","Mango"],"acts_visited":["Exordium","theJungle:Jungle","TheBeyond","TheBeyond","TheEnding"],"potions_floor_usage":[56,56,56],"damage_taken":[{"damage":0.0,"enemies":"Jaw Worm","floor":1.0,"turns":3.0},{"damage":0.0,"enemies":"2 Louse","floor":2.0,"turns":4.0},{"damage":7.0,"enemies":"Lagavulin","floor":6.0,"turns":14.0},{"damage":0.0,"enemies":"Small Slimes","floor":7.0,"turns":6.0},{"damage":21.0,"enemies":"Gremlin Nob","floor":8.0,"turns":6.0},{"damage":14.0,"enemies":"3 Sentries","floor":11.0,"turns":10.0},{"damage":11.0,"enemies":"Gremlin Gang","floor":12.0,"turns":7.0},{"damage":5.0,"enemies":"Large Slime","floor":13.0,"turns":5.0},{"damage":1.0,"enemies":"Exordium Thugs","floor":14.0,"turns":7.0},{"damage":0.0,"enemies":"Slime Boss","floor":16.0,"turns":13.0},{"damage":14.0,"enemies":"theJungle:GiantWrat","floor":18.0,"turns":6.0},{"damage":13.0,"enemies":"Shell Parasite","floor":20.0,"turns":10.0},{"damage":0.0,"enemies":"Snake Plant","floor":21.0,"turns":8.0},{"damage":0.0,"enemies":"theJungle:Lyon","floor":22.0,"turns":7.0},{"damage":0.0,"enemies":"theJungle:2_Phrogs","floor":23.0,"turns":8.0},{"damage":0.0,"enemies":"theJungle:Cassacara","floor":25.0,"turns":6.0},{"damage":14.0,"enemies":"theJungle:2_Snecko_Cultists","floor":28.0,"turns":6.0},{"damage":0.0,"enemies":"theJungle:SlimyTreeVines","floor":30.0,"turns":8.0},{"damage":1.0,"enemies":"theJungle:2_Phrogs","floor":31.0,"turns":8.0},{"damage":0.0,"enemies":"theJungle:FunGuy","floor":33.0,"turns":10.0},{"damage":11.0,"enemies":"3 Shapes","floor":35.0,"turns":4.0},{"damage":0.0,"enemies":"Orb Walker","floor":36.0,"turns":4.0},{"damage":5.0,"enemies":"Mind Bloom Boss Battle","floor":37.0,"turns":8.0},{"damage":7.0,"enemies":"Nemesis","floor":40.0,"turns":5.0},{"damage":0.0,"enemies":"Giant Head","floor":42.0,"turns":5.0},{"damage":15.0,"enemies":"Reptomancer","floor":44.0,"turns":4.0},{"damage":0.0,"enemies":"Nemesis","floor":46.0,"turns":5.0},{"damage":19.0,"enemies":"4 Shapes","floor":47.0,"turns":7.0},{"damage":2.0,"enemies":"3 Darklings","floor":48.0,"turns":4.0},{"damage":1.0,"enemies":"Awakened One","floor":50.0,"turns":14.0},{"damage":0.0,"enemies":"Donu and Deca","floor":51.0,"turns":4.0},{"damage":15.0,"enemies":"Shield and Spear","floor":55.0,"turns":5.0},{"damage":60,"enemies":"The Heart","floor":56,"turns":6}],"seed_played":"5201247676468570561","potions_obtained":[{"floor":2.0,"key":"Ancient Potion"},{"floor":8.0,"key":"FearPotion"},{"floor":12.0,"key":"Fire Potion"},{"floor":13.0,"key":"DistilledChaos"},{"floor":16.0,"key":"DistilledChaos"},{"floor":20.0,"key":"PotionOfCapacity"},{"floor":25.0,"key":"GamblersBrew"},{"floor":30.0,"key":"FocusPotion"},{"floor":31.0,"key":"FearPotion"}],"is_trial":false,"path_per_floor":["M","M","?","?","?","E","M","E","T","$","E","M","M","M","R","B",null,"M","?","M","M","M","E","R","E","T","R","M","$","M","E","R","B",null,"M","M","?","?","$","E","R","E","T","E","T","E","M","M","R","B","B",null,"R","$","E","B",null],"character_chosen":"DEFECT","items_purchased":["Runic Capacitor","Glacier","Cables","Conserve Battery","Cold Snap","Letter Opener","Ginger","Membership Card","Emotion Chip","Oddly Smooth Stone","Doom and Gloom+1","Storm","Orrery","Ice Cream","GamblersBrew"],"campfire_rested":0,"item_purchase_floors":[0,0,0,0,0,10,10,29,29,39,39,39,39,54,54],"current_hp_per_floor":[32,32,32,27,20,20,27,18,18,18,11,12,14,20,20,32,61,54,54,48,55,62,69,69,71,71,71,64,64,71,71,71,71,71,67,71,71,71,71,71,71,71,71,63,63,65,48,48,48,61,70,71,71,71,77,41],"gold":591,"neow_bonus":"","is_daily":false,"chose_seed":false,"campfire_upgraded":6,"win_rate":0.0,"timestamp":1608658045,"path_taken":["M","M","?","?","?","E","?","E","T","$","E","M","M","M","R","BOSS","M","?","M","M","M","E","R","E","T","R","?","$","M","E","R","BOSS","M","M","?","?","$","E","R","E","T","E","?","E","?","M","R","BOSS","BOSS","R","$","E","BOSS"],"items_purchased_type":["Relic","Card","Relic","Card","Card","Relic","Relic","Relic","Relic","Relic","Card","Card","Relic","Relic","Potion"],"build_version":"2020-12-13","purchased_purges":5,"victory":true,"max_hp_per_floor":[71,71,71,71,71,71,71,71,71,71,71,71,71,71,71,71,71,71,71,71,71,71,71,71,71,71,71,71,71,71,71,71,71,71,71,71,71,71,71,71,71,71,71,71,71,71,71,71,71,71,71,71,71,71,85,85],"card_choices":[{"not_picked":["Fusion","Undo"],"picked":"Coolheaded","floor":1.0},{"not_picked":["Aggregate","Reprogram"],"picked":"Self Repair","floor":2.0},{"not_picked":["Redo","Compile Driver"],"picked":"Loop","floor":6.0},{"not_picked":["Streamline","Hello World"],"picked":"Consume","floor":7.0},{"not_picked":["Hologram+1","Beam Cell"],"picked":"Core Surge","floor":8.0},{"not_picked":["Auto Shields+1","Redo+1","Stack+1"],"picked":"SKIP","floor":11.0},{"not_picked":["Compile Driver+1","Hello World"],"picked":"Defragment","floor":12.0},{"not_picked":["Sweeping Beam+1","Scrape+1","Consume+1"],"picked":"SKIP","floor":13.0},{"not_picked":["Lockon+1","Scrape+1"],"picked":"Hologram+1","floor":14.0},{"not_picked":["Amplify+1","Thunder Strike+1"],"picked":"Fission+1","floor":16.0},{"not_picked":["Cold Snap+1","Sweeping Beam+1","Beam Cell+1"],"picked":"SKIP","floor":18.0},{"not_picked":["Storm","Cold Snap+1"],"picked":"Glacier+1","floor":20.0},{"not_picked":["Reprogram+1","Reinforced Body+1","Melter+1"],"picked":"SKIP","floor":21.0},{"not_picked":["Redo+1","Cold Snap+1"],"picked":"White Noise+1","floor":22.0},{"not_picked":["Thunder Strike+1","Skim+1","Gash+1"],"picked":"SKIP","floor":23.0},{"not_picked":["Heatsinks","Go for the Eyes+1"],"picked":"Turbo+1","floor":25.0},{"not_picked":["Gash+1","BootSequence+1","Conserve Battery+1"],"picked":"SKIP","floor":28.0},{"not_picked":["Go for the Eyes+1","Redo+1","Compile Driver+1"],"picked":"SKIP","floor":30.0},{"not_picked":["Turbo+1","Aggregate+1"],"picked":"Thunder Strike+1","floor":31.0},{"not_picked":["Meteor Strike+1","Rainbow+1"],"picked":"Creative AI","floor":33.0},{"not_picked":["Barrage+1","FTL+1"],"picked":"Loop+1","floor":35.0},{"not_picked":["Cold Snap+1","Go for the Eyes+1"],"picked":"Lockon+1","floor":36.0},{"not_picked":["Steam+1","Turbo+1"],"picked":"Reboot+1","floor":37.0},{"not_picked":["Capacitor","Glacier+1"],"picked":"Barrage+1","floor":39.0},{"not_picked":["Hello World","Darkness+1"],"picked":"White Noise+1","floor":39.0},{"not_picked":["Go for the Eyes+1","Steam+1"],"picked":"Coolheaded+1","floor":40.0},{"not_picked":["White Noise+1","Beam Cell+1","Electrodynamics"],"picked":"SKIP","floor":42.0},{"not_picked":["Double Energy+1","Leap+1","Barrage+1"],"picked":"SKIP","floor":44.0},{"not_picked":["Cold Snap+1","Steam+1"],"picked":"Reboot+1","floor":46.0},{"not_picked":["Gash+1","Lockon+1","Steam+1"],"picked":"SKIP","floor":47.0},{"not_picked":["Cold Snap+1","Conserve Battery+1","White Noise+1"],"picked":"SKIP","floor":48.0},{"not_picked":["Consume+1","Streamline+1"],"picked":"Chaos+1","floor":55.0}],"player_experience":430399,"relics_obtained":[{"floor":6.0,"key":"Calipers"},{"floor":8.0,"key":"Toxic Egg 2"},{"floor":9.0,"key":"Molten Egg 2"},{"floor":11.0,"key":"Orichalcum"},{"floor":23.0,"key":"Bottled Tornado"},{"floor":25.0,"key":"Potion Belt"},{"floor":31.0,"key":"MealTicket"},{"floor":37.0,"key":"Incense Burner"},{"floor":40.0,"key":"Happy Flower"},{"floor":42.0,"key":"Blood Vial"},{"floor":43.0,"key":"CeramicFish"},{"floor":44.0,"key":"PreservedInsect"},{"floor":45.0,"key":"CaptainsWheel"},{"floor":46.0,"key":"Bronze Scales"},{"floor":55.0,"key":"Mango"}],"event_choices":[{"damage_healed":0.0,"max_hp_gain":0.0,"max_hp_loss":0.0,"gold_gain":0.0,"event_name":"Liars Game","player_choice":"Ignored","floor":3.0,"gold_loss":0.0,"damage_taken":0.0},{"damage_healed":0.0,"max_hp_gain":0.0,"max_hp_loss":0.0,"gold_gain":0.0,"event_name":"Scrap Ooze","player_choice":"Success","floor":4.0,"gold_loss":0.0,"damage_taken":5.0,"relics_obtained":["Toy Ornithopter"]},{"damage_healed":0.0,"max_hp_gain":0.0,"max_hp_loss":0.0,"gold_gain":50.0,"event_name":"FaceTrader","player_choice":"Touch","floor":5.0,"gold_loss":0.0,"damage_taken":7.0},{"damage_healed":0.0,"max_hp_gain":0.0,"max_hp_loss":0.0,"gold_gain":0.0,"event_name":"Wheel of Change","player_choice":"Gold","floor":19.0,"gold_loss":0.0,"damage_taken":0.0},{"damage_healed":0.0,"max_hp_gain":0.0,"max_hp_loss":0.0,"gold_gain":0.0,"event_name":"MindBloom","player_choice":"Fight","floor":37.0,"gold_loss":0.0,"damage_taken":0.0},{"damage_healed":0.0,"max_hp_gain":0.0,"max_hp_loss":0.0,"gold_gain":0.0,"event_name":"Tomb of Lord Red Mask","player_choice":"Ignored","floor":38.0,"gold_loss":0.0,"damage_taken":0.0}],"is_beta":false,"boss_relics":[{"not_picked":["Snecko Eye","Cursed Key"],"picked":"SlaversCollar"},{"not_picked":["Calling Bell","Runic Dome"],"picked":"Inserter"}],"items_purged_floors":[0,0,10,29,39],"is_endless":false,"potions_floor_spawned":[2,8,12,13,16,18,20,25,30,31,33,35,40,44],"ascension_level":20}}