{"host":"vc42n08di9czm3e7","time":1608676909,"event":{"mods":["AchievementEnabler","Act Like it!","BaseMod","Colored Powertips","Downfall","Friendly Minions","GifTheSpireLib","Jorbs\u0027s Wanderer Trilogy","Minty Spire (QoL Compilation)","Rare Cards Sparkle","StSLib","The Bug Knight"],"gold_per_floor":[99,109,120,120,130,148,175,191,191,210,227,237,26,57,89,198,210,222,334,357,369,400,412,448,560,307,320,100,100,100,116,127,223,273,273,292,307,307,321,347,371,371,389,389,389,389],"floor_reached":44,"playtime":4068,"items_purged":["Slimebound:Strike_Slimebound","Doubt"],"score":491,"play_id":"03a9058c-803d-4adf-9568-4b2aa685e32d","local_time":"20201222174149","is_ascension_mode":false,"campfire_choices":[{"data":"Slimebound:CorrosiveSpit","floor":1,"key":"SMITH"},{"data":"Slimebound:MegaLick","floor":18,"key":"SMITH"},{"data":"Slimebound:DuplicatedForm","floor":29,"key":"SMITH"},{"data":"Slimebound:LeechLife","floor":35,"key":"SMITH"}],"circlet_count":0,"master_deck":["Slimebound:Strike_Slimebound","Slimebound:Tackle","Slimebound:Defend_Slimebound","Slimebound:Defend_Slimebound","Slimebound:Defend_Slimebound","Slimebound:Defend_Slimebound+1","Slimebound:Split","Slimebound:CorrosiveSpit+1","Slimebound:GrowthPunch","Slimebound:HauntingLick","Slimebound:LeechEnergy","Slimebound:MegaLick","Slimebound:Prepare","Slimebound:MassFeed","Slimebound:MegaLick+1","Slimebound:SplitLeeching","Slimebound:FlameTackle","Slimebound:SpikyOuterGoop","Slimebound:PressTheAttack","Slimebound:PressTheAttack","Slimebound:LevelUp","Slimebound:MassFeed","Slimebound:ComboTackle+1","Slimebound:Grow+1","Slimebound:OozeBath","Slimebound:ProtectTheBoss+1","Slimebound:FinishingTackle","Slimebound:Nibble","Slimebound:LevelUp","Slimebound:RainOfGoop","Slimebound:DuplicatedForm+1","Slimebound:Dissolve","Slimebound:GrowthPunch","Slimebound:FormOfPuddle+1","Slimebound:LeechLife+1","Slimebound:SlimeSpikes+1","Slimebound:SlimeTap+1","Slimebound:LeechingTouch+1","Slimebound:ViciousTackle+1","Slimebound:Darklings","Slimebound:LeechEnergy"],"relics":["Slimebound:AbsorbEndCombat","Ginger","MawBank","Slimebound:TarBlob","Unceasing Top","downfall:RedIOU","Toy Ornithopter","Orichalcum","Oddly Smooth Stone","Tiny House","Bag of Marbles","Lantern"],"acts_visited":["Exordium","TheCity","TheBeyond"],"potions_floor_usage":[16,25,25,27,27,27,32,32],"damage_taken":[{"damage":4,"enemies":"Cultist","floor":2,"turns":3},{"damage":4,"enemies":"Small Slimes","floor":3,"turns":3},{"damage":4,"enemies":"Jaw Worm","floor":5,"turns":3},{"damage":12,"enemies":"Blue Slaver","floor":6,"turns":4},{"damage":6,"enemies":"2 Fungi Beasts","floor":8,"turns":3},{"damage":12,"enemies":"Gremlin Gang","floor":10,"turns":3},{"damage":7,"enemies":"3 Louse","floor":11,"turns":2},{"damage":4,"enemies":"Large Slime","floor":12,"turns":4},{"damage":8,"enemies":"downfall:FleeingMerchant","floor":13,"turns":4},{"damage":21,"enemies":"Lagavulin","floor":14,"turns":5},{"damage":17,"enemies":"Exordium Thugs","floor":15,"turns":5},{"damage":52,"enemies":"downfall:Silent","floor":16,"turns":9},{"damage":25,"enemies":"downfall:Watcher","floor":19,"turns":9},{"damage":22,"enemies":"Shell Parasite","floor":20,"turns":5},{"damage":14,"enemies":"3 Byrds","floor":22,"turns":4},{"damage":24,"enemies":"downfall:LadyInBlue","floor":25,"turns":8},{"damage":9,"enemies":"downfall:FleeingMerchant","floor":26,"turns":4},{"damage":72,"enemies":"Cultist and Chosen","floor":27,"turns":7},{"damage":8,"enemies":"downfall:FleeingMerchant","floor":28,"turns":4},{"damage":21,"enemies":"Chosen and Byrds","floor":31,"turns":5},{"damage":54,"enemies":"Shelled Parasite and Fungi","floor":32,"turns":3},{"damage":44,"enemies":"downfall:Defect","floor":33,"turns":8},{"damage":20,"enemies":"Orb Walker","floor":36,"turns":4},{"damage":13,"enemies":"3 Darklings","floor":37,"turns":6},{"damage":68,"enemies":"Sphere and 2 Shapes","floor":39,"turns":6},{"damage":67,"enemies":"Spire Growth","floor":43,"turns":7},{"damage":41,"enemies":"4 Shapes","floor":44,"turns":3}],"seed_played":"-5631053464290883009","potions_obtained":[{"floor":2,"key":"SkillPotion"},{"floor":3,"key":"sneckomod:MuddlingPotion"},{"floor":5,"key":"champ:CounterPotion"},{"floor":10,"key":"Weak Potion"},{"floor":14,"key":"DuplicationPotion"},{"floor":19,"key":"Fruit Juice"},{"floor":25,"key":"LiquidBronze"},{"floor":25,"key":"Regen Potion"},{"floor":31,"key":"DistilledChaos"},{"floor":33,"key":"BlessingOfTheForge"},{"floor":34,"key":"FearPotion"},{"floor":37,"key":"Explosive Potion"},{"floor":43,"key":"AttackPotion"}],"is_trial":false,"path_per_floor":["R","M","M","?","M","M","T","M","?","M","M","M","$","E","M","B",null,"R","?","M","?","M","?","T","?","$","M","$","R","?","M","M","B",null,"R","M","M","?","M","T","T","?","M","M"],"character_chosen":"SLIMEBOUND","items_purchased":["Slimebound:SpikyOuterGoop","Slimebound:PressTheAttack","Slimebound:LevelUp","Slimebound:RainOfGoop","Orichalcum","Slimebound:GrowthPunch"],"campfire_rested":0,"item_purchase_floors":[13,13,26,26,28,28],"current_hp_per_floor":[60,60,60,60,60,54,54,58,58,56,66,75,75,71,73,39,81,81,76,75,75,89,89,89,96,93,53,57,57,57,58,60,64,106,106,90,109,109,74,74,74,74,39,0,0,0],"gold":389,"neow_bonus":"ONE_RARE_RELIC","is_daily":false,"chose_seed":false,"campfire_upgraded":4,"win_rate":0.0,"timestamp":1608676909,"path_taken":["R","M","M","?","M","M","T","M","?","M","M","M","?","E","M","BOSS","R","?","M","?","?","?","T","?","$","?","$","R","?","M","M","BOSS","R","M","M","?","M","?","T","?","M","M"],"items_purchased_type":["Card","Card","Card","Card","Relic","Card"],"build_version":"2020-12-13","purchased_purges":2,"victory":false,"max_hp_per_floor":[60,60,60,60,60,60,60,60,60,60,69,75,75,78,81,81,81,81,84,87,87,93,93,93,98,98,98,98,98,98,98,98,101,106,106,106,109,109,109,109,109,109,109,109,109,109],"card_choices":[{"not_picked":["Slimebound:Chomp","Slimebound:SplitBruiser"],"picked":"Slimebound:GrowthPunch","floor":2},{"not_picked":["Slimebound:PressTheAttack","Slimebound:Repurpose"],"picked":"Slimebound:HauntingLick","floor":3},{"not_picked":["Slimebound:SplitBruiser","Slimebound:PressTheAttack"],"picked":"Slimebound:LeechEnergy","floor":5},{"not_picked":["Slimebound:LeechEnergy","Slimebound:Dissolve"],"picked":"Slimebound:MegaLick","floor":6},{"not_picked":["Slimebound:TongueLash","Slimebound:ForwardTackle"],"picked":"Slimebound:Prepare","floor":8},{"not_picked":["Slimebound:GoopSpray","Slimebound:SlimeTap"],"picked":"Slimebound:MassFeed","floor":10},{"not_picked":["Slimebound:SlimeBarrage","Slimebound:SplitAcid"],"picked":"Slimebound:MegaLick","floor":11},{"not_picked":["Slimebound:HauntingLick","Slimebound:SplitMire"],"picked":"Slimebound:SplitLeeching","floor":12},{"not_picked":["Slimebound:Replication","Slimebound:ForwardTackle"],"picked":"Slimebound:FlameTackle","floor":13},{"not_picked":["Slimebound:RallyTheTroops","Slimebound:SplitLeeching"],"picked":"Slimebound:PressTheAttack","floor":14},{"not_picked":["Slimebound:PressTheAttack","Slimebound:LeechingTouch"],"picked":"Slimebound:LevelUp","floor":15},{"not_picked":["Slimebound:OozeBath","Slimebound:OneTwoCombo"],"picked":"Slimebound:MassFeed","floor":16},{"not_picked":["Slimebound:LeechEnergy+1","Slimebound:SplitBruiser"],"picked":"Slimebound:ComboTackle+1","floor":19},{"not_picked":["Slimebound:Schlurp","Slimebound:RollThrough"],"picked":"Slimebound:Grow+1","floor":20},{"not_picked":["Slimebound:RollThrough","Slimebound:ViciousTackle"],"picked":"Slimebound:ProtectTheBoss+1","floor":22},{"not_picked":["Slimebound:SamplingLick","Slimebound:Equalize"],"picked":"Slimebound:FinishingTackle","floor":25},{"not_picked":["Slimebound:SplitAcid","Slimebound:ViciousTackle+1"],"picked":"Slimebound:Nibble","floor":26},{"not_picked":["Slimebound:SplitMire+1","Slimebound:PressTheAttack+1"],"picked":"Slimebound:DuplicatedForm","floor":27},{"not_picked":["Slimebound:ViciousTackle","Slimebound:SlimeBarrage"],"picked":"Slimebound:Dissolve","floor":28},{"not_picked":["Slimebound:SplitBruiser+1","Slimebound:Nibble+1"],"picked":"Slimebound:FormOfPuddle+1","floor":31},{"not_picked":["Slimebound:FinishingTackle","Slimebound:DisruptingSlam","Slimebound:GrowthPunch"],"picked":"SKIP","floor":32},{"not_picked":["Slimebound:DuplicatedForm","Slimebound:MinionMaster"],"picked":"Slimebound:LeechLife","floor":33},{"not_picked":["Slimebound:Schlurp+1","Slimebound:SplitMire"],"picked":"Slimebound:SlimeSpikes+1","floor":34},{"not_picked":["Slimebound:SplitLeeching+1","Slimebound:AcidTongue+1"],"picked":"Slimebound:SlimeTap+1","floor":36},{"not_picked":["Slimebound:SplitAcid","Slimebound:Schlurp+1"],"picked":"Slimebound:LeechingTouch+1","floor":37},{"not_picked":["Slimebound:FinishingTackle+1","Slimebound:PressTheAttack+1"],"picked":"Slimebound:ViciousTackle+1","floor":39},{"not_picked":["Slimebound:SplitLeeching","Slimebound:SamplingLick"],"picked":"Slimebound:LeechEnergy","floor":43}],"player_experience":145850,"relics_obtained":[{"floor":7,"key":"Potion Belt"},{"floor":14,"key":"MawBank"},{"floor":19,"key":"Unceasing Top"},{"floor":19,"key":"Bottled Flame"},{"floor":25,"key":"Toy Ornithopter"},{"floor":30,"key":"Oddly Smooth Stone"},{"floor":40,"key":"Bag of Marbles"},{"floor":41,"key":"Lantern"}],"event_choices":[{"damage_healed":0,"gold_gain":0,"player_choice":"Relic","damage_taken":0,"max_hp_gain":0,"max_hp_loss":0,"event_name":"Wheel of Change","floor":30,"gold_loss":0},{"damage_healed":0,"gold_gain":0,"player_choice":"Ignored","damage_taken":0,"max_hp_gain":0,"max_hp_loss":0,"event_name":"Mysterious Sphere","floor":38,"gold_loss":0}],"is_beta":false,"boss_relics":[{"not_picked":["Astrolabe","Pandora\u0027s Box"],"picked":"Slimebound:TarBlob"},{"not_picked":["Runic Dome","Philosopher\u0027s Stone"],"picked":"Tiny House"}],"items_purged_floors":[13,26],"is_endless":false,"potions_floor_spawned":[2,3,5,10,14,19,22,31,33,37,43],"killed_by":"4 Shapes","ascension_level":0}}