{"host":"9dfaar78vv55a585","time":1608656531,"event":{"mods":["Aspiration","BaseMod","Better Third Choice","BetterRewards","Conspire","DeckTracker","Energized Spire","Glutton Mod","Halation","Hermit","Hubris","Infinite Spire","Lobotomy","LobotomyExtend","Mad Scientist","Minty Spire (QoL Compilation)","Permanent Neow","Potionbrewer","Reimu??????","Remilia??????","Replay The Spire","Shop Mod","Spicy Shops","Spikes Relics","StSLib","SuperFastMode","The Bladedancer","Trackpad","vexMod"],"gold_per_floor":[110,110,110,110,121,121,134,147,147,173,186,197,231,231,231,231,231],"floor_reached":16,"playtime":823,"items_purged":[],"score":112,"play_id":"686b4289-ef59-4a2b-bb4b-2afa9ddb8040","local_time":"20201222170211","is_ascension_mode":false,"campfire_choices":[{"floor":6,"key":"REST"},{"floor":15,"key":"DIG"}],"circlet_count":0,"master_deck":[],"relics":["blademaster:DancersAmulet","aspiration:Nostalgia","Sizzling Blood","LetterFromLob","Moonlight_r","infinitespire:Golems Mask","Replay:Mystery Machine","Replay:Wax Seal","Art of War"],"acts_visited":["Exordium"],"potions_floor_usage":[],"damage_taken":[{"damage":5,"enemies":"conspire:RoseBush","floor":1,"turns":3},{"damage":0,"enemies":"Small Slimes","floor":5,"turns":5},{"damage":0,"enemies":"Jaw Worm","floor":7,"turns":2},{"damage":1,"enemies":"Large Slime","floor":8,"turns":3},{"damage":27,"enemies":"3 Sentries","floor":10,"turns":8},{"damage":0,"enemies":"Blue Slaver","floor":11,"turns":2},{"damage":0,"enemies":"conspire:2 RoseBushes","floor":12,"turns":3},{"damage":11,"enemies":"Replay:BlueRogue","floor":13,"turns":7},{"damage":0,"enemies":"Fading Forest","floor":16,"turns":2}],"seed_played":"6737735432195631734","potions_obtained":[{"floor":1,"key":"potionbrewer:DiscountPotion"},{"floor":10,"key":"Swift Potion"},{"floor":11,"key":"Dexterity Potion"}],"is_trial":false,"path_per_floor":["M","?","?","?","M","R","M","M","T","E","M","M","E","?","R","B"],"character_chosen":"THE_BLADEMASTER","items_purchased":[],"campfire_rested":1,"item_purchase_floors":[],"current_hp_per_floor":[78,78,33,33,37,60,64,67,67,44,48,52,45,79,79,79,79],"gold":231,"neow_bonus":"NOSTALGIA","is_daily":false,"chose_seed":false,"campfire_upgraded":0,"win_rate":0.0,"timestamp":1608656531,"path_taken":["M","?","?","?","M","R","M","M","T","E","M","M","E","?","R","BOSS"],"items_purchased_type":[],"build_version":"2020-12-13","purchased_purges":0,"victory":false,"max_hp_per_floor":[79,79,79,79,79,79,79,79,79,79,79,79,79,79,79,79,79],"card_choices":[{"not_picked":["blademaster:Sunder","blademaster:Flurry","blademaster:CullingStrike"],"picked":"SKIP","floor":1},{"not_picked":["blademaster:Slice","blademaster:AncestralHealing","blademaster:SlyStabs"],"picked":"SKIP","floor":5},{"not_picked":["blademaster:AwakeningDefend","blademaster:Overcharge"],"picked":"blademaster:AspectOfLightning","floor":7},{"not_picked":["blademaster:Slice","blademaster:Frontflip","blademaster:AspectOfLightning"],"picked":"SKIP","floor":8},{"not_picked":["blademaster:DaggerAndCloak","blademaster:KiBarrier"],"picked":"blademaster:Discharge","floor":10},{"not_picked":["blademaster:EnchantedCuirass","blademaster:EyeOfTheStorm"],"picked":"blademaster:Safeguard","floor":11},{"not_picked":["blademaster:DaggerAndCloak","blademaster:DragonStrike","blademaster:SlyStabs"],"picked":"SKIP","floor":12},{"not_picked":["blademaster:Vortex","blademaster:Frontflip","blademaster:CullingStrike"],"picked":"SKIP","floor":13}],"player_experience":86784,"relics_obtained":[{"floor":1,"key":"LetterFromLob"},{"floor":9,"key":"infinitespire:Golems Mask"},{"floor":10,"key":"Replay:Mystery Machine"},{"floor":10,"key":"blademaster:BonusFuryPerk"},{"floor":13,"key":"Replay:Wax Seal"},{"floor":13,"key":"blademaster:DextrousPerk"},{"floor":15,"key":"Art of War"}],"event_choices":[{"damage_healed":0,"gold_gain":0,"player_choice":"Disagree","damage_taken":0,"max_hp_gain":0,"max_hp_loss":0,"event_name":"conspire:LoneGhost","floor":4,"gold_loss":0}],"is_beta":false,"boss_relics":[],"items_purged_floors":[],"is_endless":false,"potions_floor_spawned":[1,10,11,13],"killed_by":"Fading Forest","ascension_level":0}}