{"host":"llw0pmdvm5059l3n","time":1608650737,"event":{"mods":["BaseMod","Block Reminder","Challenge The Spire","Colored Map","Custom Start","DeckTracker","Downfall","Duelist Mod","Hermit","Highlight Path","Marisa（霧雨　魔理沙）","Minty Spire (QoL Compilation)","Permanent Neow","Random Character Button","Remilia（蕾米莉亚）","Shop Mod","StSLib","The Senshi","Yuyuko"],"gold_per_floor":[117,117,137,137,149,149,149,210,210,260,114,120,137,153,153,250,300,311,361,10,60,10,10,28,28,82,148,177,255,255,267,267,367,367,383,50,100,10,29,56,67,67,67,66,76,348,366,416,416,416,416],"floor_reached":50,"playtime":3481,"items_purged":["Wrath_TH","EndlessPower","Eruption"],"score":605,"play_id":"195630be-d901-41cf-92fc-644b5a86db52","local_time":"20201222162537","is_ascension_mode":true,"campfire_choices":[{"data":"Eruption","floor":7.0,"key":"SMITH"},{"data":"PathToVictory","floor":15.0,"key":"SMITH"},{"floor":23.0,"key":"REST"},{"data":"Consecrate","floor":25.0,"key":"SMITH"},{"floor":30.0,"key":"REST"},{"floor":32.0,"key":"REST"},{"floor":42.0,"key":"REST"},{"floor":49.0,"key":"REST"}],"circlet_count":0,"master_deck":["Strike_P","Strike_P","Strike_P","Strike_P","Defend_P","Defend_P","Defend_P","Eruption+1","Vigilance","EmptyFist","CarveReality","Consecrate+1","PathToVictory+1","InnerPeace+1","EmptyBody","Ragnarok+1","ClearTheMind","PathToVictory+1","Prostrate","Halt+1","DeusExMachina","FlurryOfBlows+1","PathToVictory"],"relics":["HolyWater","SsserpentHead","Turnip","Chemical X","Tiny House","Membership Card","Singing Bowl","Regal Pillow","Incense Burner","Red Mask","Mango","Strawberry","MerchantsRug","PreservedInsect","Omamori","MawBank"],"acts_visited":["Exordium","TheCity","TheBeyond"],"potions_floor_usage":[50,50],"damage_taken":[{"damage":1.0,"enemies":"2 Louse","floor":1.0,"turns":2.0},{"damage":0.0,"enemies":"Small Slimes","floor":3.0,"turns":3.0},{"damage":0.0,"enemies":"Cultist","floor":5.0,"turns":3.0},{"damage":0.0,"enemies":"Exordium Thugs","floor":8.0,"turns":2.0},{"damage":2.0,"enemies":"3 Louse","floor":13.0,"turns":3.0},{"damage":5.0,"enemies":"Looter","floor":14.0,"turns":3.0},{"damage":20.0,"enemies":"The Guardian","floor":16.0,"turns":12.0},{"damage":31.0,"enemies":"Shell Parasite","floor":18.0,"turns":10.0},{"damage":10.0,"enemies":"3 Byrds","floor":24.0,"turns":4.0},{"damage":20.0,"enemies":"Snecko","floor":27.0,"turns":4.0},{"damage":43.0,"enemies":"Book of Stabbing","floor":28.0,"turns":5.0},{"damage":0.0,"enemies":"Masked Bandits","floor":29.0,"turns":2.0},{"damage":3.0,"enemies":"Chosen and Byrds","floor":31.0,"turns":6.0},{"damage":77.0,"enemies":"Automaton","floor":33.0,"turns":12.0},{"damage":17.0,"enemies":"Orb Walker","floor":35.0,"turns":5.0},{"damage":14.0,"enemies":"3 Shapes","floor":39.0,"turns":6.0},{"damage":23.0,"enemies":"Reptomancer","floor":40.0,"turns":6.0},{"damage":0.0,"enemies":"Transient","floor":41.0,"turns":5.0},{"damage":42.0,"enemies":"Jaw Worm Horde","floor":45.0,"turns":4.0},{"damage":3.0,"enemies":"3 Darklings","floor":47.0,"turns":4.0},{"damage":140,"enemies":"Donu and Deca","floor":50,"turns":8}],"seed_played":"-2930424199540086064","potions_obtained":[{"floor":1.0,"key":"SkillPotion"},{"floor":5.0,"key":"DistilledChaos"},{"floor":17.0,"key":"Ambrosia"},{"floor":27.0,"key":"PowerPotion"},{"floor":33.0,"key":"Regen Potion"},{"floor":39.0,"key":"BottledMiracle"},{"floor":41.0,"key":"Guardian:BlockOnCardUsePotion"}],"is_trial":false,"path_per_floor":["M","?","M","?","M","$","R","M","T","T","$","?","M","M","R","B",null,"M","?","$","?","$","R","M","R","T","M","E","?","R","M","R","B",null,"M","$","?","$","M","E","M","R","T","$","M","?","M","?","R","B"],"character_chosen":"WATCHER","items_purchased":["Chemical X","Membership Card","Singing Bowl","Mango","Strawberry","DeusExMachina","MerchantsRug","PreservedInsect","PathToVictory"],"campfire_rested":5,"item_purchase_floors":[11,20,20,36,36,36,36,38,44],"current_hp_per_floor":[78,78,78,78,78,78,78,78,78,78,78,78,76,71,71,51,84,53,53,53,53,53,78,70,70,70,50,7,9,50,49,90,15,92,77,98,98,98,84,63,65,115,115,115,75,75,74,76,125,0,0],"gold":416,"neow_bonus":"TEN_PERCENT_HP_BONUS","is_daily":false,"chose_seed":false,"campfire_upgraded":3,"win_rate":0.0,"timestamp":1608650737,"path_taken":["M","?","M","?","M","$","R","?","T","?","$","?","M","M","R","BOSS","M","?","$","?","$","R","M","R","T","?","E","?","R","M","R","BOSS","M","$","?","?","M","E","M","R","T","$","M","?","M","?","R","BOSS"],"items_purchased_type":["Relic","Relic","Relic","Relic","Relic","Card","Relic","Relic","Card"],"build_version":"2020-12-13","purchased_purges":3,"victory":false,"max_hp_per_floor":[79,79,79,79,79,79,79,79,79,79,79,79,79,79,79,79,84,84,84,84,84,84,84,86,86,86,86,86,88,88,90,90,92,92,94,115,115,115,115,117,119,119,119,119,121,121,123,125,125,125,125],"card_choices":[{"not_picked":["Weave","CrushJoints"],"picked":"EmptyFist","floor":1.0},{"not_picked":["Pray","WreathOfFlame"],"picked":"CarveReality","floor":3.0},{"not_picked":["SashWhip","Evaluate"],"picked":"Consecrate","floor":5.0},{"not_picked":["CutThroughFate","FollowUp"],"picked":"PathToVictory","floor":8.0},{"not_picked":["Swivel","Meditate"],"picked":"InnerPeace","floor":13.0},{"not_picked":["CutThroughFate","SashWhip"],"picked":"EmptyBody","floor":14.0},{"not_picked":["Establishment","LessonLearned"],"picked":"Ragnarok","floor":16.0},{"not_picked":["WreathOfFlame","FlyingSleeves"],"picked":"ClearTheMind","floor":17.0},{"not_picked":["Consecrate+1","DeceiveReality"],"picked":"PathToVictory+1","floor":18.0},{"not_picked":["ReachHeaven+1","Crescendo+1","ThirdEye"],"picked":"Singing Bowl","floor":24.0},{"not_picked":["Halt","PathToVictory"],"picked":"Prostrate","floor":27.0},{"not_picked":["Protect","WaveOfTheHand"],"picked":"Halt+1","floor":28.0},{"not_picked":["Conclude+1","Evaluate","FollowUp"],"picked":"Singing Bowl","floor":29.0},{"not_picked":["Consecrate+1","Conclude+1","Protect+1"],"picked":"Singing Bowl","floor":31.0},{"not_picked":["ConjureBlade","Scrawl","Blasphemy"],"picked":"Singing Bowl","floor":33.0},{"not_picked":["FlurryOfBlows","EmptyBody+1","Weave"],"picked":"Singing Bowl","floor":35.0},{"not_picked":["Vengeance+1","Protect+1"],"picked":"FlurryOfBlows+1","floor":39.0},{"not_picked":["FlyingSleeves+1","CrushJoints+1","LikeWater+1"],"picked":"Singing Bowl","floor":40.0},{"not_picked":["WindmillStrike+1","LessonLearned","ClearTheMind+1"],"picked":"Singing Bowl","floor":41.0},{"not_picked":["Weave+1","Evaluate+1","ForeignInfluence+1"],"picked":"Singing Bowl","floor":45.0},{"not_picked":["Fasting2+1","SignatureMove+1","Prostrate"],"picked":"Singing Bowl","floor":47.0},{"not_picked":["expansioncontent:BronzeBeam","theDuelist:OrbMetronome","expansioncontent:DashGenerateEvil"],"picked":"Singing Bowl","floor":48.0}],"player_experience":113390,"relics_obtained":[{"floor":9.0,"key":"Turnip"},{"floor":26.0,"key":"Regal Pillow"},{"floor":28.0,"key":"Incense Burner"},{"floor":29.0,"key":"Red Mask"},{"floor":40.0,"key":"Omamori"},{"floor":43.0,"key":"MawBank"}],"event_choices":[{"cards_removed":["Defend_P"],"damage_healed":0.0,"max_hp_gain":0.0,"max_hp_loss":0.0,"gold_gain":0.0,"event_name":"Living Wall","player_choice":"Forget","floor":2.0,"gold_loss":0.0,"damage_taken":0.0},{"damage_healed":0.0,"max_hp_gain":0.0,"max_hp_loss":0.0,"gold_gain":0.0,"event_name":"FaceTrader","player_choice":"Trade","floor":4.0,"gold_loss":0.0,"damage_taken":0.0,"relics_obtained":["SsserpentHead"]},{"damage_healed":0.0,"max_hp_gain":0.0,"max_hp_loss":0.0,"gold_gain":0.0,"event_name":"World of Goop","player_choice":"Left Gold","floor":12.0,"gold_loss":44.0,"damage_taken":0.0},{"damage_healed":0.0,"max_hp_gain":0.0,"max_hp_loss":0.0,"gold_gain":0.0,"event_name":"Accursed Blacksmith","player_choice":"Forge","floor":21.0,"gold_loss":0.0,"damage_taken":0.0,"cards_upgraded":["Ragnarok"]},{"damage_healed":0.0,"max_hp_gain":0.0,"max_hp_loss":0.0,"gold_gain":0.0,"event_name":"Masked Bandits","player_choice":"Fought Bandits","floor":29.0,"gold_loss":0.0,"damage_taken":0.0},{"damage_healed":0.0,"max_hp_gain":0.0,"max_hp_loss":0.0,"gold_gain":0.0,"event_name":"Match and Keep!","player_choice":"1 cards matched","floor":37.0,"gold_loss":0.0,"damage_taken":0.0,"cards_obtained":["Eruption"]},{"damage_healed":0.0,"max_hp_gain":0.0,"max_hp_loss":0.0,"gold_gain":222.0,"event_name":"Tomb of Lord Red Mask","player_choice":"Wore Mask","floor":46.0,"gold_loss":0.0,"damage_taken":0.0},{"damage_healed":0.0,"max_hp_gain":0.0,"max_hp_loss":0.0,"gold_gain":0.0,"event_name":"SensoryStone","player_choice":"Memory 1","floor":48.0,"gold_loss":0.0,"damage_taken":0.0}],"is_beta":false,"boss_relics":[{"not_picked":["Cursed Key","Velvet Choker"],"picked":"Tiny House"},{"not_picked":["Philosopher\u0027s Stone","Snecko Eye"],"picked":"HolyWater"}],"items_purged_floors":[20,22,38],"is_endless":false,"potions_floor_spawned":[1,5,27,31,33,39,41,45],"killed_by":"Donu and Deca","ascension_level":1}}