{"host":"1ewc6jxpaqi263j3","time":1608615501,"event":{"mods":["Act Like it!","BaseMod","Better Vampires","Better-Laid Plans","BetterRewards","Card Forge","Colored Map","Elementarium","Gensokyo","Hallownest","HololiveMod","Luminous","Menagerie","Minty Spire (QoL Compilation)","Quick Restart","Rare Cards Sparkle","Shop Mod","StSLib","The Animator","The Bug Knight","UnlockEverythingMod"],"gold_per_floor":[86,98,98,108,93,120,138,138,138,138,138,151,173,23,23,125,125,144,169,20,38,53,93,134,177,177,177,46,116,116,116,116,277,277,303,324,349,361,361,28,50,50,50,115,141,141,41,79,79,129,129,129,61,106,123],"floor_reached":56,"playtime":2491,"items_purged":["Injury","The Bomb+1"],"score":1469,"play_id":"8c410b15-4bae-4b15-b657-226e10315435","local_time":"20201222133821","is_ascension_mode":false,"campfire_choices":[{"data":"Hololive_OvertimeWork","floor":8.0,"key":"SMITH"},{"floor":10.0,"key":"REST"},{"data":"Hololive_CallAkiRosenthal","floor":15.0,"key":"SMITH"},{"floor":27.0,"key":"RECALL"},{"data":"Hololive_Rebirth","floor":30.0,"key":"SMITH"},{"data":"Hololive_Teleport","floor":32.0,"key":"SMITH"},{"floor":42,"key":"REST"},{"floor":46,"key":"REST"},{"floor":49,"key":"REST"},{"data":"Hololive_CallSpadeEcho","floor":52,"key":"SMITH"}],"circlet_count":0,"master_deck":["Hololive_CallMinatoAqua+1","Hololive_CallUsadaPekora+1","Hololive_CallMurasakiShion","Hololive_CallShiranuiFlare+1","Hololive_CallSpadeEcho+1","Hololive_Strike","Hololive_Strike","Hololive_Defend","Hololive_Defend","Hololive_CallSpadeEcho+1","Hololive_OvertimeWork+1","Hololive_FlyingPonyTail","Hololive_CallNatsuiroMatsuri+1","Hololive_CallTsunomakiWatame","Hololive_CallAkiRosenthal+1","Hololive_DDD+1","CurseOfTheBell","Hololive_BringToTrial+1","Hololive_Teleport+1","Hololive_Rebirth+1","Hololive_CallArtia+1","Hololive_CallSakuraMiko","Hololive_Nanodesu","Hololive_ASMR","Hololive_Rebirth+1","Hololive_CallArtia+1","Hololive_FlyingPonyTail+1","Hololive_CallFriendA+1","Hololive_SummonFox+1","Hololive_CallMoonaHoshinova+1","Hololive_CallYuzukiChoco","Hololive_CallYozoraMel+1","Hololive_CallOzoraSubaru+1","Hololive_CallRoboco+1","Hololive_FlyingPonyTail+1","Hololive_OvertimeWork+1","Hololive_CallAiraniIofifteen","Hololive_CallUruhaRushia+1"],"relics":["Hololive_TheStar","Hammer of Thor","Seething Fire","Anvil of the Gods","NeowsBlessing","Hololive_FriedShrimpLion","Pear","Dream Catcher","Calling Bell","Toy Ornithopter","InkBottle","Bird Faced Urn","Orichalcum","Boot","Darkstone Periapt","Blood Vial","Elementarium:ElementariumTrophy","Astrolabe","HollowMod:StagPassRelic","Bottled Lightning","Lantern","Ancient Tea Set","HornCleat"],"acts_visited":["Exordium","Menagerie:Menagerie","TheBeyond","TheEnding"],"potions_floor_usage":[55,55,55],"damage_taken":[{"damage":0.0,"enemies":"Menagerie:WhisperingWraith","floor":1.0,"turns":1.0},{"damage":0.0,"enemies":"Menagerie:MonstrousExperiment","floor":2.0,"turns":1.0},{"damage":0.0,"enemies":"Menagerie:2_RABBITS","floor":4.0,"turns":1.0},{"damage":16.0,"enemies":"Menagerie:VoidReaper","floor":6.0,"turns":2.0},{"damage":0.0,"enemies":"Menagerie:RedMage","floor":7.0,"turns":4.0},{"damage":0.0,"enemies":"Menagerie:STYGIAN_BOAR_AND_RABBIT","floor":12.0,"turns":3.0},{"damage":5.0,"enemies":"Menagerie:EntropyWarlock","floor":13.0,"turns":2.0},{"damage":0.0,"enemies":"Menagerie:Chimera","floor":16.0,"turns":5.0},{"damage":0.0,"enemies":"Elementarium:2_ELEMENTALS","floor":18.0,"turns":3.0},{"damage":0.0,"enemies":"Elementarium:MUD_AND_TAR_GOLEMS","floor":19.0,"turns":4.0},{"damage":0.0,"enemies":"Elementarium:CYCLONE_AND_ORB_OF_FIRE","floor":21.0,"turns":5.0},{"damage":0.0,"enemies":"Elementarium:RubyGolem","floor":22.0,"turns":4.0},{"damage":0.0,"enemies":"Elementarium:WarGolem","floor":23.0,"turns":4.0},{"damage":0.0,"enemies":"Elementarium:Hydrostalker","floor":24.0,"turns":5.0},{"damage":0.0,"enemies":"Hallownest:eliteWatcherKnight","floor":25.0,"turns":9.0},{"damage":13.0,"enemies":"Elementarium:FIRE_NOBILITY","floor":29.0,"turns":9.0},{"damage":6.0,"enemies":"Elementarium:PHOENIXES","floor":33.0,"turns":9.0},{"damage":0.0,"enemies":"3 Shapes","floor":35.0,"turns":4.0},{"damage":0.0,"enemies":"Orb Walker","floor":36.0,"turns":4.0},{"damage":0.0,"enemies":"Writhing Mass","floor":37.0,"turns":5.0},{"damage":8.0,"enemies":"Transient","floor":38.0,"turns":5.0},{"damage":0,"enemies":"Spire Growth","floor":41,"turns":4},{"damage":0,"enemies":"Giant Head","floor":44,"turns":6},{"damage":0,"enemies":"Jaw Worm Horde","floor":48,"turns":4},{"damage":0,"enemies":"Time Eater","floor":50,"turns":7},{"damage":0,"enemies":"Shield and Spear","floor":54,"turns":6},{"damage":70,"enemies":"The Heart","floor":55,"turns":9}],"seed_played":"-3864296070809415932","potions_obtained":[{"floor":2.0,"key":"BlessingOfTheForge"},{"floor":4.0,"key":"AttackPotion"},{"floor":6.0,"key":"Weak Potion"}],"is_trial":false,"path_per_floor":["M","M","?","M","?","E","M","R","T","R","?","M","M","$","R","B",null,"M","M","$","M","M","E","M","?","T","R","$","E","R","?","R","B",null,"M","M","M","M","?","$","M","R","T","E","T","R","$","M","R","B",null,"R","$","E","B",null],"character_chosen":"Hololive_HololiveCharacter","items_purchased":["Hololive_CallAkiRosenthal","Orichalcum","Hololive_CallSakuraMiko","Flash of Steel","HollowMod:StagPassRelic","Hololive_CallYuzukiChoco","Hololive_CallUruhaRushia"],"campfire_rested":4,"item_purchase_floors":[14,20,28,28,40,40,53],"current_hp_per_floor":[35,35,35,35,35,29,29,29,29,42,42,42,37,37,37,37,45,45,45,45,45,45,45,45,45,45,45,45,45,45,45,45,45,45,45,45,45,45,45,45,45,45,45,45,45,45,45,45,45,45,45,45,45,45,24],"gold":123,"neow_bonus":"THREE_ENEMY_KILL","is_daily":false,"chose_seed":false,"campfire_upgraded":5,"win_rate":0.0,"timestamp":1608615501,"path_taken":["M","M","?","M","?","E","M","R","T","R","?","?","M","$","R","BOSS","M","M","$","M","M","E","M","?","T","R","$","E","R","?","R","BOSS","M","M","?","M","?","?","M","R","T","E","?","R","$","M","R","BOSS","R","$","E","BOSS"],"items_purchased_type":["Card","Relic","Card","Card","Relic","Card","Card"],"build_version":"2020-12-13","purchased_purges":2,"victory":true,"max_hp_per_floor":[35,35,35,35,35,45,45,45,45,45,45,45,45,45,45,45,45,45,45,45,45,45,45,45,45,45,45,45,45,45,45,45,45,45,45,45,45,45,45,45,45,45,45,45,45,45,45,45,45,45,45,45,45,45,45],"card_choices":[{"not_picked":["Hololive_Sequa","Hololive_Yoholoon","Hololive_HuntDinosaur"],"picked":"Hololive_CallSpadeEcho","floor":1.0},{"not_picked":["Hololive_ManjiGathering","Hololive_Trident","Hololive_Rebound"],"picked":"Hololive_OvertimeWork","floor":2.0},{"not_picked":["Hololive_Sequa","Hololive_CandyCastle","Hololive_OvertimeWork","Hololive_LuckPotion"],"picked":"SKIP","floor":4.0},{"not_picked":["Hololive_CallSpadeEcho","Hololive_Trident","Hololive_HuntDinosaur"],"picked":"Hololive_FlyingPonyTail","floor":6.0},{"not_picked":["Hololive_ASMR","Hololive_CocoNews","Hololive_Sequa"],"picked":"Hololive_CallNatsuiroMatsuri","floor":7.0},{"not_picked":["Hololive_CallShiranuiFlare","Hololive_Sequa","Hololive_Rebound"],"picked":"Hololive_RevenueBasedLive","floor":10.0},{"not_picked":["Hololive_Watashimo","Hololive_CocoNews","Hololive_Psychosis"],"picked":"Hololive_CallTsunomakiWatame","floor":12.0},{"not_picked":["Hololive_Rebound","Hololive_StrengthChampion","Hololive_CocoNews","Hololive_CallUsadaPekora"],"picked":"SKIP","floor":13.0},{"not_picked":["Hololive_StarCraft","Hololive_OpenUp","Hololive_WolfAndLamb"],"picked":"Hololive_DDD","floor":16.0},{"not_picked":["Hololive_Breathe","Hololive_OvertimeWork","Hololive_CallMinatoAqua","Hololive_Trident"],"picked":"SKIP","floor":18.0},{"not_picked":["Hololive_CallAkiRosenthal+1","Hololive_Watashimo","Hololive_Drill"],"picked":"Hololive_BringToTrial+1","floor":19.0},{"not_picked":["Hololive_Trident","Hololive_HuntDinosaur","Hololive_DevilCharm","Hololive_LuckPotion"],"picked":"SKIP","floor":21.0},{"not_picked":["Hololive_Yoholoon","Hololive_CallDoris","Hololive_CallUruhaRushia"],"picked":"Hololive_Teleport","floor":22.0},{"not_picked":["Hololive_Rebound","Hololive_CallAiraniIofifteen","Hololive_Breathe"],"picked":"Hololive_Rebirth","floor":23.0},{"not_picked":["Hololive_OvertimeWork","Hololive_CallNakiriAyame","Hololive_Psychosis"],"picked":"Hololive_CallArtia","floor":24.0},{"not_picked":["Hololive_Breathe","Hololive_HuntDinosaur","Hololive_Psychosis"],"picked":"Hololive_Nanodesu","floor":29.0},{"not_picked":["Hololive_AWSL","Hololive_Recruit","Hololive_IdolExercise"],"picked":"Hololive_ASMR","floor":33.0},{"not_picked":["Hololive_Drill","Hololive_HuntDinosaur+1","Hololive_Sequa+1"],"picked":"Hololive_FlyingPonyTail+1","floor":35.0},{"not_picked":["Hololive_RevenueBasedLive","Hololive_CandyCastle","Hololive_OvertimeWork+1"],"picked":"Hololive_CallFriendA+1","floor":36.0},{"not_picked":["Hololive_Spy+1","Hololive_Breathe","Hololive_CocoNews+1"],"picked":"Hololive_SummonFox+1","floor":37.0},{"not_picked":["Hololive_DurableLive","Hololive_Drill","Hololive_RevenueBasedLive"],"picked":"Hololive_CallMoonaHoshinova+1","floor":38.0},{"not_picked":["Hololive_FlyingPonyTail+1","Hololive_CallNatsuiroMatsuri","Hololive_OvertimeWork+1"],"picked":"Hololive_CallYozoraMel+1","floor":41},{"not_picked":["Hololive_DDD","Hololive_FlyingPonyTail+1","Hololive_OvertimeWork+1"],"picked":"Hololive_CallOzoraSubaru+1","floor":42},{"not_picked":["Hololive_CallOkamiMio+1","Hololive_Rebirth","Hololive_CallAyundaRisu"],"picked":"Hololive_CallRoboco+1","floor":44},{"not_picked":["Hololive_SoulCatcher","Hololive_SummonFox","Hololive_LuckPotion+1"],"picked":"Hololive_FlyingPonyTail+1","floor":46},{"not_picked":["Hololive_CocoNews","Hololive_Yoholoon+1","Hololive_Teleport"],"picked":"Hololive_OvertimeWork+1","floor":48},{"not_picked":["Hololive_StrengthChampion","Hololive_Psychosis+1","Hololive_FlyingPonyTail+1"],"picked":"Hololive_CallAiraniIofifteen","floor":49},{"not_picked":["Hololive_Recruit","Hololive_CallYuzukiChoco","Hololive_Rebound","Hololive_RevenueBasedLive+1"],"picked":"SKIP","floor":54}],"player_experience":232299,"relics_obtained":[{"floor":6.0,"key":"Pear"},{"floor":9.0,"key":"Dream Catcher"},{"floor":17.0,"key":"Toy Ornithopter"},{"floor":17.0,"key":"InkBottle"},{"floor":17.0,"key":"Bird Faced Urn"},{"floor":23.0,"key":"Boot"},{"floor":25.0,"key":"Darkstone Periapt"},{"floor":29.0,"key":"Blood Vial"},{"floor":43,"key":"Bottled Lightning"},{"floor":44,"key":"Lantern"},{"floor":45,"key":"Ancient Tea Set"},{"floor":54,"key":"HornCleat"}],"event_choices":[{"damage_healed":0.0,"max_hp_gain":0.0,"max_hp_loss":0.0,"gold_gain":0.0,"event_name":"Menagerie:ThreeAnimals","player_choice":"Lion","floor":3.0,"gold_loss":0.0,"damage_taken":0.0,"relics_obtained":["Hololive_FriedShrimpLion"],"cards_obtained":["Injury"]},{"damage_healed":0.0,"max_hp_gain":0.0,"max_hp_loss":0.0,"gold_gain":0.0,"event_name":"Menagerie:MageAndMonster","player_choice":"Avoid the battle","floor":5.0,"gold_loss":15.0,"damage_taken":0.0},{"damage_healed":0.0,"max_hp_gain":0.0,"max_hp_loss":0.0,"gold_gain":0.0,"event_name":"Menagerie:OvergrownLibrary","player_choice":"Peek","floor":11.0,"gold_loss":0.0,"damage_taken":0.0},{"damage_healed":0.0,"max_hp_gain":0.0,"max_hp_loss":0.0,"gold_gain":0.0,"event_name":"Elementarium:OtherworldlyPassage","player_choice":"Enter","floor":25.0,"gold_loss":0.0,"damage_taken":0.0},{"damage_healed":0.0,"max_hp_gain":0.0,"max_hp_loss":0.0,"gold_gain":0.0,"event_name":"Elementarium:SculptureGarden","player_choice":"Meditate","floor":31.0,"gold_loss":0.0,"damage_taken":0.0,"cards_upgraded":["Hololive_CallMinatoAqua","Hololive_CallUsadaPekora","Hololive_CallShiranuiFlare","Hololive_CallNatsuiroMatsuri","Hololive_DDD","Hololive_CallArtia"]},{"damage_healed":0.0,"max_hp_gain":0.0,"max_hp_loss":0.0,"gold_gain":0.0,"event_name":"Upgrade Shrine","player_choice":"Upgraded","floor":39.0,"gold_loss":0.0,"damage_taken":0.0,"cards_upgraded":["Hololive_CallSpadeEcho"]}],"is_beta":false,"boss_relics":[{"not_picked":["Runic Pyramid","SacredBark"],"picked":"Calling Bell"},{"not_picked":["Busted Crown","Snecko Eye"],"picked":"Astrolabe"}],"items_purged_floors":[14,47],"is_endless":false,"potions_floor_spawned":[2,4,6,12,19,24,25,38,41,48,54],"ascension_level":0}}