{"host":"0azimyi6n3ugndj4","time":1608638518,"event":{"mods":["BaseMod","Bestiary","Conspire","Curses Come First","Defuse TimeMaze Blight","Hyrulean Relics","Infinite Spire","Minty Spire (QoL Compilation)","Relic Sorter","Relic Stats","Replay The Spire","StSLib","SuperFastMode","Uncapped","¡¼?Úª?ø«¡½REMEMod"],"gold_per_floor":[132,132,165,452,512,599,611,728,820,907,919,105,141,171,171,405,405,462,387,423,483,603,708,738,738,738],"floor_reached":25,"playtime":418,"items_purged":["Regret"],"score":611,"play_id":"bf0f6b57-f0dc-4030-87c9-f41495c2f5fa","local_time":"20201222210158","daily_mods":["Insanity","Chimera","Specialized","Vintage","ControlledChaos","Allstar","Diverse","Colorless Cards","Heirloom","Time Dilation","Binary","Elite Swarm","Lethality","Midas","Uncertain Future"],"is_ascension_mode":true,"campfire_choices":[{"floor":7,"key":"REST"},{"floor":11,"key":"REST"},{"floor":15,"key":"REST"}],"circlet_count":0,"master_deck":["Demon Form","Wraith Form v2","Echo Form","DevaForm","AscendersBane","Bash","Survivor","Zap","Strike_R","Strike_G","Strike_B","Defend_R","Defend_G","Defend_P","Second Wind","JustLucky","Flash of Steel","Outmaneuver","Prostrate","EmptyFist","Flash of Steel","Darkness","Tactician","FollowUp","All Out Attack","PathToVictory","WheelKick","REME_Repentance","Anger","Replay:Undeath\u0027s Touch","ReplayTheSpireMod:LeadingStrike","conspire:Banana","Clash","True Grit","Compile Driver","REME_Cut","Warcry","Perfected Strike","Panic Button","FollowUp","Sunder","Tempest","Flex","Trip","Anger","Shockwave","Sword Boomerang","Escape Plan","Sucker Punch","ReplayTheSpireMod:Corrosion Curse","BowlingBash","Dark Shackles","REME_Repentance","Slice","Underhanded Strike","Armaments","Dagger Spray","Coolheaded","Body Slam","Tactician","SashWhip","Rebound","Bloodletting","Conserve Battery","conspire:Banana","conspire:Banana","conspire:Banana","conspire:Banana","conspire:Banana","Secret Technique","conspire:Banana","REME_TheoryOfElimination","Secret Weapon","Secret Technique","Tools of the Trade","Master of Strategy","Demonic Infusion","Scrawl","Pain","Noxious Fumes","Coolheaded+1","conspire:Purge"],"relics":["Cracked Core","Frozen Eye","REME_ComplimentaryCards","conspire:Boomerang","infinitespire:Joker Card","Nunchaku","MawBank","Boot","zeldaRelics:CourageTriforce","zeldaRelics:WisdomPiece","ClockworkSouvenir","Ice Cream","conspire:DeflatedDodgeball","MealTicket","Gremlin Horn","SlaversCollar","Juzu Bracelet","Replay:Kaleidoscope","Bag of Preparation","StrikeDummy","Incense Burner"],"acts_visited":["Exordium","TheCity"],"potions_floor_usage":[8,21,24],"damage_taken":[{"damage":13,"enemies":"Small Slimes","floor":1,"turns":2},{"damage":34,"enemies":"2 Louse","floor":3,"turns":3},{"damage":0,"enemies":"Cultist","floor":5,"turns":2},{"damage":0,"enemies":"Gremlin Nob","floor":6,"turns":2},{"damage":23,"enemies":"Replay:BlueRogue","floor":8,"turns":3},{"damage":13,"enemies":"3 Sentries","floor":10,"turns":2},{"damage":3,"enemies":"2 Fungi Beasts","floor":13,"turns":3},{"damage":14,"enemies":"Looter","floor":14,"turns":3},{"damage":3,"enemies":"Fading Forest","floor":16,"turns":5},{"damage":21,"enemies":"2 Thieves","floor":18,"turns":4},{"damage":10,"enemies":"Spheric Guardian","floor":20,"turns":4},{"damage":24,"enemies":"Snake Plant","floor":21,"turns":3},{"damage":0,"enemies":"Gremlin Leader","floor":23,"turns":2},{"damage":6,"enemies":"Chosen and Byrds","floor":24,"turns":5},{"damage":20,"enemies":"conspire:MimicChest","floor":25,"turns":2}],"seed_played":"9111856053990805175","potions_obtained":[{"floor":1,"key":"FocusPotion"},{"floor":3,"key":"AttackPotion"},{"floor":8,"key":"Block Potion"},{"floor":13,"key":"Weak Potion"}],"is_trial":true,"path_per_floor":["M","?","M","?","M","E","R","E","T","E","R","$","M","M","R","B",null,"M","?","M","M","?","E","M","?"],"character_chosen":"DEFECT","items_purchased":["ClockworkSouvenir","Ice Cream","conspire:DeflatedDodgeball"],"campfire_rested":3,"item_purchase_floors":[12,12,12],"current_hp_per_floor":[53,48,15,15,16,17,39,18,18,5,28,28,27,13,37,34,69,50,50,43,20,20,21,16,0,0],"gold":738,"neow_bonus":"","is_daily":false,"chose_seed":false,"campfire_upgraded":0,"win_rate":0.0,"timestamp":1608638518,"path_taken":["M","?","M","?","M","E","R","E","T","E","R","$","M","?","R","BOSS","M","?","M","M","?","E","M","?"],"items_purchased_type":["Relic","Relic","Relic"],"build_version":"2020-12-13","purchased_purges":1,"victory":false,"max_hp_per_floor":[73,73,74,74,75,76,76,78,78,78,78,78,80,80,80,80,80,82,82,85,86,86,87,88,90,90],"relic_stats":{"Nunchaku":[7],"Gremlin Horn":[6,6],"counters":[15,45],"MealTicket":0,"Juzu Bracelet":1,"Bag of Preparation":[6],"MawBank":108,"Boot":[9],"obtain_stats":[{"Ice Cream":12,"zeldaRelics:WisdomPiece":10,"Gremlin Horn":14,"infinitespire:Joker Card":1,"conspire:Boomerang":0,"Juzu Bracelet":18,"Bag of Preparation":21,"Incense Burner":24,"Replay:Kaleidoscope":20,"MawBank":3,"Boot":5,"zeldaRelics:CourageTriforce":9,"ClockworkSouvenir":12,"Frozen Eye":0,"SlaversCollar":17,"Nunchaku":2,"MealTicket":13,"zeldaRelics:CouragePiece":6,"conspire:DeflatedDodgeball":12,"Cracked Core":0,"StrikeDummy":22,"REME_ComplimentaryCards":0},{"Ice Cream":6,"zeldaRelics:WisdomPiece":6,"Gremlin Horn":8,"infinitespire:Joker Card":1,"conspire:Boomerang":0,"Juzu Bracelet":10,"Bag of Preparation":12,"Incense Burner":14,"Replay:Kaleidoscope":11,"MawBank":2,"Boot":3,"zeldaRelics:CourageTriforce":5,"ClockworkSouvenir":6,"Frozen Eye":0,"SlaversCollar":9,"Nunchaku":1,"MealTicket":7,"zeldaRelics:CouragePiece":4,"conspire:DeflatedDodgeball":6,"Cracked Core":0,"StrikeDummy":12,"REME_ComplimentaryCards":0},{"Ice Cream":14,"zeldaRelics:WisdomPiece":14,"Gremlin Horn":20,"infinitespire:Joker Card":2,"conspire:Boomerang":0,"Juzu Bracelet":29,"Bag of Preparation":36,"Incense Burner":43,"Replay:Kaleidoscope":33,"MawBank":5,"Boot":7,"zeldaRelics:CourageTriforce":12,"ClockworkSouvenir":14,"Frozen Eye":0,"SlaversCollar":25,"Nunchaku":2,"MealTicket":17,"zeldaRelics:CouragePiece":9,"conspire:DeflatedDodgeball":14,"Cracked Core":0,"StrikeDummy":36,"REME_ComplimentaryCards":0}]},"card_choices":[{"not_picked":["Multi-Cast"],"picked":"Replay:Dark Deal","floor":6},{"not_picked":["REME_TheLastStrike"],"picked":"Master of Strategy","floor":8},{"not_picked":["Feed"],"picked":"Demonic Infusion","floor":10},{"not_picked":["Bullet Time"],"picked":"Scrawl","floor":16},{"not_picked":["Run Through"],"picked":"Noxious Fumes","floor":22},{"not_picked":["PanicButton"],"picked":"Coolheaded+1","floor":22},{"not_picked":["Midas Touch"],"picked":"conspire:Purge","floor":23}],"player_experience":1491175,"relics_obtained":[{"floor":1,"key":"infinitespire:Joker Card"},{"floor":3,"key":"MawBank"},{"floor":5,"key":"Boot"},{"floor":6,"key":"zeldaRelics:CouragePiece"},{"floor":8,"key":"zeldaRelics:CouragePiece"},{"floor":9,"key":"zeldaRelics:CouragePiece"},{"floor":10,"key":"zeldaRelics:WisdomPiece"},{"floor":13,"key":"MealTicket"},{"floor":14,"key":"Gremlin Horn"},{"floor":18,"key":"Juzu Bracelet"},{"floor":20,"key":"Replay:Kaleidoscope"},{"floor":21,"key":"Bag of Preparation"},{"floor":22,"key":"StrikeDummy"},{"floor":23,"key":"zeldaRelics:WisdomPiece"},{"floor":24,"key":"Incense Burner"}],"event_choices":[{"damage_healed":0,"gold_gain":0,"player_choice":"Success","damage_taken":5,"relics_obtained":["Nunchaku"],"max_hp_gain":0,"max_hp_loss":0,"event_name":"Scrap Ooze","floor":2,"gold_loss":0},{"damage_healed":0,"gold_gain":275,"player_choice":"Desecrate","damage_taken":0,"max_hp_gain":0,"max_hp_loss":0,"event_name":"Golden Shrine","floor":4,"gold_loss":0,"cards_obtained":["Regret"]},{"cards_removed":["Eruption"],"damage_healed":0,"gold_gain":0,"player_choice":"Gave Gold","damage_taken":0,"max_hp_gain":0,"max_hp_loss":0,"event_name":"Beggar","floor":19,"gold_loss":75}],"is_beta":false,"boss_relics":[{"not_picked":["Calling Bell","Inserter"],"picked":"SlaversCollar"}],"items_purged_floors":[12],"is_endless":false,"potions_floor_spawned":[1,3,6,8,13,20],"killed_by":"conspire:MimicChest","ascension_level":20}}