{"host":"ja297la2wpvv1dvv","time":1608613389,"event":{"mods":["AchievementEnabler","BaseMod","Bestiary","Colored Map","Colored Powertips","Curses Come First","Minty Spire (QoL Compilation)","StSLib"],"gold_per_floor":[117,134,151,161,179,179,209,209,283,283,294,17,17,46,46,148,148,160,176,188,188,188,188,188,188],"floor_reached":24,"playtime":2931,"items_purged":[],"score":208,"play_id":"c1c435aa-e154-4c00-a0c4-48e7ad17c3a5","local_time":"20201221230309","is_ascension_mode":false,"campfire_choices":[{"data":"Eruption","floor":6,"key":"SMITH"},{"floor":8,"key":"REST"},{"floor":13,"key":"REST"},{"data":"TalkToTheHand","floor":15,"key":"SMITH"},{"floor":23,"key":"REST"}],"circlet_count":0,"master_deck":["Strike_P","Strike_P","Defend_P","Defend_P","Defend_P","Eruption+1","Vigilance","FearNoEvil","Nirvana","LikeWater","TalkToTheHand+1","Prostrate","FlurryOfBlows","CutThroughFate","MentalFortress","CutThroughFate","FollowUp","ClearTheMind","JustLucky","DevaForm","JustLucky","PathToVictory","PathToVictory+1","JustLucky","CutThroughFate","CarveReality","Necronomicurse"],"relics":["PureWater","Blood Vial","Bottled Flame","Akabeko","Prayer Wheel","Empty Cage","Necronomicon"],"acts_visited":["Exordium","TheCity"],"potions_floor_usage":[16,16,24],"damage_taken":[{"damage":0,"enemies":"Cultist","floor":1,"turns":4},{"damage":0,"enemies":"Small Slimes","floor":2,"turns":2},{"damage":1,"enemies":"2 Louse","floor":3,"turns":3},{"damage":0,"enemies":"2 Fungi Beasts","floor":4,"turns":4},{"damage":20,"enemies":"Looter","floor":5,"turns":4},{"damage":36,"enemies":"Gremlin Nob","floor":7,"turns":7},{"damage":9,"enemies":"Large Slime","floor":11,"turns":7},{"damage":7,"enemies":"Lagavulin","floor":14,"turns":7},{"damage":11,"enemies":"The Guardian","floor":16,"turns":11},{"damage":10,"enemies":"Chosen","floor":18,"turns":9},{"damage":10,"enemies":"2 Thieves","floor":19,"turns":4},{"damage":21,"enemies":"Snecko","floor":20,"turns":5},{"damage":54,"enemies":"Gremlin Leader","floor":24,"turns":5}],"seed_played":"1334821737650105387","potions_obtained":[{"floor":4,"key":"Energy Potion"},{"floor":7,"key":"Ancient Potion"},{"floor":14,"key":"Strength Potion"}],"is_trial":false,"path_per_floor":["M","M","M","M","M","R","E","R","T","?","M","$","R","E","R","B",null,"M","M","M","?","?","R","E"],"character_chosen":"WATCHER","items_purchased":["CutThroughFate","FollowUp","Akabeko","ClearTheMind"],"campfire_rested":3,"item_purchase_floors":[12,12,12,12],"current_hp_per_floor":[72,72,71,71,51,51,15,36,36,41,34,34,57,52,52,43,77,67,59,40,24,24,47,0,0],"gold":188,"neow_bonus":"TRANSFORM_CARD","is_daily":false,"chose_seed":false,"campfire_upgraded":2,"win_rate":0.0,"timestamp":1608613389,"path_taken":["M","M","?","M","M","R","E","R","T","?","M","$","R","E","R","BOSS","M","M","M","?","?","R","E"],"items_purchased_type":["Card","Card","Relic","Card"],"build_version":"2020-12-13","purchased_purges":0,"victory":false,"max_hp_per_floor":[72,72,72,72,72,72,72,72,72,77,77,77,77,77,77,77,77,77,77,77,77,77,77,77,77],"card_choices":[{"not_picked":["EmptyFist","Protect"],"picked":"Nirvana","floor":1},{"not_picked":["Consecrate","Evaluate"],"picked":"LikeWater","floor":2},{"not_picked":["Protect","WaveOfTheHand"],"picked":"TalkToTheHand","floor":3},{"not_picked":["Sanctity","Worship"],"picked":"Prostrate","floor":4},{"not_picked":["TalkToTheHand","Evaluate"],"picked":"FlurryOfBlows","floor":5},{"not_picked":["MentalFortress","SignatureMove"],"picked":"CutThroughFate","floor":7},{"not_picked":["Blasphemy","DeceiveReality"],"picked":"MentalFortress","floor":11},{"not_picked":["DeceiveReality","CrushJoints"],"picked":"JustLucky","floor":14},{"not_picked":["Vault","SpiritShield"],"picked":"DevaForm","floor":16},{"not_picked":["FollowUp","Halt"],"picked":"JustLucky","floor":18},{"not_picked":["JustLucky+1","SignatureMove"],"picked":"PathToVictory","floor":18},{"not_picked":["FlyingSleeves","BowlingBash+1"],"picked":"PathToVictory+1","floor":19},{"not_picked":["SashWhip","EmptyMind"],"picked":"JustLucky","floor":19},{"not_picked":["CrushJoints","WindmillStrike+1"],"picked":"CutThroughFate","floor":20},{"not_picked":["Crescendo","Worship"],"picked":"CarveReality","floor":20}],"player_experience":163563,"relics_obtained":[{"floor":7,"key":"Blood Vial"},{"floor":9,"key":"Bottled Flame"},{"floor":14,"key":"Prayer Wheel"},{"floor":21,"key":"Necronomicon"}],"event_choices":[{"damage_healed":0,"gold_gain":0,"player_choice":"Donut","damage_taken":0,"max_hp_gain":5,"max_hp_loss":0,"event_name":"Big Fish","floor":10,"gold_loss":0},{"damage_healed":0,"gold_gain":0,"player_choice":"Obtained Book","damage_taken":16,"max_hp_gain":0,"max_hp_loss":0,"event_name":"Cursed Tome","floor":21,"gold_loss":0},{"damage_healed":0,"gold_gain":0,"player_choice":"Ignored","damage_taken":0,"max_hp_gain":0,"max_hp_loss":0,"event_name":"Ghosts","floor":22,"gold_loss":0}],"is_beta":false,"boss_relics":[{"not_picked":["Runic Dome","Snecko Eye"],"picked":"Empty Cage"}],"items_purged_floors":[],"is_endless":false,"potions_floor_spawned":[4,7,14],"killed_by":"Gremlin Leader","ascension_level":0}}