{"host":"sbc312dehzkmua2p","time":1608608697,"event":{"mods":["Act Like it!","Aspiration","Bard","BaseMod","Beaked The Cultist","CatGirl Mod","Conspire","Downfall","Friendly Minions","Gensokyo","Hermit","Hubris","Infinite Spire","Jorbs\u0027s Wanderer Trilogy","Kiyohime????","Koishi","Lobotomy","Marisa????????","Minty Spire (QoL Compilation)","Quick Restart","READ ME - Guardian Mod","Reimu??????","Replay The Spire","StSLib","The Construct","The Disciple","The Druid","The Factory","The Gatherer","The Hierophant","The Judge","The Jungle","The Mystic","The Necromancer","The Runesmith","The Senshi","The Servant 0.9.4","TheBandit","thorton"],"gold_per_floor":[123,148,2,19,19,19,19,34,103,103,115,290,290,305,305,310,310,310],"floor_reached":16,"playtime":712,"items_purged":[],"score":94,"play_id":"f32b7ca8-0b01-45fc-bc93-94172ad454df","local_time":"20201221214457","is_ascension_mode":false,"campfire_choices":[{"floor":6,"key":"REST"},{"floor":10,"key":"RECALL"},{"floor":13,"key":"REST"}],"circlet_count":0,"master_deck":["thethorton:Strike","thethorton:Strike","thethorton:Strike","thethorton:Defend","thethorton:Defend","thethorton:Defend","thethorton:Defend","thethorton:Heckle","thethorton:CreditCard","Normality","thethorton:ElbowSmash","thethorton:BusinessBoom","thethorton:BusinessCard+1","thethorton:BusinessCard","Gensokyo:CrescentMoonSlash","thethorton:BigBreak","thethorton:SheetShred","thethorton:WhirlingBriefcase","thethorton:ToxicGreed","thethorton:GemGun"],"relics":["aspiration:PoetsPen_weak","Darkstone Periapt","Pocketwatch","Centennial Puzzle"],"acts_visited":["Gensokyo:Gensokyo"],"potions_floor_usage":[14,16,16],"damage_taken":[{"damage":8,"enemies":"Gensokyo:3_Fairies","floor":1,"turns":4},{"damage":1,"enemies":"Gensokyo:Gryphon","floor":2,"turns":3},{"damage":11,"enemies":"Gensokyo:Python","floor":4,"turns":3},{"damage":13,"enemies":"Gensokyo:2_Rabbits","floor":8,"turns":4},{"damage":14,"enemies":"Gensokyo:Python_and_Kodama","floor":11,"turns":4},{"damage":20,"enemies":"Gensokyo:LivingMonolith","floor":12,"turns":4},{"damage":13,"enemies":"Gensokyo:VengefulSpirit","floor":14,"turns":4},{"damage":31,"enemies":"Gensokyo:Kokoro","floor":16,"turns":5}],"seed_played":"-2588500043936523297","potions_obtained":[{"floor":1,"key":"FearPotion"},{"floor":8,"key":"DuplicationPotion"},{"floor":11,"key":"EssenceOfSteel"},{"floor":12,"key":"DistilledChaos"}],"is_trial":false,"path_per_floor":["M","M","COS","M","$","R","?","M","T","R","M","M","R","M","R","B"],"character_chosen":"THE_THORT","items_purchased":[],"campfire_rested":2,"item_purchase_floors":[],"current_hp_per_floor":[60,59,59,48,48,68,62,49,49,49,35,15,35,22,22,0,0,0],"gold":310,"neow_bonus":"BOSS_RELIC","is_daily":false,"chose_seed":false,"campfire_upgraded":0,"win_rate":0.0,"timestamp":1608608697,"path_taken":["M","M","COS","M","?","R","?","M","T","R","M","M","R","?","R","BOSS"],"items_purchased_type":[],"build_version":"2020-12-13","purchased_purges":0,"victory":false,"max_hp_per_floor":[68,68,68,68,68,68,68,68,68,68,68,68,68,68,68,68,68,68],"card_choices":[{"not_picked":["thethorton:BoardroomBlast","thethorton:HedgeFund"],"picked":"thethorton:ElbowSmash","floor":1},{"not_picked":["thethorton:FearfulRun","thethorton:Investment"],"picked":"thethorton:BusinessBoom","floor":2},{"not_picked":["thethorton:FearfulRun+1","thethorton:BookBash+1"],"picked":"thethorton:BusinessCard+1","floor":4},{"not_picked":["thethorton:RunningKick","thethorton:ElbowSmash"],"picked":"thethorton:BusinessCard","floor":4},{"not_picked":["thethorton:ElbowSmash","thethorton:CashBash"],"picked":"thethorton:BigBreak","floor":8},{"not_picked":["thethorton:CashBash","thethorton:SicklyRun"],"picked":"thethorton:SheetShred","floor":11},{"not_picked":["thethorton:CannonShot","thethorton:GoldBuffer"],"picked":"thethorton:WhirlingBriefcase","floor":12},{"not_picked":["thethorton:Distance","thethorton:GemGun"],"picked":"thethorton:ToxicGreed","floor":14}],"player_experience":832377,"relics_obtained":[{"floor":9,"key":"Darkstone Periapt"}],"event_choices":[],"is_beta":false,"boss_relics":[],"items_purged_floors":[],"is_endless":false,"potions_floor_spawned":[1,8,11,12],"killed_by":"Gensokyo:Kokoro","ascension_level":0}}