{"host":"lw874zp3en0pz6a7","time":1608627117,"event":{"mods":["Act Like it!","BaseMod","Downfall","Key Reminder","KinomotoSakuraMod(木之本樱)","LagranYue(拉格朗・月)","Luminous","Marisa（F雨　魔理沙）","Minty Spire (QoL Compilation)","Quick Restart","READ ME - Guardian Mod","Reimu（博丽灵梦）","Remilia（蕾米莉亚）","Replay The Spire","SIMod","SOS（斯巴达之子）","Shop Mod","StSLib","Td1madao Mod","The Administrix","The Bladedancer","The Bug Knight","The Construct","The Cursed","The Gatherer","The Runesmith","The Servant 0.9.4","WarShipGirlsR/战舰少女R mod","Youmu（魂魄妖梦）","[地精首领爬塔]The Maniac","vexMod"],"gold_per_floor":[118,130,90,90,6,40,59,70,70,70,95,95,120,45,45,145,145,161,121,21,36,11,36,36,70,70,70,70,107,123,123,123,286,286,346,346,346,362,395,473,473,511,511,535,535],"floor_reached":44,"playtime":2165,"items_purged":["Dualcast","Strike_B"],"score":564,"play_id":"16f29159-936b-4fc1-851d-25052426f579","local_time":"20201222165157","is_ascension_mode":true,"campfire_choices":[{"data":"Streamline","floor":10,"key":"SMITH"},{"data":"Reprogram","floor":12,"key":"SMITH"},{"data":"Gash","floor":15,"key":"SMITH"},{"data":"FTL","floor":24,"key":"SMITH"},{"data":"Self Repair","floor":28,"key":"SMITH"},{"data":"Go for the Eyes","floor":32,"key":"SMITH"},{"data":"Reboot","floor":41,"key":"SMITH"}],"circlet_count":0,"master_deck":["Strike_B","Defend_B","Defend_B","Defend_B","Defend_B","FTL+1","Gash+1","Self Repair+1","Streamline+1","Go for the Eyes+1","Reprogram+1","All For One+1","ReplayTheSpireMod:System Scan+1","Steam+1","Machine Learning","Conserve Battery","Reboot+1","Hologram","Streamline+1","Beam Cell+1"],"relics":["Cracked Core","LagranYue:RandomDrawCardRelic","NeowsBlessing","PaintedHorse:ReiMu","keyreminder:keyreminder","Solar Panel","Pocketwatch","Molten Egg 2","Bottled Tornado","Replay:Grab Bag","Philosopher\u0027s Stone","vexMod:TanglingVine","Nuclear Battery","Ring of Chaos","ZunR:ReiMu","Runesmith:Locket","Anchor","vexMod:ConsolationPrize","Pantograph","Replay:Bronze Core","Prayer Wheel","Replay:Bandana","Centennial Puzzle"],"acts_visited":["Exordium","TheCity","TheBeyond"],"potions_floor_usage":[13,16,21,44,44],"damage_taken":[{"damage":0,"enemies":"Jaw Worm","floor":1,"turns":1},{"damage":0,"enemies":"2 Louse","floor":2,"turns":1},{"damage":0,"enemies":"3 Sentries","floor":6,"turns":1},{"damage":0,"enemies":"Small Slimes","floor":7,"turns":3},{"damage":1,"enemies":"2 Fungi Beasts","floor":8,"turns":3},{"damage":10,"enemies":"Gremlin Nob","floor":11,"turns":3},{"damage":4,"enemies":"3 Sentries","floor":13,"turns":6},{"damage":38,"enemies":"Slime Boss","floor":16,"turns":11},{"damage":15,"enemies":"3 Byrds","floor":18,"turns":4},{"damage":23,"enemies":"3 Cultists","floor":21,"turns":6},{"damage":7,"enemies":"Gremlin Leader","floor":23,"turns":6},{"damage":9,"enemies":"HollowMod:Nosk","floor":25,"turns":6},{"damage":7,"enemies":"Book of Stabbing","floor":29,"turns":7},{"damage":4,"enemies":"Snake Plant","floor":30,"turns":4},{"damage":67,"enemies":"Collector","floor":33,"turns":13},{"damage":44,"enemies":"3 Shapes","floor":35,"turns":5},{"damage":2,"enemies":"3 Darklings","floor":38,"turns":6},{"damage":23,"enemies":"Sphere and 2 Shapes","floor":39,"turns":8},{"damage":43,"enemies":"R_Hoarder","floor":40,"turns":8},{"damage":4,"enemies":"Spire Growth","floor":42,"turns":4},{"damage":26,"enemies":"Reptomancer","floor":44,"turns":2}],"seed_played":"7366803509916816183","potions_obtained":[{"floor":1,"key":"FocusPotion"},{"floor":6,"key":"BlessingOfTheForge"},{"floor":13,"key":"Dexterity Potion"},{"floor":16,"key":"LifebloodPotion"},{"floor":18,"key":"Weak Potion"},{"floor":21,"key":"ColorlessPotion"},{"floor":25,"key":"Regen Potion"},{"floor":35,"key":"PowerPotion"}],"is_trial":false,"path_per_floor":["M","M","?","T","$","E","M","M","T","R","E","R","E","$","R","B",null,"M","?","$","M","?","E","R","E","T","?","R","E","M","?","R","B",null,"M","?","?","M","M","E","R","M","T","E"],"character_chosen":"DEFECT","items_purchased":["Gash","Self Repair"],"campfire_rested":0,"item_purchase_floors":[5,5],"current_hp_per_floor":[75,75,75,75,75,75,75,75,75,75,72,72,75,75,75,50,75,71,71,71,59,59,63,63,65,65,65,65,70,75,75,75,20,75,43,43,43,53,42,13,13,21,21,0,0],"gold":535,"neow_bonus":"THREE_ENEMY_KILL","is_daily":false,"chose_seed":false,"campfire_upgraded":7,"win_rate":0.0,"timestamp":1608627117,"path_taken":["M","M","?","?","?","E","M","M","T","R","E","R","E","$","R","BOSS","M","?","$","M","?","E","R","E","T","?","R","E","M","?","R","BOSS","M","?","?","M","M","E","R","?","T","E"],"items_purchased_type":["Card","Card"],"build_version":"2020-12-13","purchased_purges":2,"victory":false,"max_hp_per_floor":[75,75,75,75,75,75,75,75,75,75,75,75,75,75,75,75,75,75,75,75,75,75,75,75,75,75,75,75,75,75,75,75,75,75,75,75,75,75,75,75,75,75,75,75,75],"card_choices":[{"not_picked":["Stack","BootSequence"],"picked":"FTL","floor":1},{"not_picked":["ReplaySolidLightProjector","Hologram","Ball Lightning"],"picked":"SKIP","floor":2},{"not_picked":["Compile Driver","Doom and Gloom","Redo"],"picked":"SKIP","floor":6},{"not_picked":["Beam Cell","Fission"],"picked":"Streamline","floor":7},{"not_picked":["Cold Snap","BasicCrystalCard"],"picked":"Go for the Eyes","floor":8},{"not_picked":["Sweeping Beam+1","Leap"],"picked":"Reprogram","floor":11},{"not_picked":["Glacier","BasicCrystalCard","Rainbow"],"picked":"SKIP","floor":13},{"not_picked":["Multi-Cast","Fission"],"picked":"All For One+1","floor":16},{"not_picked":["Go for the Eyes+1","Beam Cell+1"],"picked":"ReplayTheSpireMod:System Scan+1","floor":18},{"not_picked":["Hologram","Cold Snap+1"],"picked":"Steam+1","floor":21},{"not_picked":["Darkness","Electrodynamics"],"picked":"Machine Learning","floor":23},{"not_picked":["Storm+1","Stack","ReplaySort"],"picked":"SKIP","floor":25},{"not_picked":["BootSequence","Chaos","White Noise+1"],"picked":"SKIP","floor":29},{"not_picked":["Conserve Battery","Leap","Go for the Eyes+1"],"picked":"SKIP","floor":30},{"not_picked":["Biased Cognition","Machine Learning"],"picked":"Reboot","floor":33},{"not_picked":["Steam","Stack+1","Barrage+1"],"picked":"SKIP","floor":35},{"not_picked":["BasicCrystalCard+1","Blizzard+1","Steam+1"],"picked":"SKIP","floor":38},{"not_picked":["Force Field+1","BootSequence"],"picked":"Streamline+1","floor":39},{"not_picked":["Creative AI","Leap"],"picked":"Beam Cell+1","floor":40},{"not_picked":["Beam Cell+1","Loop","Conserve Battery"],"picked":"SKIP","floor":42},{"not_picked":["Rebound+1","Compile Driver+1","Heatsinks"],"picked":"SKIP","floor":42}],"player_experience":296011,"relics_obtained":[{"floor":6,"key":"Solar Panel"},{"floor":9,"key":"Pocketwatch"},{"floor":11,"key":"Molten Egg 2"},{"floor":13,"key":"Bottled Tornado"},{"floor":23,"key":"Runesmith:Locket"},{"floor":25,"key":"Anchor"},{"floor":26,"key":"vexMod:ConsolationPrize"},{"floor":29,"key":"Pantograph"},{"floor":40,"key":"Replay:Bandana"},{"floor":43,"key":"Centennial Puzzle"}],"event_choices":[{"damage_healed":0,"gold_gain":0,"player_choice":"塞钱","damage_taken":0,"relics_obtained":["PaintedHorse:ReiMu"],"max_hp_gain":0,"max_hp_loss":0,"event_name":"yidonshenshe","floor":3,"gold_loss":40},{"damage_healed":0,"gold_gain":0,"player_choice":"购买神酒","damage_taken":0,"relics_obtained":["ZunR:ReiMu"],"max_hp_gain":0,"max_hp_loss":0,"event_name":"ZunEvent","floor":19,"gold_loss":40},{"damage_healed":0,"gold_gain":0,"cards_transformed":["Zap","Strike_B"],"player_choice":"Became Test Subject","damage_taken":0,"max_hp_gain":0,"max_hp_loss":0,"event_name":"Drug Dealer","floor":27,"gold_loss":0,"cards_obtained":["Capacitor","Conserve Battery"]},{"damage_healed":0,"gold_gain":0,"player_choice":"Ignored","damage_taken":0,"max_hp_gain":0,"max_hp_loss":0,"event_name":"Ghosts","floor":31,"gold_loss":0},{"cards_removed":["Strike_B"],"damage_healed":0,"gold_gain":0,"player_choice":"Removed Attack","damage_taken":0,"max_hp_gain":0,"max_hp_loss":0,"event_name":"Falling","floor":36,"gold_loss":0},{"damage_healed":0,"gold_gain":0,"cards_transformed":["Capacitor"],"player_choice":"Transformed","damage_taken":0,"max_hp_gain":0,"max_hp_loss":0,"event_name":"Transmorgrifier","floor":37,"gold_loss":0,"cards_obtained":["Hologram"]}],"is_beta":false,"boss_relics":[{"not_picked":["Velvet Choker","FrozenCore"],"picked":"Replay:Grab Bag"},{"not_picked":["Fusion Hammer","vexMod:EndlessSickness"],"picked":"Philosopher\u0027s Stone"},{"not_picked":["vexMod:CursedCompass","LagranYue:ContractPerformanceRelic"],"picked":"vexMod:TanglingVine"},{"not_picked":["Calling Bell","construct:ClawGrip"],"picked":"Nuclear Battery"},{"not_picked":["Inserter","Snecko Eye"],"picked":"Ring of Chaos"},{"not_picked":["Replay:Ancient Bell","Kintsugi"],"picked":"Replay:Bronze Core"}],"items_purged_floors":[14,20],"is_endless":false,"potions_floor_spawned":[1,6,13,16,18,21,25,35,40],"killed_by":"Reptomancer","ascension_level":1}}