{"host":"dvpvhz1t6etneyb3","time":1608654842,"event":{"mods":["AchievementEnabler","BaseMod","Colored Map","Highlight Path","Minty Spire (QoL Compilation)","Permanent Neow","Quick Restart"],"gold_per_floor":[99,99,99,58,58,58,58,58,58,58,58,58,58,58,58,58,58,38,38,38,38,38,38,38,38,38,38,38,38,38,38,38,38,38,38,0,0,0,0,0,0,0,0,0,0,0,0,0,0,0,0],"floor_reached":50,"playtime":1961,"items_purged":[],"score":1458,"play_id":"ac6c4d11-0693-45d0-8a92-c20e34e4529f","local_time":"20201222113402","is_ascension_mode":true,"campfire_choices":[{"floor":7.0,"key":"REST"},{"floor":11.0,"key":"REST"},{"data":"Wish","floor":15.0,"key":"SMITH"},{"floor":23.0,"key":"REST"},{"data":"Vault","floor":27.0,"key":"SMITH"},{"floor":32.0,"key":"REST"},{"data":"Ragnarok","floor":41.0,"key":"SMITH"},{"data":"LikeWater","floor":45.0,"key":"SMITH"},{"data":"Adaptation","floor":49.0,"key":"SMITH"}],"circlet_count":0,"master_deck":["AscendersBane","Strike_P","Strike_P","Strike_P","Strike_P+1","Defend_P","Defend_P","Defend_P","Defend_P","Eruption+1","Vigilance","BowlingBash","SandsOfTime","Conclude","Tantrum","Wish+1","InnerPeace","CutThroughFate","Vault+1","CrushJoints","RitualDagger","Halt+1","Adaptation+1","Protect","WheelKick","LikeWater+1","WheelKick","Ragnarok+1","Omniscience","Protect","FearNoEvil","Wireheading+1"],"relics":["Ectoplasm","Du-Vu Doll","StrikeDummy","CloakClasp","SlaversCollar","Potion Belt","PreservedInsect","MealTicket","Busted Crown","Red Mask","Bottled Tornado","InkBottle","Bottled Flame"],"acts_visited":["Exordium","TheCity","TheBeyond"],"potions_floor_usage":[50],"damage_taken":[{"damage":4.0,"enemies":"2 Louse","floor":1.0,"turns":3.0},{"damage":0.0,"enemies":"Cultist","floor":2.0,"turns":3.0},{"damage":4.0,"enemies":"Jaw Worm","floor":5.0,"turns":2.0},{"damage":16.0,"enemies":"Gremlin Nob","floor":6.0,"turns":3.0},{"damage":0.0,"enemies":"3 Louse","floor":10.0,"turns":1.0},{"damage":3.0,"enemies":"Large Slime","floor":12.0,"turns":3.0},{"damage":0.0,"enemies":"Lagavulin","floor":13.0,"turns":3.0},{"damage":2.0,"enemies":"Exordium Wildlife","floor":14.0,"turns":2.0},{"damage":0.0,"enemies":"Slime Boss","floor":16.0,"turns":3.0},{"damage":5.0,"enemies":"2 Thieves","floor":18.0,"turns":3.0},{"damage":0.0,"enemies":"Spheric Guardian","floor":22.0,"turns":4.0},{"damage":0.0,"enemies":"Chosen and Byrds","floor":24.0,"turns":6.0},{"damage":9.0,"enemies":"Book of Stabbing","floor":25.0,"turns":2.0},{"damage":0.0,"enemies":"Snecko","floor":28.0,"turns":3.0},{"damage":2.0,"enemies":"Snake Plant","floor":29.0,"turns":5.0},{"damage":10.0,"enemies":"Gremlin Leader","floor":30.0,"turns":4.0},{"damage":1.0,"enemies":"Centurion and Healer","floor":31.0,"turns":5.0},{"damage":0.0,"enemies":"Automaton","floor":33.0,"turns":7.0},{"damage":3.0,"enemies":"Orb Walker","floor":35.0,"turns":4.0},{"damage":13.0,"enemies":"3 Darklings","floor":39.0,"turns":3.0},{"damage":4.0,"enemies":"Giant Head","floor":40.0,"turns":3.0},{"damage":3.0,"enemies":"4 Shapes","floor":42.0,"turns":11.0},{"damage":0.0,"enemies":"Sphere and 2 Shapes","floor":46.0,"turns":8.0},{"damage":0.0,"enemies":"Reptomancer","floor":47.0,"turns":2.0},{"damage":2.0,"enemies":"Jaw Worm Horde","floor":48.0,"turns":4.0},{"damage":59,"enemies":"Awakened One","floor":50,"turns":8}],"seed_played":"77187103618461703","potions_obtained":[{"floor":6.0,"key":"Strength Potion"},{"floor":10.0,"key":"CultistPotion"},{"floor":14.0,"key":"SteroidPotion"},{"floor":24.0,"key":"FearPotion"},{"floor":25.0,"key":"Explosive Potion"},{"floor":31.0,"key":"LiquidBronze"},{"floor":39.0,"key":"GamblersBrew"},{"floor":42.0,"key":"Dexterity Potion"}],"is_trial":false,"path_per_floor":["M","M","?","$","M","E","R","?","T","M","R","M","E","M","R","B",null,"M","?","$","?","M","R","M","E","T","R","M","M","E","M","R","B",null,"M","?","?","$","M","E","R","M","T","$","R","M","E","M","R","B"],"character_chosen":"WATCHER","items_purchased":["SandsOfTime"],"campfire_rested":4,"item_purchase_floors":[4],"current_hp_per_floor":[57,57,46,46,42,26,46,26,26,26,46,43,43,41,41,41,61,56,44,44,38,38,58,58,49,49,49,49,47,37,36,56,56,65,62,62,62,65,52,48,48,45,45,60,60,60,60,58,58,0,0],"gold":0,"neow_bonus":"BOSS_RELIC","is_daily":false,"chose_seed":false,"campfire_upgraded":5,"win_rate":0.0,"timestamp":1608654842,"path_taken":["M","M","?","$","M","E","R","?","T","M","R","M","E","M","R","BOSS","M","?","?","?","M","R","M","E","T","R","?","M","E","M","R","BOSS","M","?","?","?","M","E","R","M","T","$","R","M","E","M","R","BOSS"],"items_purchased_type":["Card"],"build_version":"2020-12-13","purchased_purges":0,"victory":false,"max_hp_per_floor":[68,68,68,68,68,68,68,68,68,68,68,68,68,68,68,68,68,68,68,68,68,68,68,68,68,68,68,68,68,68,68,68,68,68,68,68,65,65,65,65,65,65,65,65,65,65,65,65,65,65,65],"card_choices":[{"not_picked":["Pray","Halt"],"picked":"BowlingBash","floor":1.0},{"not_picked":["EmptyBody","JustLucky","Evaluate"],"picked":"SKIP","floor":2.0},{"not_picked":["FlyingSleeves","Halt"],"picked":"Conclude","floor":5.0},{"not_picked":["CutThroughFate","SashWhip"],"picked":"Tantrum","floor":6.0},{"not_picked":["DeceiveReality","Study"],"picked":"Wish","floor":10.0},{"not_picked":["Sanctity","Nirvana","EmptyBody"],"picked":"SKIP","floor":12.0},{"not_picked":["PathToVictory","Conclude"],"picked":"InnerPeace","floor":13.0},{"not_picked":["FlyingSleeves","Perseverance"],"picked":"CutThroughFate","floor":14.0},{"not_picked":["Alpha","Blasphemy"],"picked":"Vault","floor":16.0},{"not_picked":["Sanctity","SandsOfTime"],"picked":"CrushJoints","floor":18.0},{"not_picked":["Study","Crescendo"],"picked":"Halt+1","floor":22.0},{"not_picked":["SignatureMove","EmptyBody"],"picked":"Adaptation","floor":24.0},{"not_picked":["SashWhip","Perseverance"],"picked":"Protect","floor":25.0},{"not_picked":["FlyingSleeves","Pray"],"picked":"WheelKick","floor":28.0},{"not_picked":["SashWhip+1","EmptyBody"],"picked":"LikeWater","floor":29.0},{"not_picked":["Consecrate","PathToVictory","WheelKick"],"picked":"SKIP","floor":30.0},{"not_picked":["Consecrate","PathToVictory"],"picked":"WheelKick","floor":30.0},{"not_picked":["CrushJoints","EmptyBody"],"picked":"Ragnarok","floor":31.0},{"not_picked":["Devotion","Scrawl"],"picked":"Omniscience","floor":33.0},{"not_picked":[],"picked":"Protect","floor":35.0},{"not_picked":[],"picked":"FearNoEvil","floor":39.0},{"not_picked":["EmptyBody"],"picked":"SKIP","floor":40.0},{"not_picked":["PathToVictory"],"picked":"SKIP","floor":42.0},{"not_picked":["EmptyBody"],"picked":"SKIP","floor":46.0},{"not_picked":["EmptyBody"],"picked":"SKIP","floor":47.0},{"not_picked":[],"picked":"Wireheading+1","floor":48.0}],"player_experience":1933482,"relics_obtained":[{"floor":6.0,"key":"Du-Vu Doll"},{"floor":9.0,"key":"StrikeDummy"},{"floor":13.0,"key":"CloakClasp"},{"floor":25.0,"key":"Potion Belt"},{"floor":26.0,"key":"PreservedInsect"},{"floor":30.0,"key":"MealTicket"},{"floor":40.0,"key":"Bottled Tornado"},{"floor":43.0,"key":"InkBottle"},{"floor":47.0,"key":"Bottled Flame"}],"event_choices":[{"damage_healed":0.0,"max_hp_gain":0.0,"max_hp_loss":0.0,"gold_gain":75.0,"event_name":"World of Goop","player_choice":"Gather Gold","floor":3.0,"gold_loss":0.0,"damage_taken":11.0},{"damage_healed":0.0,"max_hp_gain":0.0,"max_hp_loss":0.0,"gold_gain":0.0,"event_name":"Shining Light","player_choice":"Entered Light","floor":8.0,"gold_loss":0.0,"damage_taken":20.0,"cards_upgraded":["Strike_P","Eruption"]},{"damage_healed":0.0,"max_hp_gain":0.0,"max_hp_loss":0.0,"gold_gain":0.0,"event_name":"Knowing Skull","player_choice":"POTION ","floor":19.0,"potions_obtained":["Energy Potion"],"gold_loss":0.0,"damage_taken":12.0,"cards_obtained":[]},{"damage_healed":0.0,"max_hp_gain":0.0,"max_hp_loss":0.0,"gold_gain":0.0,"event_name":"Nest","player_choice":"Joined the Cult","floor":21.0,"gold_loss":0.0,"damage_taken":6.0,"cards_obtained":["RitualDagger"]},{"damage_healed":0.0,"max_hp_gain":0.0,"max_hp_loss":0.0,"gold_gain":0.0,"event_name":"Tomb of Lord Red Mask","player_choice":"Paid","floor":36.0,"gold_loss":38.0,"damage_taken":0.0,"relics_obtained":["Red Mask"]},{"damage_healed":0.0,"max_hp_gain":0.0,"max_hp_loss":3.0,"gold_gain":0.0,"event_name":"Winding Halls","player_choice":"Max HP","floor":37.0,"gold_loss":0.0,"damage_taken":0.0}],"is_beta":false,"boss_relics":[{"not_picked":["Fusion Hammer","Runic Dome"],"picked":"SlaversCollar"},{"not_picked":["Calling Bell","Velvet Choker"],"picked":"Busted Crown"}],"items_purged_floors":[],"is_endless":false,"potions_floor_spawned":[6,10,12,14,24,25,31,39,42,46],"killed_by":"Awakened One","ascension_level":20}}