{"host":"os9owiyb0rak6c8n","time":1608664475,"event":{"mods":["AchievementEnabler","BaseMod","Beaked The Cultist","Better Third Choice","Block Reminder","Colored Map","Colored Powertips","Dio Mod","Minty Spire (QoL Compilation)","Robot Space Explorer","Spicy Shops","StSLib","The Death Knight","The Necromancer"],"gold_per_floor":[112,44,144,160,175,175,175,201,225,17,34,64,79,104,104,201,201,214,139,155,4,21,21,52,65,65,65,65,85,85,100,100,100,100],"floor_reached":33,"playtime":1384,"items_purged":["RobotSpaceExplorer:Strike"],"score":277,"play_id":"a85ba46e-4552-4206-84f5-7e0969c70b59","local_time":"20201222201435","is_ascension_mode":false,"campfire_choices":[{"data":"RobotSpaceExplorer:StarLightning","floor":7,"key":"SMITH"},{"data":"RobotSpaceExplorer:Blaster","floor":15,"key":"SMITH"},{"data":"RobotSpaceExplorer:PlasmaMissile","floor":23,"key":"SMITH"},{"data":"RobotSpaceExplorer:Arsenal","floor":27,"key":"SMITH"},{"floor":32,"key":"REST"}],"circlet_count":0,"master_deck":["RobotSpaceExplorer:Strike","RobotSpaceExplorer:Strike","RobotSpaceExplorer:Defend","RobotSpaceExplorer:Defend","RobotSpaceExplorer:Defend","RobotSpaceExplorer:Defend","RobotSpaceExplorer:Scan","RobotSpaceExplorer:MiniLasers","RobotSpaceExplorer:JunkDive","RobotSpaceExplorer:StarLightning+1","RobotSpaceExplorer:Smokescreen","RobotSpaceExplorer:MiniDrones","RobotSpaceExplorer:JunkDive","RobotSpaceExplorer:PlasmaMissile+1","RobotSpaceExplorer:ToxicBomb","RobotSpaceExplorer:Blaster+1","RobotSpaceExplorer:Arsenal+1","RobotSpaceExplorer:Pulsar","RobotSpaceExplorer:MiniBoosters"],"relics":["RobotSpaceExplorer:RoboCore","NeowsBlessing","Pen Nib","Regal Pillow","Sundial","RobotSpaceExplorer:SearchSpecs","Oddly Smooth Stone","Girya","The Courier","Enchiridion"],"acts_visited":["Exordium","TheCity"],"potions_floor_usage":[24,33,33,33],"damage_taken":[{"damage":0,"enemies":"2 Louse","floor":1,"turns":1},{"damage":0,"enemies":"Cultist","floor":4,"turns":1},{"damage":0,"enemies":"Jaw Worm","floor":5,"turns":1},{"damage":26,"enemies":"Gremlin Nob","floor":8,"turns":5},{"damage":5,"enemies":"3 Louse","floor":11,"turns":3},{"damage":1,"enemies":"Blue Slaver","floor":13,"turns":3},{"damage":5,"enemies":"3 Sentries","floor":14,"turns":4},{"damage":20,"enemies":"The Guardian","floor":16,"turns":14},{"damage":1,"enemies":"3 Byrds","floor":18,"turns":3},{"damage":0,"enemies":"Chosen","floor":20,"turns":3},{"damage":0,"enemies":"Centurion and Healer","floor":22,"turns":6},{"damage":1,"enemies":"Slavers","floor":24,"turns":4},{"damage":0,"enemies":"Snecko","floor":25,"turns":4},{"damage":14,"enemies":"Shelled Parasite and Fungi","floor":29,"turns":4},{"damage":0,"enemies":"Cultist and Chosen","floor":31,"turns":4},{"damage":84,"enemies":"StardustCrusaders","floor":33,"turns":13}],"seed_played":"-5483958945365797000","potions_obtained":[{"floor":1,"key":"RobotSpaceExplorer:RecyclePotion"},{"floor":11,"key":"EssenceOfSteel"},{"floor":18,"key":"DistilledChaos"},{"floor":29,"key":"SpeedPotion"}],"is_trial":false,"path_per_floor":["M","$","?","M","M","?","R","E","T","$","M","?","M","E","R","B",null,"M","?","M","$","M","R","E","M","T","R","?","M","?","M","R","B"],"character_chosen":"RobotSpaceExplorer","items_purchased":["RobotSpaceExplorer:StarLightning","RobotSpaceExplorer:PlasmaMissile","RobotSpaceExplorer:ToxicBomb","Oddly Smooth Stone"],"campfire_rested":1,"item_purchase_floors":[2,10,10,21],"current_hp_per_floor":[75,75,75,75,75,80,80,54,54,54,49,49,48,43,43,23,80,79,79,79,79,79,79,78,78,78,78,78,64,48,48,80,0,0],"gold":100,"neow_bonus":"THREE_ENEMY_KILL","is_daily":false,"chose_seed":false,"campfire_upgraded":4,"win_rate":0.0,"timestamp":1608664475,"path_taken":["M","$","?","?","M","?","R","E","T","$","M","?","M","E","R","BOSS","M","?","M","$","M","R","E","M","T","R","?","?","?","M","R","BOSS"],"items_purchased_type":["Card","Card","Card","Relic"],"build_version":"2020-12-13","purchased_purges":1,"victory":false,"max_hp_per_floor":[75,75,75,75,75,80,80,80,80,80,80,80,80,80,80,80,80,80,80,80,80,80,80,80,80,80,80,80,80,80,80,80,80,80],"card_choices":[{"not_picked":["RobotSpaceExplorer:TurboDodge","RobotSpaceExplorer:MiniDrones"],"picked":"RobotSpaceExplorer:JunkDive","floor":1},{"not_picked":["RobotSpaceExplorer:SurgingShield","RobotSpaceExplorer:ScrapShield"],"picked":"RobotSpaceExplorer:Smokescreen","floor":4},{"not_picked":["RobotSpaceExplorer:DualCore","RobotSpaceExplorer:SurgingStrike"],"picked":"RobotSpaceExplorer:MiniDrones","floor":5},{"not_picked":["RobotSpaceExplorer:Electropulse","RobotSpaceExplorer:Smokescreen"],"picked":"RobotSpaceExplorer:JunkDive","floor":8},{"not_picked":["RobotSpaceExplorer:Probe","RobotSpaceExplorer:FranticSearch"],"picked":"RobotSpaceExplorer:Blaster","floor":11},{"not_picked":["RobotSpaceExplorer:Electroshield","RobotSpaceExplorer:SurgingShield","RobotSpaceExplorer:SlimeMissile"],"picked":"SKIP","floor":13},{"not_picked":["RobotSpaceExplorer:ScrapMissile","RobotSpaceExplorer:FreezingShield","RobotSpaceExplorer:ShovelStrike"],"picked":"SKIP","floor":14},{"not_picked":["RobotSpaceExplorer:ChargingLaser","RobotSpaceExplorer:TrailblazerForm"],"picked":"RobotSpaceExplorer:Arsenal","floor":16},{"not_picked":["RobotSpaceExplorer:ScrapMissile","RobotSpaceExplorer:SlimeMissile+1","RobotSpaceExplorer:Counterblock"],"picked":"SKIP","floor":18},{"not_picked":["RobotSpaceExplorer:Counterblock+1","RobotSpaceExplorer:Electropulse+1"],"picked":"RobotSpaceExplorer:Pulsar","floor":20},{"not_picked":["RobotSpaceExplorer:ScrapMissile","RobotSpaceExplorer:Counterblock"],"picked":"RobotSpaceExplorer:MiniBoosters","floor":22},{"not_picked":["RobotSpaceExplorer:MiniDrones","RobotSpaceExplorer:ShockKick","RobotSpaceExplorer:MiniBoosters"],"picked":"SKIP","floor":24},{"not_picked":["RobotSpaceExplorer:GlueShot","RobotSpaceExplorer:PowerCollector","RobotSpaceExplorer:MiniBoosters"],"picked":"SKIP","floor":25},{"not_picked":["RobotSpaceExplorer:GlueShot","RobotSpaceExplorer:Counterblock","RobotSpaceExplorer:ShockKick"],"picked":"SKIP","floor":29},{"not_picked":["RobotSpaceExplorer:Wormhole","RobotSpaceExplorer:SurgingShield","RobotSpaceExplorer:SurgingStrike"],"picked":"SKIP","floor":31}],"player_experience":524959,"relics_obtained":[{"floor":8,"key":"Pen Nib"},{"floor":9,"key":"Regal Pillow"},{"floor":14,"key":"Sundial"},{"floor":24,"key":"Girya"},{"floor":26,"key":"The Courier"},{"floor":30,"key":"Enchiridion"}],"event_choices":[{"damage_healed":0,"gold_gain":100,"player_choice":"Pray","damage_taken":0,"max_hp_gain":0,"max_hp_loss":0,"event_name":"Golden Shrine","floor":3,"gold_loss":0},{"damage_healed":0,"gold_gain":0,"player_choice":"Donut","damage_taken":0,"max_hp_gain":5,"max_hp_loss":0,"event_name":"Big Fish","floor":6,"gold_loss":0},{"damage_healed":0,"gold_gain":30,"player_choice":"Searched \u00271\u0027 times","damage_taken":0,"max_hp_gain":0,"max_hp_loss":0,"event_name":"Dead Adventurer","floor":12,"gold_loss":0},{"cards_removed":["RobotSpaceExplorer:Strike"],"damage_healed":0,"gold_gain":0,"player_choice":"Gave Gold","damage_taken":0,"max_hp_gain":0,"max_hp_loss":0,"event_name":"Beggar","floor":19,"gold_loss":75},{"damage_healed":0,"gold_gain":0,"player_choice":"Ignored","damage_taken":0,"max_hp_gain":0,"max_hp_loss":0,"event_name":"The Mausoleum","floor":28,"gold_loss":0},{"damage_healed":0,"gold_gain":0,"player_choice":"Obtained Book","damage_taken":16,"max_hp_gain":0,"max_hp_loss":0,"event_name":"Cursed Tome","floor":30,"gold_loss":0}],"is_beta":false,"boss_relics":[{"not_picked":["Cursed Key","Sozu"],"picked":"RobotSpaceExplorer:SearchSpecs"}],"items_purged_floors":[10],"is_endless":false,"potions_floor_spawned":[1,11,18,22,29],"killed_by":"StardustCrusaders","ascension_level":0}}