{"host":"2461dio7vetlq1z3","time":1608601281,"event":{"mods":["2.2 Compatiblity","AchievementEnabler","BaseMod","Better Third Choice","Hermit","Minty Spire (QoL Compilation)","Relic Stats","Replay The Spire","Spicy Shops","StSLib","Waifu the Spire"],"gold_per_floor":[110,126,226,240,250,250,282,302,302,302,332,30,62,142,142,142,142],"floor_reached":16,"playtime":426,"items_purged":["Strike_B"],"score":228,"play_id":"c109b89a-d05f-4d7a-8d74-bc82e86bf12f","local_time":"20201222024121","is_ascension_mode":true,"campfire_choices":[{"data":"Doom and Gloom","floor":6,"key":"SMITH"},{"data":"Static Discharge","floor":10,"key":"SMITH"},{"floor":15,"key":"REST"}],"circlet_count":0,"master_deck":["AscendersBane","Strike_B","Strike_B","Strike_B","Defend_B","Defend_B","Defend_B","Defend_B","Zap","Dualcast","Self Repair","Ball Lightning","FTL","Doom and Gloom+1","Compile Driver","Static Discharge+1","Defragment","Consume+1"],"relics":["Cracked Core","NeowsBlessing","Anchor","ReplayTheSpireMod:Ninjato","Mercury Hourglass","Bronze Scales","Prayer Wheel"],"acts_visited":["Exordium"],"potions_floor_usage":[7,11,16],"damage_taken":[{"damage":0,"enemies":"Cultist","floor":1,"turns":1},{"damage":0,"enemies":"2 Louse","floor":2,"turns":1},{"damage":0,"enemies":"Small Slimes","floor":4,"turns":1},{"damage":15,"enemies":"Exordium Wildlife","floor":5,"turns":3},{"damage":31,"enemies":"Gremlin Nob","floor":7,"turns":4},{"damage":4,"enemies":"Red Slaver","floor":8,"turns":3},{"damage":19,"enemies":"Lagavulin","floor":11,"turns":6},{"damage":15,"enemies":"3 Sentries","floor":13,"turns":3},{"damage":41,"enemies":"The Guardian","floor":16,"turns":4}],"seed_played":"-3812305069802969159","potions_obtained":[{"floor":1,"key":"Strength Potion"},{"floor":2,"key":"Dexterity Potion"},{"floor":11,"key":"GamblersBrew"}],"is_trial":false,"path_per_floor":["M","M","?","M","M","R","E","M","T","R","E","$","E","?","R","B"],"character_chosen":"DEFECT","items_purchased":["ReplayTheSpireMod:Fabricate Wheel","Consume+1"],"campfire_rested":1,"item_purchase_floors":[12,12],"current_hp_per_floor":[64,64,64,64,56,56,32,35,35,35,23,23,15,15,36,0,0],"gold":142,"neow_bonus":"THREE_ENEMY_KILL","is_daily":false,"chose_seed":false,"campfire_upgraded":2,"win_rate":0.0,"timestamp":1608601281,"path_taken":["M","?","?","?","M","R","E","M","T","R","E","$","E","?","R","BOSS"],"items_purchased_type":["Card","Card"],"build_version":"2020-12-13","purchased_purges":1,"victory":false,"max_hp_per_floor":[71,71,71,71,71,71,71,71,71,71,71,71,71,71,71,71,71],"relic_stats":{"counters":[9,26],"Bronze Scales":[3],"Prayer Wheel":0,"obtain_stats":[{"Anchor":7,"ReplayTheSpireMod:Ninjato":9,"NeowsBlessing":0,"Bronze Scales":13,"Prayer Wheel":16,"Cracked Core":0,"Mercury Hourglass":11},{"Anchor":5,"ReplayTheSpireMod:Ninjato":6,"NeowsBlessing":0,"Bronze Scales":8,"Prayer Wheel":9,"Cracked Core":0,"Mercury Hourglass":7},{"Anchor":10,"ReplayTheSpireMod:Ninjato":13,"NeowsBlessing":0,"Bronze Scales":22,"Prayer Wheel":23,"Cracked Core":0,"Mercury Hourglass":19}],"Mercury Hourglass":[33]},"card_choices":[{"not_picked":["Time Bomb","Tempest"],"picked":"Self Repair","floor":1},{"not_picked":["Redo","ReplaySort"],"picked":"Ball Lightning","floor":2},{"not_picked":["Cold Snap","Redo"],"picked":"FTL","floor":4},{"not_picked":["Skim","Force Field"],"picked":"Doom and Gloom","floor":5},{"not_picked":["Beam Cell","Rebound"],"picked":"Compile Driver","floor":7},{"not_picked":["BasicCrystalCard","ReplayTheSpireMod:System Scan"],"picked":"Static Discharge","floor":8},{"not_picked":["Melter","Capacitor"],"picked":"Defragment","floor":11},{"not_picked":["Stack","Turbo","Consume"],"picked":"SKIP","floor":13}],"player_experience":827927,"relics_obtained":[{"floor":7,"key":"Anchor"},{"floor":9,"key":"ReplayTheSpireMod:Ninjato"},{"floor":11,"key":"Mercury Hourglass"},{"floor":13,"key":"Bronze Scales"}],"event_choices":[{"damage_healed":0,"gold_gain":100,"player_choice":"Gold","damage_taken":0,"max_hp_gain":0,"max_hp_loss":0,"event_name":"Wheel of Change","floor":3,"gold_loss":0},{"damage_healed":0,"gold_gain":80,"player_choice":"Gained Gold","damage_taken":0,"max_hp_gain":0,"max_hp_loss":0,"event_name":"Golden Wing","floor":14,"gold_loss":0}],"is_beta":false,"boss_relics":[],"items_purged_floors":[12],"is_endless":false,"potions_floor_spawned":[1,2,11],"killed_by":"The Guardian","ascension_level":18}}