{"host":"i09pxcjttd31eh4q","time":1608635462,"event":{"mods":["AchievementEnabler","BaseMod","Colored Map","Keyboard Shortcuts","Minty Spire (QoL Compilation)","StSLib","SuperFastMode"],"gold_per_floor":[115,115,129,140,152,184,196,176,246,24,55,71,71,85,85,185,185,199,225,125,50,50,77,95,95,95,110,122,41,53,66,66,66,66],"floor_reached":33,"playtime":1134,"items_purged":["Strike_R","Defend_R"],"score":356,"play_id":"2c558120-3487-497e-ba83-f2ed29be48e1","local_time":"20201222201102","is_ascension_mode":false,"campfire_choices":[{"data":"Armaments","floor":13.0,"key":"SMITH"},{"data":"Twin Strike","floor":15.0,"key":"SMITH"},{"data":"Spot Weakness","floor":32.0,"key":"SMITH"}],"circlet_count":0,"master_deck":["Defend_R","Defend_R","Bash","Twin Strike+1","Battle Trance","Carnage","Disarm","Offering","Armaments+1","Shrug It Off","Impervious","Pommel Strike+1","Feed","Spot Weakness+1","Entrench+1","Shockwave"],"relics":["Burning Blood","NeowsBlessing","Vajra","Bottled Flame","Thread and Needle","Empty Cage","Red Mask","Tiny Chest","Du-Vu Doll"],"acts_visited":["Exordium","TheCity"],"potions_floor_usage":[33],"damage_taken":[{"damage":0.0,"enemies":"2 Louse","floor":1.0,"turns":1.0},{"damage":0.0,"enemies":"Cultist","floor":3.0,"turns":1.0},{"damage":0.0,"enemies":"Jaw Worm","floor":4.0,"turns":1.0},{"damage":8.0,"enemies":"2 Fungi Beasts","floor":5.0,"turns":4.0},{"damage":6.0,"enemies":"Gremlin Nob","floor":6.0,"turns":3.0},{"damage":0.0,"enemies":"Gremlin Gang","floor":7.0,"turns":3.0},{"damage":16.0,"enemies":"3 Sentries","floor":11.0,"turns":5.0},{"damage":6.0,"enemies":"Looter","floor":12.0,"turns":2.0},{"damage":6.0,"enemies":"Exordium Thugs","floor":14.0,"turns":4.0},{"damage":6.0,"enemies":"The Guardian","floor":16.0,"turns":9.0},{"damage":7.0,"enemies":"Spheric Guardian","floor":18.0,"turns":3.0},{"damage":29.0,"enemies":"Masked Bandits","floor":19.0,"turns":8.0},{"damage":11.0,"enemies":"Book of Stabbing","floor":23.0,"turns":7.0},{"damage":8.0,"enemies":"3 Byrds","floor":24.0,"turns":7.0},{"damage":11.0,"enemies":"Snecko","floor":27.0,"turns":5.0},{"damage":17.0,"enemies":"Centurion and Healer","floor":28.0,"turns":4.0},{"damage":12.0,"enemies":"Shelled Parasite and Fungi","floor":30.0,"turns":6.0},{"damage":6.0,"enemies":"Snecko","floor":31.0,"turns":4.0},{"damage":47,"enemies":"Automaton","floor":33,"turns":6}],"seed_played":"-8209290385392199804","potions_obtained":[{"floor":4.0,"key":"Fire Potion"},{"floor":5.0,"key":"CultistPotion"},{"floor":6.0,"key":"BlessingOfTheForge"},{"floor":8.0,"key":"SneckoOil"},{"floor":11.0,"key":"Strength Potion"},{"floor":12.0,"key":"HeartOfIron"},{"floor":18.0,"key":"SkillPotion"},{"floor":19.0,"key":"BlessingOfTheForge"},{"floor":24.0,"key":"ColorlessPotion"}],"is_trial":false,"path_per_floor":["M","?","M","M","M","E","M","?","T","$","E","M","R","M","R","B",null,"M","?","$","?","?","E","M","?","T","M","M","$","M","M","R","B"],"character_chosen":"IRONCLAD","items_purchased":["Offering","Shockwave"],"campfire_rested":0,"item_purchase_floors":[10,29],"current_hp_per_floor":[80,73,79,80,78,78,80,80,80,80,70,70,70,70,70,70,80,79,56,56,56,56,55,56,56,56,51,43,43,41,45,45,0,0],"gold":66,"neow_bonus":"THREE_ENEMY_KILL","is_daily":false,"chose_seed":false,"campfire_upgraded":3,"win_rate":0.0,"timestamp":1608635462,"path_taken":["M","?","M","M","M","E","M","?","T","$","E","M","R","M","R","BOSS","M","?","$","?","?","E","?","?","T","M","M","?","M","M","R","BOSS"],"items_purchased_type":["Card","Card"],"build_version":"2020-12-13","purchased_purges":2,"victory":false,"max_hp_per_floor":[80,80,80,80,80,80,80,80,80,80,80,80,80,80,80,80,80,80,80,80,80,80,84,87,87,87,87,90,90,94,98,98,98,98],"card_choices":[{"not_picked":["Rampage","Sword Boomerang"],"picked":"Twin Strike","floor":1.0},{"not_picked":["Anger","Reckless Charge","Headbutt"],"picked":"SKIP","floor":3.0},{"not_picked":["Reckless Charge","Heavy Blade"],"picked":"Battle Trance","floor":4.0},{"not_picked":["Carnage","Body Slam","Anger"],"picked":"SKIP","floor":5.0},{"not_picked":["Body Slam","Anger"],"picked":"Carnage","floor":5.0},{"not_picked":["Flex","Havoc"],"picked":"Disarm","floor":6.0},{"not_picked":["Dark Embrace","Heavy Blade","Intimidate"],"picked":"SKIP","floor":7.0},{"not_picked":["Double Tap","Iron Wave","Havoc"],"picked":"SKIP","floor":11.0},{"not_picked":["Body Slam","Wild Strike"],"picked":"Armaments","floor":12.0},{"not_picked":["Wild Strike","Headbutt"],"picked":"Shrug It Off","floor":14.0},{"not_picked":["Exhume","Reaper"],"picked":"Impervious","floor":16.0},{"not_picked":["Bloodletting","Flex"],"picked":"Pommel Strike+1","floor":18.0},{"not_picked":["Intimidate","Rupture","Battle Trance"],"picked":"SKIP","floor":23.0},{"not_picked":["Flex","Anger"],"picked":"Entrench+1","floor":24.0},{"not_picked":["Dual Wield","Heavy Blade+1","Sword Boomerang+1"],"picked":"SKIP","floor":27.0},{"not_picked":["Whirlwind","Warcry","Clothesline"],"picked":"SKIP","floor":28.0},{"not_picked":["Clash","Cleave+1","Warcry"],"picked":"SKIP","floor":30.0},{"not_picked":["Havoc","Demon Form","Twin Strike+1"],"picked":"SKIP","floor":31.0}],"player_experience":754725,"relics_obtained":[{"floor":6.0,"key":"Vajra"},{"floor":9.0,"key":"Bottled Flame"},{"floor":11.0,"key":"Thread and Needle"},{"floor":19.0,"key":"Red Mask"},{"floor":23.0,"key":"Tiny Chest"},{"floor":26.0,"key":"Du-Vu Doll"}],"event_choices":[{"cards_removed":["Strike_R"],"damage_healed":0.0,"max_hp_gain":0.0,"max_hp_loss":0.0,"gold_gain":0.0,"event_name":"Golden Wing","player_choice":"Card Removal","floor":2.0,"gold_loss":0.0,"damage_taken":7.0},{"damage_healed":0.0,"max_hp_gain":0.0,"max_hp_loss":0.0,"gold_gain":0.0,"event_name":"The Woman in Blue","player_choice":"Bought 1 Potion","floor":8.0,"gold_loss":0.0,"damage_taken":0.0},{"damage_healed":0.0,"max_hp_gain":0.0,"max_hp_loss":0.0,"gold_gain":0.0,"event_name":"Masked Bandits","player_choice":"Fought Bandits","floor":19.0,"gold_loss":0.0,"damage_taken":0.0},{"cards_removed":["Strike_R"],"damage_healed":0.0,"max_hp_gain":0.0,"max_hp_loss":0.0,"gold_gain":0.0,"event_name":"Beggar","player_choice":"Gave Gold","floor":21.0,"gold_loss":75.0,"damage_taken":0.0},{"damage_healed":0.0,"max_hp_gain":0.0,"max_hp_loss":0.0,"gold_gain":0.0,"event_name":"Match and Keep!","player_choice":"2 cards matched","floor":22.0,"gold_loss":0.0,"damage_taken":0.0,"cards_obtained":["Feed","Spot Weakness"]},{"cards_removed":["Strike_R"],"damage_healed":0.0,"max_hp_gain":0.0,"max_hp_loss":0.0,"gold_gain":0.0,"event_name":"Bonfire Elementals","player_choice":"Offered Basic","floor":25.0,"gold_loss":0.0,"damage_taken":0.0}],"is_beta":false,"boss_relics":[{"not_picked":["Calling Bell","SlaversCollar"],"picked":"Empty Cage"}],"items_purged_floors":[10,20],"is_endless":false,"potions_floor_spawned":[4,5,6,11,12,18,19,24],"killed_by":"Automaton","ascension_level":0}}