{"host":"ix2a18c4ohfsrslv","time":1608610021,"event":{"mods":["BaseMod","Better Third Choice","Downfall","Halation","Minty Spire (QoL Compilation)","Replay The Spire","StSLib","The Blue Laboratory"],"gold_per_floor":[15,15,39,54,4,4,34,34,60,40,53,53,79,94,94,189,189,189,65,65,65,65,65,65,65,65,65,65,65,65,65,65,65,65,65,0,0,0,0,0,0,0,0,0,0,0,0,0,0,0,0,0],"floor_reached":53,"playtime":3043,"items_purged":["Defend_R"],"score":723,"play_id":"21861e6e-a212-414c-81e0-a5fdd57340f5","local_time":"20201221200701","is_ascension_mode":true,"campfire_choices":[{"data":"ReplayTheSpireMod:Strike From Hell","floor":6,"key":"SMITH"},{"data":"Cleave","floor":15,"key":"SMITH"},{"data":"Eclipse","floor":23,"key":"SMITH"},{"data":"Seeing Red","floor":25,"key":"SMITH"},{"data":"Burning Pact","floor":27,"key":"SMITH"},{"data":"Burning Pact","floor":32,"key":"SMITH"},{"data":"Feel No Pain","floor":42,"key":"SMITH"},{"data":"Bash","floor":44,"key":"SMITH"},{"data":"Strike_R","floor":46,"key":"SMITH"}],"circlet_count":0,"master_deck":["Strike_R+1","Strike_R+1","Strike_R+1","Bash+1","ReplayTheSpireMod:Strike From Hell+1","Burning Pact+1","Cleave+1","Eclipse+1","Seeing Red+1","Burning Pact+1","Feel No Pain+1","True Grit+1","Battle Trance+1","True Grit+1"],"relics":["Burning Blood","Regal Pillow","Centennial Puzzle","Pen Nib","Simple Rune","Ectoplasm","MutagenicStrength","Question Card","Boot","Empty Cage","Red Mask","Bag of Marbles","MealTicket","halation:BottledLove"],"acts_visited":["Exordium","TheCity","TheBeyond"],"potions_floor_usage":[16,18,18,41,48,52],"damage_taken":[{"damage":11,"enemies":"Jaw Worm","floor":1,"turns":3},{"damage":6,"enemies":"Cultist","floor":4,"turns":3},{"damage":31,"enemies":"Lagavulin","floor":7,"turns":5},{"damage":2,"enemies":"2 Louse","floor":11,"turns":3},{"damage":6,"enemies":"Replay:BlueRogue","floor":13,"turns":5},{"damage":1,"enemies":"Gremlin Gang","floor":14,"turns":3},{"damage":41,"enemies":"Fading Forest","floor":16,"turns":11},{"damage":14,"enemies":"Shell Parasite","floor":18,"turns":3},{"damage":10,"enemies":"Spheric Guardian","floor":21,"turns":3},{"damage":16,"enemies":"Cultist and Chosen","floor":24,"turns":2},{"damage":6,"enemies":"Snecko","floor":30,"turns":3},{"damage":10,"enemies":"Chosen and Byrds","floor":31,"turns":3},{"damage":14,"enemies":"Automaton","floor":33,"turns":4},{"damage":4,"enemies":"Orb Walker","floor":35,"turns":1},{"damage":1,"enemies":"3 Shapes","floor":41,"turns":2},{"damage":0,"enemies":"Writhing Mass","floor":47,"turns":4},{"damage":19,"enemies":"Maw","floor":48,"turns":6},{"damage":49,"enemies":"R_Hoarder","floor":50,"turns":6},{"damage":17,"enemies":"Donu and Deca","floor":52,"turns":5}],"seed_played":"2736310463397066362","potions_obtained":[{"floor":4,"key":"blueLaboratory:LouseDecoction"},{"floor":7,"key":"blueLaboratory:Moonshine"},{"floor":10,"key":"blueLaboratory:BottleOfVodka"},{"floor":16,"key":"Fruit Juice"},{"floor":30,"key":"Energy Potion"},{"floor":47,"key":"Doom Potion"}],"is_trial":false,"path_per_floor":["M","?","T","M","?","R","E","?","T","?","M","?","E","M","R","B",null,"M","$","?","M","?","R","M","R","T","R","?","?","M","M","R","B",null,"M","?","PTL","PTL","?","T","M","R","?","R","T","R","M","M","$","E","R","B",null],"character_chosen":"IRONCLAD","items_purchased":["BloodPotion"],"campfire_rested":0,"item_purchase_floors":[19],"current_hp_per_floor":[75,75,75,75,75,75,50,76,76,76,80,80,80,80,80,45,80,77,77,77,73,73,73,63,63,63,63,63,63,63,59,59,51,85,85,85,85,85,51,51,56,56,56,56,56,56,62,66,81,44,84,73],"gold":0,"neow_bonus":"REMOVE_TWO","is_daily":false,"chose_seed":false,"campfire_upgraded":9,"win_rate":0.0,"timestamp":1608610021,"path_taken":["M","?","?","?","?","R","E","?","T","?","?","?","E","M","R","BOSS","M","$","?","M","?","R","M","R","T","R","?","?","M","M","R","BOSS","M","?","PTL","PTL","?","?","?","R","?","R","T","R","M","M","$","E","R","BOSS"],"items_purchased_type":["Potion"],"build_version":"2020-12-13","purchased_purges":1,"victory":true,"max_hp_per_floor":[80,80,80,80,80,80,80,80,80,80,80,80,80,80,80,80,80,85,85,85,85,85,85,85,85,85,85,85,85,85,85,85,85,85,85,85,85,85,85,85,85,85,85,85,85,85,85,85,85,85,85,85],"card_choices":[{"not_picked":["Power Through","Abandon"],"picked":"ReplayTheSpireMod:Strike From Hell","floor":1},{"not_picked":["Iron Wave","Armaments"],"picked":"Burning Pact","floor":4},{"not_picked":["ReplayTheSpireMod:Limb From Limb","ReplayReversal","Barricade"],"picked":"SKIP","floor":7},{"not_picked":["Twin Strike","Thunderclap"],"picked":"Cleave","floor":11},{"not_picked":["Twin Strike","Ghostly Armor","Iron Wave"],"picked":"SKIP","floor":13},{"not_picked":["Perfected Strike","Iron Wave","Clash"],"picked":"SKIP","floor":14},{"not_picked":["Barricade","Impervious"],"picked":"Eclipse","floor":16},{"not_picked":["Replay:Undeath\u0027s Touch","Anger+1"],"picked":"Seeing Red","floor":18},{"not_picked":["Replay:Undeath\u0027s Touch","Combust","Twin Strike"],"picked":"SKIP","floor":21},{"not_picked":["Body Slam","Spot Weakness","Iron Wave"],"picked":"SKIP","floor":24},{"not_picked":["Clash+1","Run Through","Headbutt","Thunderclap"],"picked":"SKIP","floor":30},{"not_picked":["Headbutt","Sword Boomerang","Twin Strike"],"picked":"Burning Pact","floor":31},{"not_picked":["Iron Wave+1","ReplayTheSpireMod:Muscle Training","Headbutt"],"picked":"Feel No Pain","floor":35},{"not_picked":["Replay:Undeath\u0027s Touch","Twin Strike","Rupture+1"],"picked":"True Grit+1","floor":39},{"not_picked":["Thunderclap+1","Sword Boomerang+1","Armaments"],"picked":"Battle Trance","floor":39},{"not_picked":["Demonic Infusion","Sword Boomerang+1","Clothesline"],"picked":"True Grit+1","floor":39},{"not_picked":["Uppercut","Entrench","Massacre","Flex"],"picked":"SKIP","floor":41},{"not_picked":["Pommel Strike+1","True Grit+1","Rage+1","ReplayTheSpireMod:Strike From Hell"],"picked":"SKIP","floor":47},{"not_picked":["Hemokinesis","Entrench+1","Clothesline+1","Cleave+1"],"picked":"SKIP","floor":48},{"not_picked":["Searing Blow+1","Whirlwind+1","ReplayTheSpireMod:Strike From Hell","Rage"],"picked":"SKIP","floor":50}],"player_experience":92178,"relics_obtained":[{"floor":3,"key":"Regal Pillow"},{"floor":7,"key":"Centennial Puzzle"},{"floor":9,"key":"Pen Nib"},{"floor":13,"key":"Simple Rune"},{"floor":26,"key":"Question Card"},{"floor":40,"key":"Bag of Marbles"},{"floor":45,"key":"MealTicket"},{"floor":50,"key":"halation:BottledLove"}],"event_choices":[{"cards_removed":["Strike_R"],"damage_healed":0,"gold_gain":0,"player_choice":"Forget","damage_taken":0,"max_hp_gain":0,"max_hp_loss":0,"event_name":"Living Wall","floor":2,"gold_loss":0},{"cards_removed":["Strike_R"],"damage_healed":0,"gold_gain":0,"player_choice":"Card Removal","damage_taken":0,"max_hp_gain":0,"max_hp_loss":0,"event_name":"The Cleric","floor":5,"gold_loss":50},{"damage_healed":26,"gold_gain":0,"player_choice":"Banana","damage_taken":0,"max_hp_gain":0,"max_hp_loss":0,"event_name":"Big Fish","floor":8,"gold_loss":0},{"damage_healed":0,"gold_gain":0,"player_choice":"Bought 1 Potion","damage_taken":0,"max_hp_gain":0,"max_hp_loss":0,"event_name":"The Woman in Blue","floor":10,"gold_loss":0},{"damage_healed":0,"gold_gain":0,"player_choice":"Ignored","damage_taken":53,"max_hp_gain":0,"max_hp_loss":0,"event_name":"betterThird:BetterSerpent","floor":12,"gold_loss":0},{"damage_healed":0,"gold_gain":0,"player_choice":"Inject Mutagens","damage_taken":0,"relics_obtained":["MutagenicStrength"],"max_hp_gain":0,"max_hp_loss":0,"event_name":"Drug Dealer","floor":20,"gold_loss":0},{"damage_healed":0,"gold_gain":0,"player_choice":"Ignored","damage_taken":0,"max_hp_gain":0,"max_hp_loss":0,"event_name":"Cursed Tome","floor":22,"gold_loss":0},{"damage_healed":0,"gold_gain":0,"player_choice":"Opened","damage_taken":0,"relics_obtained":["Boot"],"max_hp_gain":0,"max_hp_loss":0,"event_name":"The Mausoleum","floor":28,"gold_loss":0,"cards_obtained":["Writhe"]},{"damage_healed":0,"gold_gain":0,"player_choice":"Ignored","damage_taken":0,"max_hp_gain":0,"max_hp_loss":0,"event_name":"Ghosts","floor":29,"gold_loss":0},{"damage_healed":0,"gold_gain":0,"player_choice":"Paid","damage_taken":0,"relics_obtained":["Red Mask"],"max_hp_gain":0,"max_hp_loss":0,"event_name":"Tomb of Lord Red Mask","floor":36,"gold_loss":65},{"damage_healed":0,"gold_gain":0,"player_choice":"Upgraded","damage_taken":0,"max_hp_gain":0,"max_hp_loss":0,"event_name":"Upgrade Shrine","floor":43,"gold_loss":0,"cards_upgraded":["Battle Trance"]}],"is_beta":false,"boss_relics":[{"not_picked":["Kintsugi","Fusion Hammer"],"picked":"Ectoplasm"},{"not_picked":["Honey Jar","halation:CatFaceCupcake"],"picked":"Empty Cage"}],"items_purged_floors":[19],"is_endless":false,"potions_floor_spawned":[4,7,13,16,30,31,33,47],"ascension_level":1}}