{"host":"30jsp143e4v19aze","time":1608598608,"event":{"mods":["BaseMod","Colored Map","Colored Powertips","Curses Come First","DeckTracker","Highlight Path","Minty Spire (QoL Compilation)","Quick Restart","Relic Stats","StSLib"],"gold_per_floor":[118,131,56,56,67,67,93,93,120,146,161,161,187,213,213,285,285,305,324,324,344,36,36,36,36,36,36,69,69,95,109,109,181,181,199,22,42,59,59,59,92,103,129,159,159,169,180,180,180],"floor_reached":48,"playtime":2235,"items_purged":["Strike_G","Strike_G"],"score":968,"play_id":"e961fae6-cccd-4cd7-b5ac-9c1c1e5ccfa1","local_time":"20201222015648","is_ascension_mode":true,"campfire_choices":[{"floor":6,"key":"REST"},{"data":"Riddle With Holes","floor":8,"key":"SMITH"},{"data":"Dagger Spray","floor":12,"key":"SMITH"},{"data":"Noxious Fumes","floor":15,"key":"SMITH"},{"floor":23,"key":"REST"},{"data":"Crippling Poison","floor":25,"key":"SMITH"},{"data":"Catalyst","floor":27,"key":"SMITH"},{"data":"Leg Sweep","floor":29,"key":"SMITH"},{"floor":32,"key":"REST"},{"data":"Well Laid Plans","floor":40,"key":"SMITH"},{"floor":45,"key":"REST"}],"circlet_count":0,"master_deck":["AscendersBane","Strike_G","Strike_G","Defend_G+1","Defend_G","Defend_G","Defend_G","Defend_G+1","Survivor","Neutralize","Dagger Throw","Leg Sweep+1","Leg Sweep","Riddle With Holes+1","Dagger Spray+1","Noxious Fumes+1","Tools of the Trade","Crippling Poison+1","Catalyst+1","Night Terror","Prepared+1","Corpse Explosion","Well Laid Plans+1"],"relics":["Busted Crown","Tiny Chest","Centennial Puzzle","Lantern","Odd Mushroom","Snake Skull","Snecko Eye","Anchor","Pear","Red Mask","HoveringKite","Blood Vial","PreservedInsect","Nunchaku"],"acts_visited":["Exordium","TheCity","TheBeyond"],"potions_floor_usage":[7,16,28,48],"damage_taken":[{"damage":0,"enemies":"Small Slimes","floor":1,"turns":5},{"damage":1,"enemies":"Jaw Worm","floor":2,"turns":4},{"damage":0,"enemies":"2 Louse","floor":5,"turns":4},{"damage":15,"enemies":"Gremlin Nob","floor":7,"turns":6},{"damage":2,"enemies":"3 Sentries","floor":10,"turns":7},{"damage":0,"enemies":"Looter","floor":11,"turns":3},{"damage":0,"enemies":"The Mushroom Lair","floor":13,"turns":4},{"damage":9,"enemies":"Gremlin Nob","floor":14,"turns":4},{"damage":25,"enemies":"The Guardian","floor":16,"turns":10},{"damage":0,"enemies":"2 Thieves","floor":18,"turns":5},{"damage":16,"enemies":"3 Byrds","floor":19,"turns":5},{"damage":29,"enemies":"Cultist and Chosen","floor":21,"turns":8},{"damage":28,"enemies":"Gremlin Leader","floor":28,"turns":7},{"damage":7,"enemies":"Masked Bandits","floor":30,"turns":4},{"damage":7,"enemies":"Centurion and Healer","floor":31,"turns":4},{"damage":19,"enemies":"Collector","floor":33,"turns":8},{"damage":2,"enemies":"3 Darklings","floor":35,"turns":3},{"damage":0,"enemies":"Orb Walker","floor":37,"turns":3},{"damage":8,"enemies":"Maw","floor":38,"turns":7},{"damage":15,"enemies":"Reptomancer","floor":41,"turns":4},{"damage":0,"enemies":"4 Shapes","floor":42,"turns":3},{"damage":35,"enemies":"Nemesis","floor":44,"turns":7},{"damage":6,"enemies":"Transient","floor":46,"turns":4},{"damage":10,"enemies":"3 Darklings","floor":47,"turns":3},{"damage":27,"enemies":"Jaw Worm Horde","floor":48,"turns":2}],"seed_played":"-67996116730864570","potions_obtained":[{"floor":5,"key":"Poison Potion"},{"floor":7,"key":"Energy Potion"},{"floor":11,"key":"PowerPotion"},{"floor":18,"key":"FairyPotion"},{"floor":37,"key":"SpeedPotion"},{"floor":38,"key":"Regen Potion"},{"floor":47,"key":"BlessingOfTheForge"}],"is_trial":false,"path_per_floor":["M","M","?","?","M","R","E","R","T","E","M","R","?","E","R","B",null,"M","M","?","M","$","R","$","R","T","R","E","R","?","M","R","B",null,"M","$","M","M","T","R","E","M","T","E","R","M","M","M"],"character_chosen":"THE_SILENT","items_purchased":["Catalyst","Night Terror","Well Laid Plans"],"campfire_rested":4,"item_purchase_floors":[22,22,36],"current_hp_per_floor":[59,58,58,38,38,57,42,42,42,40,40,40,40,31,31,6,51,51,35,35,6,6,25,25,25,25,25,29,29,22,15,37,18,62,60,60,60,52,52,52,37,39,39,6,28,24,16,0,0],"gold":180,"neow_bonus":"BOSS_RELIC","is_daily":false,"chose_seed":false,"campfire_upgraded":7,"win_rate":0.0,"timestamp":1608598608,"path_taken":["M","M","?","?","M","R","E","R","T","E","M","R","?","E","R","BOSS","M","M","?","M","$","R","$","R","T","R","E","R","?","M","R","BOSS","M","$","M","M","?","R","E","M","T","E","R","M","M","M"],"items_purchased_type":["Card","Card","Card"],"build_version":"2020-12-13","purchased_purges":2,"victory":false,"max_hp_per_floor":[66,66,66,66,66,66,66,66,66,66,66,66,66,66,66,66,66,66,66,66,66,66,66,66,66,66,66,76,76,76,76,76,76,76,76,76,76,76,76,76,76,76,76,76,76,76,76,76,76],"relic_stats":{"Blood Vial":10,"Centennial Puzzle":[48],"Nunchaku":[0],"Busted Crown":48,"counters":[25,124],"Snecko Eye":[132,137,175,139],"HoveringKite":[22],"Tiny Chest":1,"Snake Skull":[116],"PreservedInsect":63,"obtain_stats":[{"Lantern":10,"Pear":28,"HoveringKite":34,"Snake Skull":14,"PreservedInsect":43,"Odd Mushroom":13,"Blood Vial":41,"Centennial Puzzle":9,"Anchor":26,"Nunchaku":44,"Busted Crown":0,"Snecko Eye":17,"Tiny Chest":7,"Red Mask":30,"Ring of the Snake":0},{"Lantern":5,"Pear":13,"HoveringKite":16,"Snake Skull":8,"PreservedInsect":21,"Odd Mushroom":7,"Blood Vial":20,"Centennial Puzzle":4,"Anchor":12,"Nunchaku":22,"Busted Crown":0,"Snecko Eye":9,"Tiny Chest":4,"Red Mask":14,"Ring of the Snake":0},{"Lantern":26,"Pear":72,"HoveringKite":88,"Snake Skull":37,"PreservedInsect":108,"Odd Mushroom":33,"Blood Vial":105,"Centennial Puzzle":19,"Anchor":65,"Nunchaku":115,"Busted Crown":0,"Snecko Eye":47,"Tiny Chest":19,"Red Mask":76,"Ring of the Snake":0}]},"card_choices":[{"not_picked":[],"picked":"Dagger Throw","floor":1},{"not_picked":[],"picked":"Leg Sweep","floor":2},{"not_picked":[],"picked":"Leg Sweep","floor":5},{"not_picked":[],"picked":"Riddle With Holes","floor":7},{"not_picked":["Outmaneuver"],"picked":"SKIP","floor":10},{"not_picked":[],"picked":"Dagger Spray","floor":11},{"not_picked":[],"picked":"Noxious Fumes","floor":13},{"not_picked":["Dagger Throw"],"picked":"SKIP","floor":14},{"not_picked":[],"picked":"Tools of the Trade","floor":16},{"not_picked":["Deflect"],"picked":"SKIP","floor":18},{"not_picked":["Deflect"],"picked":"SKIP","floor":19},{"not_picked":["Finisher"],"picked":"SKIP","floor":21},{"not_picked":[],"picked":"Prepared+1","floor":28},{"not_picked":["Concentrate"],"picked":"SKIP","floor":31},{"not_picked":[],"picked":"Corpse Explosion","floor":33},{"not_picked":["Dagger Spray+1"],"picked":"SKIP","floor":35},{"not_picked":["Dagger Throw"],"picked":"SKIP","floor":37},{"not_picked":["Well Laid Plans"],"picked":"SKIP","floor":38},{"not_picked":["Sucker Punch"],"picked":"SKIP","floor":41},{"not_picked":["Dodge and Roll"],"picked":"SKIP","floor":42},{"not_picked":["Deadly Poison"],"picked":"SKIP","floor":44},{"not_picked":["Deflect+1"],"picked":"SKIP","floor":46},{"not_picked":["Eviscerate"],"picked":"SKIP","floor":47}],"player_experience":3043382,"relics_obtained":[{"floor":7,"key":"Tiny Chest"},{"floor":9,"key":"Centennial Puzzle"},{"floor":10,"key":"Lantern"},{"floor":13,"key":"Odd Mushroom"},{"floor":14,"key":"Snake Skull"},{"floor":26,"key":"Anchor"},{"floor":28,"key":"Pear"},{"floor":30,"key":"Red Mask"},{"floor":41,"key":"Blood Vial"},{"floor":43,"key":"PreservedInsect"},{"floor":44,"key":"Nunchaku"}],"event_choices":[{"cards_removed":["Strike_G"],"damage_healed":0,"gold_gain":0,"player_choice":"Card Removal","damage_taken":0,"max_hp_gain":0,"max_hp_loss":0,"event_name":"The Cleric","floor":3,"gold_loss":75},{"damage_healed":0,"gold_gain":0,"player_choice":"Entered Light","damage_taken":20,"max_hp_gain":0,"max_hp_loss":0,"event_name":"Shining Light","floor":4,"gold_loss":0,"cards_upgraded":["Defend_G","Defend_G"]},{"damage_healed":0,"gold_gain":0,"player_choice":"Fought Mushrooms","damage_taken":0,"max_hp_gain":0,"max_hp_loss":0,"event_name":"Mushrooms","floor":13,"gold_loss":0},{"damage_healed":0,"gold_gain":0,"player_choice":"Read","damage_taken":0,"max_hp_gain":0,"max_hp_loss":0,"event_name":"The Library","floor":20,"gold_loss":0,"cards_obtained":["Crippling Poison"]},{"damage_healed":0,"gold_gain":0,"player_choice":"Fought Bandits","damage_taken":0,"max_hp_gain":0,"max_hp_loss":0,"event_name":"Masked Bandits","floor":30,"gold_loss":0}],"is_beta":false,"boss_relics":[{"not_picked":["SlaversCollar","SacredBark"],"picked":"Snecko Eye"},{"not_picked":["Cursed Key","Fusion Hammer"],"picked":"HoveringKite"}],"items_purged_floors":[22,36],"is_endless":false,"potions_floor_spawned":[5,7,11,14,18,21,37,38,46,47],"killed_by":"Jaw Worm Horde","ascension_level":15}}