{"host":"337p6miwxbqfki03","time":1608607084,"event":{"mods":["BaseMod","Better Third Choice","Colored Map","Conspire","Downfall","Hermit","Hubris","Minty Spire (QoL Compilation)","Replay The Spire","StSLib","The Cursed","The Hierophant","The Marked","The Necromancer","The Poker Player","The Sage","The Valiant","Unceasing Turn Reminder"],"gold_per_floor":[112,212,230,241,241,274,274,274,274,303,283,183,183,183],"floor_reached":13,"playtime":767,"items_purged":[],"score":91,"play_id":"6f1bf09d-d15d-47ec-b503-355f3da03523","local_time":"20201221211804","is_ascension_mode":false,"campfire_choices":[{"floor":8,"key":"REST"}],"circlet_count":0,"master_deck":["hierophant:Strike_Hierophant","hierophant:Strike_Hierophant","hierophant:Strike_Hierophant","hierophant:Strike_Hierophant","hierophant:Punish","hierophant:Defend_Hierophant","hierophant:Defend_Hierophant","hierophant:Defend_Hierophant","hierophant:Defend_Hierophant","hierophant:ChurchCoffers+1","hierophant:Blessing","hierophant:Endure","hierophant:Upheaval","hierophant:Endure","hierophant:HolyVerse","hierophant:Zeal","hierophant:MorningPrayer","hierophant:HolyVerse"],"relics":["hierophant:PropheticMaskRelic","Peace Pipe","Pet Ghost","Art of War"],"acts_visited":["Exordium"],"potions_floor_usage":[],"damage_taken":[{"damage":1,"enemies":"Jaw Worm","floor":1,"turns":3},{"damage":4,"enemies":"Cultist","floor":3,"turns":4},{"damage":0,"enemies":"2 Louse","floor":4,"turns":2},{"damage":45,"enemies":"Gremlin Nob","floor":6,"turns":5},{"damage":35,"enemies":"3 Sentries","floor":10,"turns":12},{"damage":35,"enemies":"Lagavulin","floor":13,"turns":8}],"seed_played":"3617958847649284516","potions_obtained":[{"floor":1,"key":"DuplicationPotion"},{"floor":3,"key":"Guardian:BlockOnCardUsePotion"},{"floor":11,"key":"Swift Potion"}],"is_trial":false,"path_per_floor":["M","?","M","M","$","E","?","R","T","E","?","$","E"],"character_chosen":"HIEROPHANT","items_purchased":["hierophant:MorningPrayer","hierophant:HolyVerse"],"campfire_rested":1,"item_purchase_floors":[12,12],"current_hp_per_floor":[74,74,75,75,75,30,30,52,52,24,24,24,0,0],"gold":183,"neow_bonus":"UPGRADE_CARD","is_daily":false,"chose_seed":false,"campfire_upgraded":0,"win_rate":0.0,"timestamp":1608607084,"path_taken":["M","?","?","M","?","E","?","R","T","E","?","$","E"],"items_purchased_type":["Card","Card"],"build_version":"2020-12-13","purchased_purges":0,"victory":false,"max_hp_per_floor":[75,75,75,75,75,75,75,75,75,75,75,75,75,75],"card_choices":[{"not_picked":["hierophant:Doubloon","hierophant:HammerAndAnvil"],"picked":"hierophant:Blessing","floor":1},{"not_picked":["hierophant:Chorus","hierophant:HammerAndAnvil"],"picked":"hierophant:Endure","floor":3},{"not_picked":["hierophant:ThreeLashes","hierophant:Chorus"],"picked":"hierophant:Upheaval","floor":4},{"not_picked":["hierophant:Sermon","hierophant:Prophecy"],"picked":"hierophant:Endure","floor":6},{"not_picked":["hierophant:RustyCrate","hierophant:Mercenaries"],"picked":"hierophant:Zeal","floor":10}],"player_experience":163659,"relics_obtained":[{"floor":6,"key":"Peace Pipe"},{"floor":9,"key":"Pet Ghost"},{"floor":10,"key":"Art of War"}],"event_choices":[{"damage_healed":0,"gold_gain":100,"player_choice":"Gold","damage_taken":0,"max_hp_gain":0,"max_hp_loss":0,"event_name":"Wheel of Change","floor":2,"gold_loss":0},{"damage_healed":0,"gold_gain":0,"player_choice":"Bought 1 Potion","damage_taken":0,"max_hp_gain":0,"max_hp_loss":0,"event_name":"The Woman in Blue","floor":11,"gold_loss":0}],"is_beta":false,"boss_relics":[],"items_purged_floors":[],"is_endless":false,"potions_floor_spawned":[1,3],"killed_by":"Lagavulin","ascension_level":0}}