{"host":"rwzz6mk6bpmb57ql","time":1608610630,"event":{"mods":["AchievementEnabler","BaseMod","BetterRewards","Colored Map","Highlight Path","Hubris","Minty Spire (QoL Compilation)","Replay The Spire","StSLib"],"gold_per_floor":[5609,5624,5636,4888,4899,4929,4943,4958,4958,4989,5007,5107,5107,5123,5123,5223,5223,5239,4314,4325,4325,3513,3545,3545,3560,3583,3598,3598,3608,3627,3662,3662,3767,3767,3777,3777,3793,3793,3174,3174,2293,2293,2293,2325,1429,1429,1247,1259,1259,1259,1259,1259,846,871,871],"floor_reached":56,"playtime":2799,"items_purged":["Defend_R","Strike_R","Strike_R","Strike_R","ReplayTheSpireMod:Restless Dread"],"score":2031,"play_id":"e6491a52-9600-4ff3-b716-367ab844b85d","local_time":"20201221221710","is_ascension_mode":true,"campfire_choices":[{"data":"True Grit","floor":13,"key":"SMITH"},{"data":"ReplayTheSpireMod:Strike From Hell","floor":15,"key":"SMITH"},{"floor":24,"key":"RECALL"},{"floor":28,"key":"REST"},{"floor":32,"key":"REST"},{"floor":40,"key":"REST"},{"floor":49,"key":"REST"},{"data":"hubris:StunningStrike","floor":52,"key":"SMITH"}],"circlet_count":0,"master_deck":["AscendersBane","Strike_R+1","Strike_R","Defend_R+1","Defend_R+1","Bash","ReplayTheSpireMod:Strike From Hell+1","Burning Pact+1","Shockwave+1","Dropkick+1","True Grit+1","Burning Pact","hubris:StunningStrike+1","Brutality+1","Berserk+1","Dropkick+1","Disarm+1","Inflame","Dark Shackles+1","Panache+1","ReplayTheSpireMod:Brewmster+1","ReplayTheSpireMod:Strike From Hell+1","Offering+1","hubris:NaturalOne"],"relics":["Burning Blood","Turnip","hubris:TenFootPole","StoneCalendar","Guide Book","Bag of Preparation","Toxic Egg 2","Bottled Flame","Black Star","Golden Egg","Potion Belt","Medical Kit","BargainBundle","Another Sword","hubris:SphereOfDissonance","Bottled Lightning","Prayer Wheel","Gremlin Food","PreservedInsect","Cursed Key","hubris:Icosahedron","Anchor","Regal Pillow","Chemical X","Letter Opener","hubris:ChampionShield","Meat on the Bone","ReplayTheSpireMod:Lightbulb","Kunai","HandDrill","hubris:CuriousFeather","Membership Card","Strange Spoon","hubris:Potato","Replay:Rubber Ducky","Boot"],"acts_visited":["Exordium","TheCity","TheBeyond","TheEnding"],"potions_floor_usage":[6,10,10,16,25,29,29,30,33,33,33,48,48,48,50,50,50,54,54,55,55,55,55,55,55,55,55,55,55,55,55],"damage_taken":[{"damage":16,"enemies":"Cultist","floor":1,"turns":4},{"damage":12,"enemies":"Jaw Worm","floor":2,"turns":3},{"damage":7,"enemies":"2 Louse","floor":3,"turns":2},{"damage":8,"enemies":"Exordium Wildlife","floor":5,"turns":4},{"damage":39,"enemies":"Lagavulin","floor":6,"turns":6},{"damage":4,"enemies":"2 Fungi Beasts","floor":7,"turns":4},{"damage":5,"enemies":"Large Slime","floor":8,"turns":7},{"damage":26,"enemies":"3 Sentries","floor":10,"turns":7},{"damage":12,"enemies":"3 Louse","floor":11,"turns":3},{"damage":13,"enemies":"Exordium Wildlife","floor":14,"turns":4},{"damage":37,"enemies":"The Guardian","floor":16,"turns":7},{"damage":45,"enemies":"2 Thieves","floor":18,"turns":5},{"damage":11,"enemies":"Chosen","floor":20,"turns":4},{"damage":30,"enemies":"Slavers","floor":23,"turns":5},{"damage":2,"enemies":"Snake Plant","floor":25,"turns":3},{"damage":3,"enemies":"Snecko","floor":27,"turns":4},{"damage":16,"enemies":"Centurion and Healer","floor":29,"turns":5},{"damage":11,"enemies":"Cultist and Chosen","floor":30,"turns":4},{"damage":24,"enemies":"Gremlin Leader","floor":31,"turns":5},{"damage":44,"enemies":"Collector","floor":33,"turns":9},{"damage":7,"enemies":"Orb Walker","floor":35,"turns":4},{"damage":30,"enemies":"3 Darklings","floor":37,"turns":5},{"damage":2,"enemies":"Nemesis","floor":44,"turns":3},{"damage":21,"enemies":"Sphere and 2 Shapes","floor":48,"turns":3},{"damage":4,"enemies":"Time Eater","floor":50,"turns":5},{"damage":0,"enemies":"Shield and Spear","floor":54,"turns":4},{"damage":0,"enemies":"The Heart","floor":55,"turns":9}],"seed_played":"1345738624781731366","potions_obtained":[{"floor":2,"key":"SkillPotion"},{"floor":6,"key":"FearPotion"},{"floor":7,"key":"BlessingOfTheForge"},{"floor":11,"key":"Weak Potion"},{"floor":23,"key":"FearPotion"},{"floor":25,"key":"Reflective Coating"},{"floor":27,"key":"FearPotion"},{"floor":29,"key":"Fire Potion"},{"floor":44,"key":"DistilledChaos"},{"floor":48,"key":"AttackPotion"}],"is_trial":false,"path_per_floor":["M","M","M","$","M","E","M","M","T","E","M","?","R","M","R","B",null,"M","$","M","?","$","E","R","M","T","M","R","M","M","E","R","B",null,"M","?","M","?","$","R","$","?","T","E","$","?","$","M","R","B",null,"R","$","E","B",null],"character_chosen":"IRONCLAD","items_purchased":["hubris:TenFootPole","StoneCalendar","Shockwave","Guide Book","Golden Egg","Potion Belt","Medical Kit","Brutality","LifebloodPotion","Fire Potion","BargainBundle","Another Sword","hubris:SphereOfDissonance","Berserk","Block Potion","Anchor","Regal Pillow","Dark Shackles+1","Dexterity Potion","Languid Potion","Chemical X","Letter Opener","hubris:ChampionShield","Panache","HandDrill","hubris:CuriousFeather","EssenceOfSteel","ReplayTheSpireMod:Brewmster","Membership Card","ReplayTheSpireMod:Strike From Hell","Offering+1","Strange Spoon","hubris:Potato","Adrenaline Potion","Venom Potion","Flashbang"],"campfire_rested":4,"item_purchase_floors":[4,4,4,4,19,19,19,19,19,19,22,22,22,22,22,39,39,39,39,39,41,41,41,41,45,45,45,45,47,47,53,53,53,53,53,53],"current_hp_per_floor":[101,95,94,94,92,59,61,62,62,42,136,136,136,129,129,98,130,91,91,86,86,86,62,62,66,66,69,111,101,96,78,120,82,126,125,125,101,101,101,140,140,140,140,140,140,140,140,125,140,140,140,140,140,140,140],"gold":871,"neow_bonus":"ONE_RARE_RELIC","is_daily":false,"chose_seed":false,"campfire_upgraded":3,"win_rate":0.0,"timestamp":1608610630,"path_taken":["M","M","?","$","M","E","M","M","T","E","M","?","R","M","R","BOSS","M","$","M","?","$","E","R","M","T","M","R","?","M","E","R","BOSS","M","?","M","?","$","R","?","?","T","E","$","?","$","M","R","BOSS","R","$","E","BOSS"],"items_purchased_type":["Relic","Relic","Card","Relic","Relic","Relic","Relic","Card","Potion","Potion","Relic","Relic","Relic","Card","Potion","Relic","Relic","Card","Potion","Potion","Relic","Relic","Relic","Card","Relic","Relic","Potion","Card","Relic","Card","Card","Relic","Relic","Potion","Potion","Potion"],"build_version":"2020-12-13","purchased_purges":5,"victory":true,"max_hp_per_floor":[140,140,140,140,140,140,140,140,140,140,140,140,140,140,140,140,140,140,140,140,140,140,140,140,140,140,140,140,140,140,140,140,140,140,140,140,140,140,140,140,140,140,140,140,140,140,140,140,140,140,140,140,140,140,140],"card_choices":[{"not_picked":["Iron Wave","hubris:ReadiedAction"],"picked":"ReplayTheSpireMod:Strike From Hell","floor":1},{"not_picked":["Flame Barrier","Headbutt","Fire Breathing"],"picked":"SKIP","floor":2},{"not_picked":["Havoc","Headbutt"],"picked":"Burning Pact","floor":3},{"not_picked":["ReplayTheSpireMod:Strike From Hell","Twin Strike"],"picked":"Dropkick","floor":5},{"not_picked":["Dark Embrace","Demonic Infusion"],"picked":"True Grit","floor":6},{"not_picked":["Searing Blow","Dual Wield","ReplayTheSpireMod:Corrosion Curse"],"picked":"SKIP","floor":7},{"not_picked":["Headbutt","Pommel Strike"],"picked":"Burning Pact","floor":8},{"not_picked":["Rage+1","Armaments+1","ReplayTheSpireMod:Muscle Training+1"],"picked":"SKIP","floor":10},{"not_picked":["Clash","Flex+1","Pummel"],"picked":"SKIP","floor":11},{"not_picked":["Replay:Many Hands+1","Wild Strike","Sentinel+1"],"picked":"SKIP","floor":14},{"not_picked":["Demon Form","Berserk"],"picked":"hubris:StunningStrike","floor":16},{"not_picked":["Headbutt","Battle Trance+1","Evolve+1"],"picked":"SKIP","floor":18},{"not_picked":["Shrug It Off+1","Carnage","ReplayReversal+1"],"picked":"SKIP","floor":20},{"not_picked":["ReplayTheSpireMod:Strike From Hell","Intimidate+1"],"picked":"Dropkick+1","floor":23},{"not_picked":["Havoc+1","Clash","hubris:ReadiedAction+1"],"picked":"SKIP","floor":25},{"not_picked":["Body Slam","ReplayReversal+1","Twin Strike"],"picked":"SKIP","floor":25},{"not_picked":["ReplayReversal+1","Armaments+1","Immolate"],"picked":"SKIP","floor":27},{"not_picked":["hubris:ReadiedAction+1","hubris:SharpeningStone+1","Cleave"],"picked":"SKIP","floor":27},{"not_picked":["Perfected Strike","Rampage+1","Feed"],"picked":"SKIP","floor":29},{"not_picked":["Battle Trance+1","hubris:ReadiedAction+1","Thunderclap"],"picked":"SKIP","floor":29},{"not_picked":["Evolve","Armaments+1"],"picked":"Disarm+1","floor":30},{"not_picked":["Headbutt","Replay:Undeath\u0027s Touch","Blood for Blood+1"],"picked":"SKIP","floor":30},{"not_picked":["True Grit+1","Cleave+1","Thunderclap"],"picked":"SKIP","floor":31},{"not_picked":["Seeing Red+1","Thunderclap+1"],"picked":"Inflame","floor":35},{"not_picked":["hubris:SharpeningStone+1","Headbutt+1","Armaments+1"],"picked":"SKIP","floor":35},{"not_picked":["Burning Pact+1","ReplayTheSpireMod:LeadingStrike","Pommel Strike+1"],"picked":"SKIP","floor":37},{"not_picked":["Armaments+1","Pommel Strike+1","Carnage+1"],"picked":"SKIP","floor":37},{"not_picked":["Rupture","Pommel Strike+1","ReplayTheSpireMod:Limb From Limb"],"picked":"SKIP","floor":44},{"not_picked":["Abandon+1","Wild Strike+1","Sentinel+1"],"picked":"SKIP","floor":48},{"not_picked":["Flex+1","Infernal Blade+1","Wild Strike+1"],"picked":"SKIP","floor":48},{"not_picked":["Reckless Charge+1","Clothesline","Rupture+1"],"picked":"SKIP","floor":54}],"player_experience":69882,"relics_obtained":[{"floor":6,"key":"Bag of Preparation"},{"floor":9,"key":"Toxic Egg 2"},{"floor":10,"key":"Bottled Flame"},{"floor":23,"key":"Bottled Lightning"},{"floor":23,"key":"Prayer Wheel"},{"floor":31,"key":"Gremlin Food"},{"floor":31,"key":"PreservedInsect"},{"floor":43,"key":"Meat on the Bone"},{"floor":44,"key":"ReplayTheSpireMod:Lightbulb"},{"floor":44,"key":"Kunai"},{"floor":54,"key":"Replay:Rubber Ducky"},{"floor":54,"key":"Boot"}],"event_choices":[{"damage_healed":0,"gold_gain":100,"player_choice":"Pray","damage_taken":0,"max_hp_gain":0,"max_hp_loss":0,"event_name":"Golden Shrine","floor":12,"gold_loss":0},{"damage_healed":0,"gold_gain":0,"player_choice":"Upgraded","damage_taken":0,"max_hp_gain":0,"max_hp_loss":0,"event_name":"Upgrade Shrine","floor":21,"gold_loss":0,"cards_upgraded":["Dropkick"]},{"cards_removed":["Defend_R"],"damage_healed":0,"gold_gain":0,"player_choice":"Removed Skill","damage_taken":0,"max_hp_gain":0,"max_hp_loss":0,"event_name":"Falling","floor":46,"gold_loss":0}],"is_beta":false,"boss_relics":[{"not_picked":["Empty Cage","Snecko Eye"],"picked":"Black Star"},{"not_picked":["hubris:HollowSoul","Runic Dome"],"picked":"Cursed Key"}],"items_purged_floors":[4,19,39,41,45],"is_endless":false,"potions_floor_spawned":[2,6,7,11,23,25,27,29,44,48],"ascension_level":10}}