{"host":"bbld1ic1uj90ldt9","time":1608637891,"event":{"mods":["2.2 Compatiblity","AchievementEnabler","Act Like it!","BaseMod","Better Third Choice","Conspire","Downfall","Emptier Cage","Gensokyo","Hallownest","Hermit","Highlight Path","Hubris","Marisa????????","Minty Spire (QoL Compilation)","Random Character Button","Replay The Spire","StSLib","The Animator","The Bug Knight","The Cursed","The Disciple","The Hierophant","The Jungle","The Runesmith","The Servant 0.9.4"],"gold_per_floor":[114,0,44,57,80,106,118,130,157,157,157,175,175,191,191,290,290,303,321,321,321,334,32,32,32,32,46,46,46,65,76,76,181,181,191,191,210,118,165,191,191,205,205,218,74,74,87,99,99,99,99,99,42,77,77],"floor_reached":56,"playtime":8209,"items_purged":["Shame","Hallucinations","Zap"],"score":1156,"play_id":"f366203c-7c38-41af-86d8-cfd84a2ec9ea","local_time":"20201222125131","is_ascension_mode":false,"campfire_choices":[{"floor":10,"key":"REST"},{"floor":15,"key":"REST"},{"floor":24,"key":"REST"},{"floor":29,"key":"RECALL"},{"floor":32,"key":"REST"},{"data":"Replay:SS_hec_2","floor":41,"key":"SMITH"},{"data":"Echo Form","floor":46,"key":"SMITH"},{"floor":49,"key":"REST"},{"data":"Static Discharge","floor":52,"key":"SMITH"}],"circlet_count":0,"master_deck":["Dualcast","Chill","Echo Form+1","Seek","Cold Snap","Amplify","Static Discharge+1","Steam","Ball Lightning","Streamline","Time Bomb","Stack","Conserve Battery","Beam Cell","Creative AI","Conserve Battery","Glacier","conspire:SharedLibrary","Redo","Seek","Turbo","Streamline+1","Barrage","Storm","ReplayTheSpireMod:Repulse","Replay:SS_hec_2+1","Conserve Battery","expansioncontent:Collect","Heatsinks","Panic Button+1","Doom and Gloom","hubris:DuctTapeCard"],"relics":["Pandora\u0027s Box","Hallownest:BankAccountRelic","Tiny Chest","Smiling Mask","ReplayTheSpireMod:Lightbulb","Bottled Tornado","Snecko Eye","Bag of Preparation","Replay:WaspNest","hubris:PeanutButter","Replay:Baseball","conspire:RunicOctahedron","Ring of Hypnosis","Ring of Shattering","Dream Catcher","hubris:SlimyHat","conspire:DeflatedDodgeball","hubris:DuctTape"],"acts_visited":["Hallownest:Greenpath","TheCity","Gensokyo:Gensokyoest","TheEnding"],"potions_floor_usage":[6,18,18,42,47,48,50,53,55,55],"damage_taken":[{"damage":14,"enemies":"Hallownest:monsterHuskGuard","floor":1,"turns":5},{"damage":22,"enemies":"conspire:MimicChest","floor":3,"turns":6},{"damage":6,"enemies":"Hallownest:monsterHuskWarrior","floor":4,"turns":5},{"damage":9,"enemies":"Hallownest:eliteVengeflyKing","floor":6,"turns":7},{"damage":0,"enemies":"Hallownest:2_Baldur","floor":7,"turns":5},{"damage":23,"enemies":"Hallownest:Guard_and_Warrior","floor":8,"turns":4},{"damage":7,"enemies":"Hallownest:1_Baldur_1_Crawlid_1_Warrior","floor":12,"turns":5},{"damage":0,"enemies":"Hallownest:monsterAspidMother","floor":14,"turns":6},{"damage":22,"enemies":"Hallownest:BossBrokenVessel","floor":16,"turns":8},{"damage":21,"enemies":"2 Thieves","floor":18,"turns":4},{"damage":16,"enemies":"conspire:FuzzyDice","floor":19,"turns":7},{"damage":10,"enemies":"Centurion and Healer","floor":22,"turns":9},{"damage":0,"enemies":"conspire:HollyBat","floor":27,"turns":6},{"damage":0,"enemies":"Cultist and Chosen","floor":30,"turns":7},{"damage":0,"enemies":"Snake Plant","floor":31,"turns":5},{"damage":25,"enemies":"Champ","floor":33,"turns":10},{"damage":6,"enemies":"Gensokyo:3_Bats","floor":35,"turns":6},{"damage":0,"enemies":"Gensokyo:AncientGuardian","floor":37,"turns":5},{"damage":0,"enemies":"Gensokyo:Kasen","floor":40,"turns":7},{"damage":12,"enemies":"Gensokyo:4_Bats","floor":42,"turns":3},{"damage":0,"enemies":"Gensokyo:3_Boulders","floor":44,"turns":5},{"damage":0,"enemies":"Gensokyo:Rafflesia","floor":47,"turns":7},{"damage":0,"enemies":"Gensokyo:AtlasGolem","floor":48,"turns":4},{"damage":46,"enemies":"Gensokyo:Scarlet_Devils","floor":50,"turns":9},{"damage":8,"enemies":"Shield and Spear","floor":54,"turns":6},{"damage":21,"enemies":"The Heart","floor":55,"turns":9}],"seed_played":"-5138082250099447918","potions_obtained":[{"floor":1,"key":"SpeedPotion"},{"floor":4,"key":"Dexterity Potion"},{"floor":14,"key":"Fire Potion"},{"floor":22,"key":"Elixir"},{"floor":30,"key":"Languid Potion"},{"floor":35,"key":"Regen Potion"},{"floor":44,"key":"ColorlessPotion"},{"floor":47,"key":"Fire Potion"},{"floor":54,"key":"Explosive Potion"}],"is_trial":false,"path_per_floor":["M","?","?","M","T","E","M","M","T","R","?","M","T","M","R","B",null,"M","M","?","?","M","$","R","T","T","M","?","R","M","M","R","B",null,"M","?","M","$","T","E","R","M","T","M","$","R","M","M","R","B",null,"R","$","E","B",null],"character_chosen":"DEFECT","items_purchased":["Replay:WaspNest","Turbo","Replay:SS_hec_2","expansioncontent:Collect","Heatsinks","Fruit Juice"],"campfire_rested":5,"item_purchase_floors":[23,23,38,45,45,53],"current_hp_per_floor":[61,61,39,33,33,24,24,1,1,23,23,16,16,16,38,16,75,54,38,38,38,28,28,50,50,50,50,50,50,50,50,72,47,75,69,69,69,69,69,69,69,66,66,66,66,66,66,66,75,29,75,75,80,72,51],"gold":77,"neow_bonus":"BOSS_RELIC","is_daily":false,"chose_seed":false,"campfire_upgraded":3,"win_rate":0.0,"timestamp":1608637891,"path_taken":["M","?","?","M","?","E","M","?","T","R","?","M","?","M","R","BOSS","M","M","?","?","?","$","R","?","T","M","?","R","?","M","R","BOSS","M","?","M","$","?","E","R","M","T","M","$","R","?","M","R","BOSS","R","$","E","BOSS"],"items_purchased_type":["Relic","Card","Card","Card","Card","Potion"],"build_version":"2020-12-13","purchased_purges":3,"victory":true,"max_hp_per_floor":[75,75,75,75,75,75,75,75,75,75,75,75,75,75,75,75,75,75,75,75,75,75,75,75,75,75,75,75,75,75,75,75,75,75,75,75,75,75,75,75,75,75,75,75,75,75,75,75,75,75,75,75,80,80,80],"card_choices":[{"not_picked":["hubris:Ukulele","Coolheaded"],"picked":"Static Discharge","floor":1},{"not_picked":["Go for the Eyes","BasicCrystalCard"],"picked":"Steam","floor":3},{"not_picked":["Scrape","Barrage"],"picked":"Ball Lightning","floor":4},{"not_picked":["Hologram","Sweeping Beam"],"picked":"Streamline","floor":6},{"not_picked":["Coolheaded","ReplaySolidLightProjector"],"picked":"Time Bomb","floor":7},{"not_picked":["Redo","ReplayTheSpireMod:Reroute Power"],"picked":"Stack","floor":8},{"not_picked":["BasicCrystalCard","Skim"],"picked":"Conserve Battery","floor":12},{"not_picked":["Rebound","Double Energy"],"picked":"Beam Cell","floor":14},{"not_picked":["Mirror Shield","Meteor Strike"],"picked":"Creative AI","floor":16},{"not_picked":["Stack+1","Turbo"],"picked":"Conserve Battery","floor":18},{"not_picked":["Beam Cell","Compile Driver"],"picked":"Glacier","floor":19},{"not_picked":["Leap","Coolheaded"],"picked":"Seek","floor":22},{"not_picked":["ReplayTheSpireMod:System Scan","Ball Lightning"],"picked":"Streamline+1","floor":27},{"not_picked":["Turbo","Cold Snap","Go for the Eyes+1"],"picked":"SKIP","floor":30},{"not_picked":["Redo+1","Hologram"],"picked":"Storm","floor":31},{"not_picked":["ReplayTheSpireMod:Omega Cannon","hubris:DoWhile"],"picked":"Meteor Strike","floor":33},{"not_picked":["Cold Snap","Redo"],"picked":"ReplayTheSpireMod:Repulse","floor":35},{"not_picked":["hubris:Ukulele+1","Cold Snap+1","ReplaySort+1"],"picked":"SKIP","floor":37},{"not_picked":["hubris:Ukulele+1","Cold Snap+1","ReplaySort+1"],"picked":"SKIP","floor":37},{"not_picked":["Glacier","Chill+1"],"picked":"Conserve Battery","floor":40},{"not_picked":["Panic Button","Compile Driver"],"picked":"Sunder","floor":42},{"not_picked":["Coolheaded+1","Streamline+1","Rip and Tear+1"],"picked":"SKIP","floor":44},{"not_picked":["Go for the Eyes+1","FTL","Tempest"],"picked":"SKIP","floor":47},{"not_picked":["Scrape+1","Leap"],"picked":"Panic Button+1","floor":48},{"not_picked":["Beam Cell+1","Hologram"],"picked":"Doom and Gloom","floor":49},{"not_picked":["Beam Cell","Hologram","Reboot"],"picked":"SKIP","floor":54}],"player_experience":2129601,"relics_obtained":[{"floor":3,"key":"Tiny Chest"},{"floor":5,"key":"Smiling Mask"},{"floor":6,"key":"ReplayTheSpireMod:Lightbulb"},{"floor":13,"key":"Bottled Tornado"},{"floor":25,"key":"hubris:PeanutButter"},{"floor":26,"key":"Replay:Baseball"},{"floor":36,"key":"Ring of Hypnosis"},{"floor":36,"key":"Ring of Shattering"},{"floor":39,"key":"Dream Catcher"},{"floor":40,"key":"hubris:SlimyHat"},{"floor":43,"key":"conspire:DeflatedDodgeball"},{"floor":54,"key":"hubris:DuctTape"}],"event_choices":[{"damage_healed":0,"gold_gain":0,"player_choice":"Stole Relic","damage_taken":0,"relics_obtained":["Bag of Preparation"],"max_hp_gain":0,"max_hp_loss":0,"event_name":"Addict","floor":20,"gold_loss":0,"cards_obtained":["Shame"]},{"damage_healed":0,"gold_gain":0,"player_choice":"2 cards matched","damage_taken":0,"max_hp_gain":0,"max_hp_loss":0,"event_name":"Match and Keep!","floor":21,"gold_loss":0,"cards_obtained":["conspire:SharedLibrary","Redo"]},{"damage_healed":0,"gold_gain":0,"cards_transformed":["Reprogram"],"player_choice":"Transformed","damage_taken":0,"max_hp_gain":0,"max_hp_loss":0,"event_name":"Transmorgrifier","floor":28,"gold_loss":0,"cards_obtained":["Barrage"]}],"is_beta":false,"boss_relics":[{"not_picked":["Cursed Key","Sozu"],"picked":"Snecko Eye"},{"not_picked":["hubris:CrackedHourglass","hubris:VirtuousBlindfold"],"picked":"conspire:RunicOctahedron"}],"items_purged_floors":[23,38,45],"is_endless":false,"potions_floor_spawned":[1,4,14,22,30,35,44,47,54],"ascension_level":0}}