{"host":"etaq29tqikxfqxk8","time":1608603757,"event":{"mods":["AchievementEnabler","BaseMod","Better Third Choice","BetterRewards","Colored Map","Colored Powertips","Minty Spire (QoL Compilation)","Rare Cards Sparkle","Shop Mod","StSLib","yUi"],"gold_per_floor":[118,118,48,48,58,58,73,103,103,103,116,144,144,42,42,140,140,152,164,176,18,18,18,18,18,18,38,38,48,60,73,73,73,73],"floor_reached":33,"playtime":1947,"items_purged":["Strike_R"],"score":282,"play_id":"9bec3a79-d600-4c1b-ab05-71df9eb0e116","local_time":"20201222032237","is_ascension_mode":false,"campfire_choices":[{"data":"Clash","floor":6.0,"key":"SMITH"},{"data":"Rage","floor":10.0,"key":"SMITH"},{"floor":13.0,"key":"REST"},{"data":"Iron Wave","floor":15.0,"key":"SMITH"},{"floor":23.0,"key":"REST"},{"floor":25.0,"key":"REST"},{"floor":28.0,"key":"REST"},{"floor":32.0,"key":"REST"}],"circlet_count":0,"master_deck":["Strike_R","Strike_R","Strike_R","Defend_R","Defend_R","Defend_R","Defend_R","Bash","Clash+1","Ghostly Armor","Iron Wave+1","Body Slam","Juggernaut","Rage+1","Thunderclap","Clothesline","Pommel Strike","Juggernaut","Power Through+1","Clash","Clash","Feed","Swift Strike","J.A.X.","Headbutt+1","Anger","Shrug It Off+1","Clash"],"relics":["Burning Blood","NeowsBlessing","Juzu Bracelet","Pantograph","Red Skull","Philosopher\u0027s Stone","Vajra"],"acts_visited":["Exordium","TheCity"],"potions_floor_usage":[33],"damage_taken":[{"damage":0.0,"enemies":"Small Slimes","floor":1.0,"turns":1.0},{"damage":0.0,"enemies":"Jaw Worm","floor":5.0,"turns":1.0},{"damage":0.0,"enemies":"Cultist","floor":7.0,"turns":1.0},{"damage":21.0,"enemies":"Lagavulin","floor":8.0,"turns":6.0},{"damage":0.0,"enemies":"Red Slaver","floor":11.0,"turns":3.0},{"damage":34.0,"enemies":"3 Sentries","floor":12.0,"turns":7.0},{"damage":38.0,"enemies":"The Guardian","floor":16.0,"turns":11.0},{"damage":17.0,"enemies":"Chosen","floor":18.0,"turns":5.0},{"damage":10.0,"enemies":"3 Byrds","floor":19.0,"turns":4.0},{"damage":30.0,"enemies":"Centurion and Healer","floor":20.0,"turns":7.0},{"damage":46.0,"enemies":"Snecko","floor":27.0,"turns":6.0},{"damage":49.0,"enemies":"Cultist and Chosen","floor":29.0,"turns":8.0},{"damage":13.0,"enemies":"Centurion and Healer","floor":30.0,"turns":2.0},{"damage":0.0,"enemies":"Sentry and Sphere","floor":31.0,"turns":3.0},{"damage":82,"enemies":"Collector","floor":33,"turns":7}],"seed_played":"4926214307937449587","potions_obtained":[{"floor":1.0,"key":"SteroidPotion"},{"floor":8.0,"key":"Explosive Potion"},{"floor":12.0,"key":"Regen Potion"},{"floor":31.0,"key":"SkillPotion"}],"is_trial":false,"path_per_floor":["M","?","$","?","M","R","M","E","T","R","M","E","R","$","R","B",null,"M","M","M","$","?","R","?","R","T","M","R","M","M","M","R","B"],"character_chosen":"IRONCLAD","items_purchased":["Ghostly Armor","Pommel Strike","Feed"],"campfire_rested":5,"item_purchase_floors":[3,14,21],"current_hp_per_floor":[80,80,80,80,80,80,80,65,65,65,71,43,67,67,67,48,80,69,65,41,41,29,53,53,77,77,37,61,18,16,22,46,0,0],"gold":73,"neow_bonus":"THREE_ENEMY_KILL","is_daily":false,"chose_seed":false,"campfire_upgraded":3,"win_rate":0.0,"timestamp":1608603757,"path_taken":["M","?","?","?","?","R","M","E","T","R","M","E","R","$","R","BOSS","M","M","M","$","?","R","?","R","T","M","R","M","M","M","R","BOSS"],"items_purchased_type":["Card","Card","Card"],"build_version":"2020-12-13","purchased_purges":1,"victory":false,"max_hp_per_floor":[80,80,80,80,80,80,80,80,80,80,80,80,80,80,80,80,80,80,80,80,80,80,80,80,80,80,80,80,80,80,80,80,80,80],"card_choices":[{"not_picked":["Shockwave","Headbutt"],"picked":"Clash","floor":1.0},{"not_picked":["True Grit","Twin Strike"],"picked":"Body Slam","floor":5.0},{"not_picked":["Flex","Anger"],"picked":"Juggernaut","floor":7.0},{"not_picked":["Anger","Body Slam"],"picked":"Rage","floor":8.0},{"not_picked":["Cleave","Bloodletting"],"picked":"Thunderclap","floor":11.0},{"not_picked":["Shrug It Off","Flex"],"picked":"Clothesline","floor":12.0},{"not_picked":["Limit Break","Offering"],"picked":"Juggernaut","floor":16.0},{"not_picked":["Thunderclap+1","Pommel Strike"],"picked":"Power Through+1","floor":18.0},{"not_picked":["Twin Strike","Body Slam"],"picked":"Clash","floor":19.0},{"not_picked":["Cleave","Pummel"],"picked":"Clash","floor":20.0},{"not_picked":["Rampage","Inflame"],"picked":"Headbutt+1","floor":27.0},{"not_picked":["Twin Strike","Headbutt"],"picked":"Anger","floor":29.0},{"not_picked":["Sword Boomerang","Cleave"],"picked":"Shrug It Off+1","floor":30.0},{"not_picked":["Flame Barrier","Combust"],"picked":"Clash","floor":31.0}],"player_experience":23390,"relics_obtained":[{"floor":8.0,"key":"Juzu Bracelet"},{"floor":9.0,"key":"Pantograph"},{"floor":12.0,"key":"Red Skull"},{"floor":26.0,"key":"Vajra"}],"event_choices":[{"damage_healed":0.0,"max_hp_gain":0.0,"max_hp_loss":0.0,"gold_gain":0.0,"event_name":"The Cleric","player_choice":"Leave","floor":2.0,"gold_loss":0.0,"damage_taken":0.0},{"cards_removed":["Strike_R"],"damage_healed":0.0,"max_hp_gain":0.0,"max_hp_loss":0.0,"gold_gain":0.0,"event_name":"NoteForYourself","player_choice":"Took Card","floor":4.0,"gold_loss":0.0,"damage_taken":0.0,"cards_obtained":["Iron Wave"]},{"damage_healed":0.0,"max_hp_gain":0.0,"max_hp_loss":0.0,"gold_gain":0.0,"event_name":"Knowing Skull","player_choice":"CARD ","floor":22.0,"potions_obtained":[],"gold_loss":0.0,"damage_taken":12.0,"cards_obtained":["Swift Strike"]},{"damage_healed":0.0,"max_hp_gain":0.0,"max_hp_loss":0.0,"gold_gain":0.0,"event_name":"Drug Dealer","player_choice":"Obtain J.A.X.","floor":24.0,"gold_loss":0.0,"damage_taken":0.0,"cards_obtained":["J.A.X."]}],"is_beta":false,"boss_relics":[{"not_picked":["Runic Cube","Fusion Hammer"],"picked":"Philosopher\u0027s Stone"}],"items_purged_floors":[14],"is_endless":false,"potions_floor_spawned":[1,8,12,19,29,31],"killed_by":"Collector","ascension_level":0}}