{"host":"q9718omregw4er46","time":1608668992,"event":{"mods":["BaseMod","Bestiary","Colored Powertips","Custom Start","Minty Spire (QoL Compilation)","Practice Mode","Quick Restart","Relic Stats"],"gold_per_floor":[114,128,148,160,179,206,206,232,281,295,295,295],"floor_reached":11,"playtime":471,"items_purged":[],"score":174,"play_id":"74b3a0c7-8d9f-4c6c-b2fc-bed3b7bde04f","local_time":"20201223012952","is_ascension_mode":true,"campfire_choices":[{"floor":7,"key":"REST"}],"circlet_count":0,"master_deck":["AscendersBane","Strike_P","Strike_P","Strike_P","Strike_P","Defend_P","Defend_P","Defend_P","Defend_P","Eruption","Vigilance","BowlingBash","CutThroughFate","Adaptation","Protect","MentalFortress"],"relics":["Snecko Eye","Darkstone Periapt","Blue Candle","Blood Vial"],"acts_visited":["Exordium"],"potions_floor_usage":[6,11],"damage_taken":[{"damage":0,"enemies":"Jaw Worm","floor":1,"turns":2},{"damage":5,"enemies":"2 Louse","floor":2,"turns":2},{"damage":1,"enemies":"Cultist","floor":3,"turns":4},{"damage":8,"enemies":"Blue Slaver","floor":4,"turns":3},{"damage":13,"enemies":"Red Slaver","floor":5,"turns":4},{"damage":25,"enemies":"3 Sentries","floor":6,"turns":14},{"damage":10,"enemies":"Gremlin Nob","floor":8,"turns":3},{"damage":0,"enemies":"2 Fungi Beasts","floor":10,"turns":1},{"damage":26,"enemies":"Lagavulin","floor":11,"turns":3}],"seed_played":"-7130908269547507556","potions_obtained":[{"floor":2,"key":"SkillPotion"},{"floor":8,"key":"ColorlessPotion"},{"floor":10,"key":"SpeedPotion"}],"is_trial":true,"path_per_floor":["M","M","M","M","M","E","R","E","T","M","E"],"character_chosen":"WATCHER","items_purchased":[],"campfire_rested":1,"item_purchase_floors":[],"current_hp_per_floor":[61,56,55,47,34,9,29,19,19,21,0,0],"gold":295,"neow_bonus":"","is_daily":false,"chose_seed":false,"campfire_upgraded":0,"win_rate":0.0,"timestamp":1608668992,"path_taken":["M","M","M","M","M","E","R","E","T","M","E"],"items_purchased_type":[],"build_version":"2020-12-13","purchased_purges":0,"victory":false,"max_hp_per_floor":[68,68,68,68,68,68,68,68,68,68,68,68],"relic_stats":{"Darkstone Periapt":0,"Blood Vial":4,"counters":[9,36],"Blue Candle":[0],"Snecko Eye":[54,57,56,59],"obtain_stats":[{"Darkstone Periapt":6,"Blood Vial":9,"Blue Candle":8,"Snecko Eye":0},{"Darkstone Periapt":6,"Blood Vial":7,"Blue Candle":7,"Snecko Eye":0},{"Darkstone Periapt":29,"Blood Vial":32,"Blue Candle":32,"Snecko Eye":0}]},"card_choices":[{"not_picked":["Evaluate","Sanctity","BowlingBash"],"picked":"SKIP","floor":1},{"not_picked":["Evaluate","Sanctity"],"picked":"BowlingBash","floor":1},{"not_picked":["EmptyFist","FlyingSleeves"],"picked":"CutThroughFate","floor":2},{"not_picked":["WaveOfTheHand","JustLucky","SashWhip"],"picked":"SKIP","floor":3},{"not_picked":["Worship","BowlingBash"],"picked":"Adaptation","floor":4},{"not_picked":["WreathOfFlame","Brilliance"],"picked":"Protect","floor":5},{"not_picked":["Halt","EmptyFist","ThirdEye"],"picked":"SKIP","floor":6},{"not_picked":["Consecrate","ForeignInfluence","Fasting2"],"picked":"SKIP","floor":8},{"not_picked":["Evaluate","Protect"],"picked":"MentalFortress","floor":10}],"player_experience":1091841,"relics_obtained":[{"floor":6,"key":"Darkstone Periapt"},{"floor":8,"key":"Blue Candle"},{"floor":9,"key":"Blood Vial"}],"event_choices":[],"is_beta":false,"boss_relics":[],"items_purged_floors":[],"is_endless":false,"potions_floor_spawned":[2,8,10],"killed_by":"Lagavulin","ascension_level":20}}