{"host":"b4t5srwuttsyeojd","time":1608610229,"event":{"mods":["Act Like it!","BaseMod","Hallownest","Minty Spire (QoL Compilation)","StSLib","The Bug Knight","The Hierophant","everything is the same but u backflip on backflip"],"gold_per_floor":[109,109,109,119,138,138,153,184,184,199,214,224,224,259,259,359,359,378,391,391,141,141,141,174,174,174,193,207,37,37,37,37],"floor_reached":31,"playtime":1960,"items_purged":[],"score":292,"play_id":"b8817392-6eb4-4a9b-8dd9-5780d0deff2d","local_time":"20201221201029","is_ascension_mode":false,"campfire_choices":[{"data":"HollowMod:PogoStrike","floor":6,"key":"SMITH"},{"data":"HollowMod:DashSlash","floor":15,"key":"SMITH"},{"floor":23,"key":"RECALL"}],"circlet_count":0,"master_deck":["HollowMod:NailStrikeStart+1","HollowMod:NailStrikeStart","HollowMod:NailStrikeStart","HollowMod:NailStrikeStart","HollowMod:QuickDashStart","HollowMod:QuickDashStart","HollowMod:QuickDashStart","HollowMod:QuickDashStart+1","HollowMod:FocusHealStart","HollowMod:PogoStrike+1","HollowMod:CloakDash","HollowMod:InfectionAssault","HollowMod:DashSlash+1","HollowMod:DashSlash","HollowMod:FastStrike","HollowMod:InfectedAttack+1","HollowMod:SoulShaman+1","HollowMod:CloakDash+1","HollowMod:MawleksShell+1","HollowMod:Hiveblood+1","HollowMod:InfectedAttack"],"relics":["HollowMod:VesselMask","Hallownest:DreamNailRelic","Pantograph","HollowMod:LumaflyLanternRelic","Runic Dome","Toxic Egg 2","Hallownest:UnbreakableCardRelic","Question Card","HollowMod:MantisClawRelic","Membership Card"],"acts_visited":["Hallownest:Greenpath","Hallownest:CityofTears"],"potions_floor_usage":[],"damage_taken":[{"damage":1,"enemies":"Hallownest:monsterHuskWarrior","floor":1,"turns":2},{"damage":1,"enemies":"Hallownest:2_Baldur","floor":4,"turns":4},{"damage":2,"enemies":"Hallownest:monsterHuskGuard","floor":5,"turns":4},{"damage":0,"enemies":"Hallownest:Wandering_and_Horned","floor":7,"turns":4},{"damage":0,"enemies":"Hallownest:eliteVengeflyKing","floor":8,"turns":7},{"damage":14,"enemies":"Hallownest:1_Ooma_and_2_Uuma","floor":10,"turns":10},{"damage":8,"enemies":"Hallownest:2_Tiktiks_1_Baldur_1_Crawlid","floor":11,"turns":5},{"damage":5,"enemies":"Hallownest:1_Baldur_1_Crawlid_1_Warrior","floor":12,"turns":7},{"damage":6,"enemies":"Hallownest:eliteCrystalGuardian","floor":14,"turns":5},{"damage":61,"enemies":"Hallownest:BossBrokenVessel","floor":16,"turns":10},{"damage":7,"enemies":"Hallownest:2_Mistakes","floor":18,"turns":7},{"damage":9,"enemies":"Hallownest:Guard_and_Sentry","floor":19,"turns":4},{"damage":13,"enemies":"Hallownest:Nosk","floor":24,"turns":6},{"damage":4,"enemies":"Hallownest:2_Husk_Sentries","floor":27,"turns":4},{"damage":8,"enemies":"Hallownest:Warrior_and_Youth","floor":28,"turns":6},{"damage":59,"enemies":"Hallownest:3_Mistakes","floor":31,"turns":9}],"seed_played":"5616013616781622076","potions_obtained":[{"floor":1,"key":"GamblersBrew"},{"floor":10,"key":"LiquidBronze"},{"floor":12,"key":"Ancient Potion"},{"floor":14,"key":"LiquidBronze"},{"floor":16,"key":"CultistPotion"},{"floor":24,"key":"Strength Potion"}],"is_trial":false,"path_per_floor":["M","?","?","M","M","R","M","E","T","M","M","M","?","E","R","B",null,"M","M","?","?","?","R","E","?","T","M","M","$","?","M"],"character_chosen":"THE_BUGKNIGHT","items_purchased":["Membership Card","HollowMod:InfectedAttack"],"campfire_rested":0,"item_purchase_floors":[29,29],"current_hp_per_floor":[74,74,74,75,73,73,75,75,75,73,71,75,66,60,60,20,75,73,64,64,64,60,60,47,47,47,49,47,47,47,0,0],"gold":37,"neow_bonus":"UPGRADE_CARD","is_daily":false,"chose_seed":false,"campfire_upgraded":2,"win_rate":0.0,"timestamp":1608610229,"path_taken":["M","?","?","?","M","R","M","E","T","M","M","M","?","E","R","BOSS","M","M","?","?","?","R","E","?","T","M","M","$","?","M"],"items_purchased_type":["Relic","Card"],"build_version":"2020-12-13","purchased_purges":0,"victory":false,"max_hp_per_floor":[75,75,75,75,75,75,75,75,75,75,75,75,75,75,75,75,75,75,75,75,75,75,75,75,75,75,75,75,75,75,75,75],"card_choices":[{"not_picked":["HollowMod:QuirrelsAssistance","HollowMod:ChannelNail","HollowMod:WraithStrike"],"picked":"SKIP","floor":1},{"not_picked":["HollowMod:NewLittleFool","HollowMod:HeavyBlow"],"picked":"HollowMod:CloakDash","floor":4},{"not_picked":["HollowMod:NewLittleFool","HollowMod:Hiveblood"],"picked":"HollowMod:InfectionAssault","floor":5},{"not_picked":["HollowMod:NewJinnsSoul","HollowMod:PureNailStrike"],"picked":"HollowMod:DashSlash","floor":7},{"not_picked":["HollowMod:SharpenedNail","HollowMod:GrimmsGift","HollowMod:DescendingDark"],"picked":"SKIP","floor":8},{"not_picked":["HollowMod:ShadowDash","HollowMod:SiblingsShadow","HollowMod:NewLittleFool"],"picked":"SKIP","floor":10},{"not_picked":["HollowMod:TaintedHusks","HollowMod:CrystalDash"],"picked":"HollowMod:CloakDash","floor":11},{"not_picked":["HollowMod:ShadowDash","HollowMod:SiblingsSouls"],"picked":"HollowMod:DashSlash","floor":12},{"not_picked":["HollowMod:AwokenDreamNail","HollowMod:DoubleDash"],"picked":"HollowMod:FastStrike","floor":14},{"not_picked":["HollowMod:DescendingDark","HollowMod:NewJinnsSoul"],"picked":"HollowMod:InfectedAttack+1","floor":18},{"not_picked":["HollowMod:MonomonsArchive+1","HollowMod:SharpenedShadows+1"],"picked":"HollowMod:SoulShaman+1","floor":19},{"not_picked":["HollowMod:SiblingsSouls+1","HollowMod:BaldurShell"],"picked":"HollowMod:CloakDash+1","floor":24},{"not_picked":["HollowMod:WraithStrike","HollowMod:NewJinnsSoul+1","HollowMod:CrystalDash+1"],"picked":"HollowMod:MawleksShell+1","floor":27},{"not_picked":["HollowMod:ChannelNail+1","HollowMod:DescendingDark","HollowMod:DungDefenderAura+1"],"picked":"HollowMod:Hiveblood+1","floor":28}],"player_experience":523110,"relics_obtained":[{"floor":8,"key":"Pantograph"},{"floor":14,"key":"HollowMod:LumaflyLanternRelic"},{"floor":24,"key":"Question Card"},{"floor":26,"key":"HollowMod:MantisClawRelic"}],"event_choices":[],"is_beta":false,"boss_relics":[{"not_picked":["Velvet Choker","Busted Crown"],"picked":"Runic Dome"}],"items_purged_floors":[],"is_endless":false,"potions_floor_spawned":[1,10,12,14,16,24,27],"killed_by":"Hallownest:3_Mistakes","ascension_level":0}}