{"host":"sa7ebub27cgn5wai","time":1608633157,"event":{"mods":["BaseMod","Colored Map","Minty Spire (QoL Compilation)","SuperFastMode"],"gold_per_floor":[111,131,143,160,160,160,177,177,204,204,204,219,144,160,160,258,258,271,271,271,271,286,286,296,296,296,309,27,27,27],"floor_reached":29,"playtime":790,"items_purged":["Strike_G","Strike_G"],"score":329,"play_id":"8634451e-3867-45cc-93da-6994403cec66","local_time":"20201222193237","is_ascension_mode":true,"campfire_choices":[{"data":"Blade Dance","floor":6,"key":"SMITH"},{"data":"Dagger Spray","floor":8,"key":"SMITH"},{"data":"Footwork","floor":10,"key":"SMITH"},{"floor":15,"key":"REST"},{"floor":23,"key":"REST"},{"floor":25,"key":"REST"}],"circlet_count":0,"master_deck":["Strike_G","Strike_G","Defend_G","Defend_G","Defend_G","Defend_G","Defend_G","Survivor","Neutralize+1","Cloak And Dagger","Slice","Footwork+1","Blade Dance+1","Dagger Spray+1","Backflip","Escape Plan","Burst","Reflex","Parasite","PiercingWail+1","Shame","Endless Agony+1","Accuracy"],"relics":["Ring of the Snake","Tiny Chest","Cursed Key","Mango","Bottled Lightning","Blood Vial"],"acts_visited":["Exordium","TheCity"],"potions_floor_usage":[16,16,24,24,27,29,29],"damage_taken":[{"damage":12,"enemies":"Jaw Worm","floor":1,"turns":5},{"damage":1,"enemies":"2 Louse","floor":2,"turns":3},{"damage":0,"enemies":"Cultist","floor":3,"turns":4},{"damage":9,"enemies":"Lots of Slimes","floor":4,"turns":8},{"damage":5,"enemies":"2 Fungi Beasts","floor":7,"turns":3},{"damage":0,"enemies":"3 Louse","floor":12,"turns":3},{"damage":0,"enemies":"Exordium Wildlife","floor":14,"turns":3},{"damage":15,"enemies":"Hexaghost","floor":16,"turns":12},{"damage":14,"enemies":"2 Thieves","floor":18,"turns":4},{"damage":28,"enemies":"Chosen","floor":22,"turns":8},{"damage":32,"enemies":"Snake Plant","floor":24,"turns":10},{"damage":49,"enemies":"Chosen and Byrds","floor":27,"turns":11},{"damage":4,"enemies":"Centurion and Healer","floor":29,"turns":8}],"seed_played":"-7011111263000695858","potions_obtained":[{"floor":2,"key":"BlessingOfTheForge"},{"floor":4,"key":"ColorlessPotion"},{"floor":12,"key":"Energy Potion"},{"floor":16,"key":"GamblersBrew"},{"floor":22,"key":"DuplicationPotion"},{"floor":24,"key":"Fruit Juice"},{"floor":27,"key":"Dexterity Potion"}],"is_trial":false,"path_per_floor":["M","M","M","M","?","R","M","R","T","R","?","M","$","M","R","B",null,"M","?","?","T","M","R","M","R","T","M","$","M"],"character_chosen":"THE_SILENT","items_purchased":["Accuracy","Blood Vial"],"campfire_rested":3,"item_purchase_floors":[28,28],"current_hp_per_floor":[51,50,50,41,34,34,29,29,29,29,29,29,29,29,50,35,61,47,47,40,54,26,51,24,50,50,1,1,0,0],"gold":27,"neow_bonus":"UPGRADE_CARD","is_daily":false,"chose_seed":false,"campfire_upgraded":3,"win_rate":0.0,"timestamp":1608633157,"path_taken":["M","M","M","M","?","R","M","R","T","R","?","M","$","M","R","BOSS","M","?","?","?","M","R","M","R","T","M","$","M"],"items_purchased_type":["Card","Relic"],"build_version":"2020-12-13","purchased_purges":2,"victory":false,"max_hp_per_floor":[70,70,70,70,70,70,70,70,70,70,70,70,70,70,70,70,70,70,70,70,84,84,84,89,89,89,89,89,89,89],"card_choices":[{"not_picked":["Outmaneuver","Deadly Poison"],"picked":"Cloak And Dagger","floor":1},{"not_picked":["Tactician","Crippling Poison"],"picked":"Slice","floor":2},{"not_picked":["Bane","Night Terror"],"picked":"Footwork","floor":3},{"not_picked":["Dagger Throw","Quick Slash"],"picked":"Blade Dance","floor":4},{"not_picked":["Crippling Poison","Predator"],"picked":"Dagger Spray","floor":7},{"not_picked":["Flechettes","Bouncing Flask"],"picked":"Backflip","floor":12},{"not_picked":["Underhanded Strike","Poisoned Stab"],"picked":"Escape Plan","floor":14},{"not_picked":["Doppelganger","Phantasmal Killer"],"picked":"Burst","floor":16},{"not_picked":["Bane","Sucker Punch"],"picked":"Reflex","floor":18},{"not_picked":["Underhanded Strike+1","Backflip"],"picked":"PiercingWail+1","floor":22},{"not_picked":["Bouncing Flask","Bane","Dagger Throw+1"],"picked":"SKIP","floor":24},{"not_picked":["Poisoned Stab+1","Distraction"],"picked":"Endless Agony+1","floor":27}],"player_experience":260455,"relics_obtained":[{"floor":9,"key":"Tiny Chest"},{"floor":21,"key":"Mango"},{"floor":26,"key":"Bottled Lightning"}],"event_choices":[{"cards_removed":["Strike_G"],"damage_healed":0,"gold_gain":0,"player_choice":"Card Removal","damage_taken":7,"max_hp_gain":0,"max_hp_loss":0,"event_name":"Golden Wing","floor":5,"gold_loss":0},{"damage_healed":0,"gold_gain":0,"player_choice":"Ignored","damage_taken":0,"max_hp_gain":0,"max_hp_loss":0,"event_name":"Liars Game","floor":11,"gold_loss":0},{"damage_healed":0,"gold_gain":0,"player_choice":"Ignored","damage_taken":0,"max_hp_gain":0,"max_hp_loss":0,"event_name":"Ghosts","floor":19,"gold_loss":0},{"damage_healed":0,"gold_gain":0,"player_choice":"Damaged","damage_taken":7,"max_hp_gain":0,"max_hp_loss":0,"event_name":"Wheel of Change","floor":20,"gold_loss":0}],"is_beta":false,"boss_relics":[{"not_picked":["SacredBark","Ring of the Serpent"],"picked":"Cursed Key"}],"items_purged_floors":[13,28],"is_endless":false,"potions_floor_spawned":[2,4,12,14,16,22,24,27],"killed_by":"Centurion and Healer","ascension_level":8}}