{"host":"ktoxvvst1mwxww91","time":1608654549,"event":{"mods":["BaseMod","Hermit","Minty Spire (QoL Compilation)","StSLib","The Hierophant","The Mystic","The Necromancer"],"gold_per_floor":[115,125,125,143,160,188,188,220,220,255,268,297,312,346,346,423,423,436,119,119,119,129,154,154,165,188,188,201,201,48,63,63,140,140,150,58,68,93,45,45,45,45,45,63,90,90,108,62,62,62],"floor_reached":51,"playtime":2181,"items_purged":["Strike_B","Compile Driver+1"],"score":1415,"play_id":"bd4a5e77-2d7c-4a72-9601-fafef0b50356","local_time":"20201222172909","is_ascension_mode":true,"campfire_choices":[{"floor":7.0,"key":"REST"},{"floor":15.0,"key":"REST"},{"data":"Ghostly","floor":24.0,"key":"SMITH"},{"floor":27.0,"key":"REST"},{"floor":32.0,"key":"REST"},{"data":"Defragment","floor":40.0,"key":"SMITH"},{"data":"Defragment","floor":42.0,"key":"SMITH"},{"data":"Capacitor","floor":46.0,"key":"SMITH"},{"data":"Beam Cell","floor":49,"key":"SMITH"}],"circlet_count":0,"master_deck":["AscendersBane","Defend_B","Defend_B","Defend_B","Defend_B","Zap","Dualcast","Streamline","Leap","Glacier","Beam Cell+1","Coolheaded","Melter","Seek","Go for the Eyes","Streamline","Defragment+1","Cold Snap","Conserve Battery","Go for the Eyes","Reboot","Redo+1","Scrape+1","Leap+1","Defragment+1","Go for the Eyes","Ghostly+1","Ghostly","Ghostly","Necronomicurse","Glacier","Gash","Gash","Gash","Reboot","FTL","Capacitor+1","Beam Cell","Conserve Battery","Streamline","Gash","Mind Blast","Injury","Gash","Streamline","Capacitor+1","Gash"],"relics":["SacredBark","Shuriken","Dream Catcher","Sundial","Lantern","Incense Burner","Bag of Preparation","Blue Candle","Astrolabe","Potion Belt","Necronomicon","Juzu Bracelet","Oddly Smooth Stone","Cursed Key","Peace Pipe","Blood Vial","Vajra"],"acts_visited":["Exordium","TheCity","TheBeyond"],"potions_floor_usage":[50,50],"damage_taken":[{"damage":1.0,"enemies":"Cultist","floor":1.0,"turns":4.0},{"damage":0.0,"enemies":"2 Louse","floor":2.0,"turns":2.0},{"damage":7.0,"enemies":"Jaw Worm","floor":4.0,"turns":4.0},{"damage":8.0,"enemies":"Blue Slaver","floor":5.0,"turns":5.0},{"damage":11.0,"enemies":"Gremlin Nob","floor":6.0,"turns":4.0},{"damage":4.0,"enemies":"3 Sentries","floor":8.0,"turns":11.0},{"damage":20.0,"enemies":"Gremlin Nob","floor":10.0,"turns":4.0},{"damage":0.0,"enemies":"Large Slime","floor":11.0,"turns":9.0},{"damage":7.0,"enemies":"Lagavulin","floor":12.0,"turns":5.0},{"damage":4.0,"enemies":"3 Louse","floor":13.0,"turns":5.0},{"damage":6.0,"enemies":"Gremlin Nob","floor":14.0,"turns":4.0},{"damage":22.0,"enemies":"Slime Boss","floor":16.0,"turns":18.0},{"damage":0.0,"enemies":"Shell Parasite","floor":18.0,"turns":6.0},{"damage":0.0,"enemies":"Chosen","floor":22.0,"turns":6.0},{"damage":0.0,"enemies":"Slavers","floor":23.0,"turns":3.0},{"damage":13.0,"enemies":"Centurion and Healer","floor":25.0,"turns":10.0},{"damage":0.0,"enemies":"Chosen and Byrds","floor":28.0,"turns":8.0},{"damage":0.0,"enemies":"3 Cultists","floor":29.0,"turns":2.0},{"damage":0.0,"enemies":"Snake Plant","floor":31.0,"turns":5.0},{"damage":14.0,"enemies":"Champ","floor":33.0,"turns":14.0},{"damage":0.0,"enemies":"Orb Walker","floor":35.0,"turns":3.0},{"damage":7.0,"enemies":"3 Darklings","floor":37.0,"turns":10.0},{"damage":0.0,"enemies":"Mind Bloom Boss Battle","floor":38.0,"turns":11.0},{"damage":0.0,"enemies":"Sphere and 2 Shapes","floor":44.0,"turns":2.0},{"damage":0.0,"enemies":"Reptomancer","floor":45.0,"turns":3.0},{"damage":0,"enemies":"Maw","floor":47,"turns":7},{"damage":13,"enemies":"Donu and Deca","floor":50,"turns":6}],"seed_played":"7995178858955746169","potions_obtained":[{"floor":5.0,"key":"BlessingOfTheForge"},{"floor":6.0,"key":"EntropicBrew"},{"floor":8.0,"key":"Swift Potion"},{"floor":10.0,"key":"Energy Potion"},{"floor":11.0,"key":"BlessingOfTheForge"},{"floor":16.0,"key":"EssenceOfSteel"},{"floor":18.0,"key":"PowerPotion"},{"floor":25.0,"key":"SmokeBomb"},{"floor":33.0,"key":"SkillPotion"},{"floor":35.0,"key":"Ancient Potion"},{"floor":44.0,"key":"Explosive Potion"},{"floor":47,"key":"SteroidPotion"}],"is_trial":false,"path_per_floor":["M","M","T","M","M","E","R","E","T","E","M","E","M","E","R","B",null,"M","$","?","?","M","E","R","M","T","R","M","M","$","M","R","B",null,"M","$","M","?","$","R","?","R","T","M","E","R","M","$","R","B",null],"character_chosen":"DEFECT","items_purchased":["Defragment","Potion Belt","Go for the Eyes","Gash","Capacitor","Beam Cell","Gash","Gash"],"campfire_rested":4,"item_purchase_floors":[19,19,19,30,36,36,39,48],"current_hp_per_floor":[63,63,63,56,48,37,58,54,54,34,34,27,23,17,38,16,57,57,57,35,14,14,14,14,1,1,11,11,11,11,11,21,7,28,28,28,21,21,21,21,21,21,21,23,25,25,27,27,27,16],"gold":62,"neow_bonus":"BOSS_RELIC","is_daily":false,"chose_seed":false,"campfire_upgraded":5,"win_rate":0.0,"timestamp":1608654549,"path_taken":["M","?","?","M","M","E","R","E","T","E","M","E","M","E","R","BOSS","M","?","?","?","?","E","R","M","T","R","M","M","$","M","R","BOSS","M","$","M","?","$","R","?","R","T","M","E","R","M","$","R","BOSS"],"items_purchased_type":["Card","Relic","Card","Card","Card","Card","Card","Card"],"build_version":"2020-12-13","purchased_purges":2,"victory":true,"max_hp_per_floor":[71,71,71,71,71,71,71,71,71,71,71,71,71,71,71,71,71,71,71,35,35,35,35,35,35,35,35,35,35,35,35,35,35,35,35,35,35,35,35,35,35,35,35,35,35,35,35,35,35,35],"card_choices":[{"not_picked":["Turbo","Steam"],"picked":"Streamline","floor":1.0},{"not_picked":["Turbo","Self Repair"],"picked":"Leap","floor":2.0},{"not_picked":["Chaos","Sweeping Beam"],"picked":"Glacier","floor":4.0},{"not_picked":["Leap","Capacitor"],"picked":"Beam Cell","floor":5.0},{"not_picked":["Rainbow","Darkness"],"picked":"Coolheaded","floor":6.0},{"not_picked":["Compile Driver","Stack"],"picked":"Melter","floor":7.0},{"not_picked":["Doom and Gloom","Melter"],"picked":"Seek","floor":8.0},{"not_picked":["Conserve Battery","Melter"],"picked":"Go for the Eyes","floor":10.0},{"not_picked":["Gash","Recycle"],"picked":"Streamline","floor":11.0},{"not_picked":["Hologram","Reprogram"],"picked":"Defragment","floor":12.0},{"not_picked":["Stack","Streamline"],"picked":"Cold Snap","floor":13.0},{"not_picked":["Doom and Gloom","Skim"],"picked":"Conserve Battery","floor":14.0},{"not_picked":["Barrage","Steam Power"],"picked":"Go for the Eyes","floor":15.0},{"not_picked":["Echo Form","Rainbow"],"picked":"Reboot","floor":16.0},{"not_picked":["Compile Driver","Undo"],"picked":"Leap+1","floor":18.0},{"not_picked":["Coolheaded","Hello World"],"picked":"Glacier","floor":22.0},{"not_picked":["Storm","Sweeping Beam","Heatsinks+1"],"picked":"SKIP","floor":23.0},{"not_picked":["Lockon","Stack","Redo"],"picked":"SKIP","floor":25.0},{"not_picked":["Multi-Cast","Barrage"],"picked":"Gash","floor":28.0},{"not_picked":["Hello World+1","Rebound"],"picked":"Gash","floor":31.0},{"not_picked":["Meteor Strike","Fission"],"picked":"Reboot","floor":33.0},{"not_picked":["Rebound","Conserve Battery"],"picked":"FTL","floor":35.0},{"not_picked":["Lockon","Sweeping Beam"],"picked":"Conserve Battery","floor":37.0},{"not_picked":["Doom and Gloom","Turbo"],"picked":"Streamline","floor":38.0},{"not_picked":["Master of Strategy","Good Instincts"],"picked":"Mind Blast","floor":41.0},{"not_picked":["Stack","Compile Driver"],"picked":"Gash","floor":44.0},{"not_picked":["Ball Lightning","Redo"],"picked":"Streamline","floor":45.0},{"not_picked":["Turbo+1","Reinforced Body+1"],"picked":"Capacitor+1","floor":47}],"player_experience":914989,"relics_obtained":[{"floor":3.0,"key":"Shuriken"},{"floor":6.0,"key":"Dream Catcher"},{"floor":8.0,"key":"Sundial"},{"floor":9.0,"key":"Lantern"},{"floor":10.0,"key":"Incense Burner"},{"floor":12.0,"key":"Bag of Preparation"},{"floor":14.0,"key":"Blue Candle"},{"floor":21.0,"key":"Necronomicon"},{"floor":23.0,"key":"Juzu Bracelet"},{"floor":26.0,"key":"Oddly Smooth Stone"},{"floor":38.0,"key":"Peace Pipe"},{"floor":43.0,"key":"Blood Vial"},{"floor":45.0,"key":"Vajra"}],"event_choices":[{"damage_healed":0.0,"max_hp_gain":0.0,"max_hp_loss":36.0,"gold_gain":0.0,"event_name":"Ghosts","player_choice":"Became a Ghost","floor":20.0,"gold_loss":0.0,"damage_taken":0.0,"cards_obtained":["Ghostly","Ghostly","Ghostly"]},{"damage_healed":0.0,"max_hp_gain":0.0,"max_hp_loss":0.0,"gold_gain":0.0,"event_name":"Cursed Tome","player_choice":"Obtained Book","floor":21.0,"gold_loss":0.0,"damage_taken":21.0},{"damage_healed":0.0,"max_hp_gain":0.0,"max_hp_loss":0.0,"gold_gain":0.0,"event_name":"MindBloom","player_choice":"Fight","floor":38.0,"gold_loss":0.0,"damage_taken":0.0},{"damage_healed":0.0,"max_hp_gain":0.0,"max_hp_loss":0.0,"gold_gain":0.0,"event_name":"SensoryStone","player_choice":"Memory 1","floor":41.0,"gold_loss":0.0,"damage_taken":0.0}],"is_beta":false,"boss_relics":[{"not_picked":["Ectoplasm","Calling Bell"],"picked":"Astrolabe"},{"not_picked":["Philosopher\u0027s Stone","Snecko Eye"],"picked":"Cursed Key"}],"items_purged_floors":[19,30],"is_endless":false,"potions_floor_spawned":[5,6,8,10,11,16,18,25,29,33,35,44,47],"ascension_level":15}}