{"host":"f1miojwxaupu79sp","time":1608620272,"event":{"mods":["BaseMod","Better Vampires","Minty Spire (QoL Compilation)","Shop Mod"],"gold_per_floor":[114,114,114,134,144,144,173,173,196,240,271,307,319,361,373,487,499,526,453,564,242,253,253,265,276,276,295,295,308,340,359,359,359,359],"floor_reached":33,"playtime":1124,"items_purged":["Strike_R"],"score":412,"play_id":"8d3e2d85-538c-4c1f-a0d8-a7de9dddeb10","local_time":"20201222015752","is_ascension_mode":true,"campfire_choices":[{"data":"Pummel","floor":6.0,"key":"SMITH"},{"data":"Infernal Blade","floor":8.0,"key":"SMITH"},{"data":"Rage","floor":15.0,"key":"SMITH"},{"data":"Feed","floor":23.0,"key":"SMITH"},{"data":"Feed","floor":28.0,"key":"SMITH"},{"data":"Offering","floor":32.0,"key":"SMITH"}],"circlet_count":0,"master_deck":["Strike_R","Strike_R","Strike_R","Strike_R","Defend_R","Defend_R","Defend_R","Defend_R","Bash","Dramatic Entrance","Spot Weakness+1","Pummel+1","Infernal Blade+1","Rage+1","Feed+1","Cleave+1","Shrug It Off","Feed+1","Iron Wave+1","Offering+1"],"relics":["Burning Blood","Meat on the Bone","Mummified Hand","MawBank","Anchor","Omamori","Bag of Preparation","Question Card","Sozu","Letter Opener","Paper Frog","Eternal Feather","Molten Egg 2"],"acts_visited":["Exordium","TheCity"],"potions_floor_usage":[],"damage_taken":[{"damage":0.0,"enemies":"Cultist","floor":1.0,"turns":2.0},{"damage":8.0,"enemies":"2 Louse","floor":4.0,"turns":2.0},{"damage":8.0,"enemies":"Jaw Worm","floor":5.0,"turns":4.0},{"damage":32.0,"enemies":"Gremlin Nob","floor":7.0,"turns":4.0},{"damage":15.0,"enemies":"3 Sentries","floor":10.0,"turns":5.0},{"damage":0.0,"enemies":"2 Fungi Beasts","floor":11.0,"turns":2.0},{"damage":18.0,"enemies":"Gremlin Nob","floor":14.0,"turns":3.0},{"damage":46.0,"enemies":"Slime Boss","floor":16.0,"turns":7.0},{"damage":2.0,"enemies":"3 Byrds","floor":18.0,"turns":6.0},{"damage":0.0,"enemies":"Chosen","floor":22.0,"turns":3.0},{"damage":5.0,"enemies":"Snecko","floor":24.0,"turns":4.0},{"damage":4.0,"enemies":"Snake Plant","floor":25.0,"turns":4.0},{"damage":6.0,"enemies":"3 Cultists","floor":27.0,"turns":3.0},{"damage":32.0,"enemies":"Cultist and Chosen","floor":29.0,"turns":7.0},{"damage":4.0,"enemies":"Slavers","floor":30.0,"turns":4.0},{"damage":25.0,"enemies":"Snake Plant","floor":31.0,"turns":4.0},{"damage":72,"enemies":"Collector","floor":33,"turns":7}],"seed_played":"-3722734877326800835","potions_obtained":[{"floor":11.0,"key":"BlessingOfTheForge"},{"floor":14.0,"key":"SteroidPotion"},{"floor":16.0,"key":"SkillPotion"}],"is_trial":false,"path_per_floor":["M","T","?","M","M","R","E","R","T","E","M","T","?","E","R","B",null,"M","?","?","$","M","R","M","M","T","M","R","M","E","M","R","B"],"character_chosen":"IRONCLAD","items_purchased":["Paper Frog"],"campfire_rested":0,"item_purchase_floors":[21],"current_hp_per_floor":[78,78,78,76,74,74,48,48,48,51,57,57,50,50,50,22,66,73,73,73,73,79,79,80,86,86,93,94,72,82,63,75,3,3],"gold":359,"neow_bonus":"RANDOM_COLORLESS","is_daily":false,"chose_seed":false,"campfire_upgraded":6,"win_rate":0.0,"timestamp":1608620272,"path_taken":["M","?","?","M","?","R","E","R","T","E","M","?","?","E","R","BOSS","M","?","?","$","M","R","?","M","T","?","R","M","E","M","R","BOSS"],"items_purchased_type":["Relic"],"build_version":"2020-12-13","purchased_purges":1,"victory":false,"max_hp_per_floor":[80,80,80,80,80,80,80,80,80,80,80,80,80,80,80,80,80,83,83,83,83,83,83,83,87,87,94,94,98,106,106,106,106,106],"card_choices":[{"not_picked":["Jack Of All Trades","PanicButton"],"picked":"Dramatic Entrance","floor":0.0},{"not_picked":["Clash","Cleave"],"picked":"Spot Weakness","floor":1.0},{"not_picked":["Pommel Strike","True Grit","Clothesline"],"picked":"SKIP","floor":4.0},{"not_picked":["Dropkick","Shrug It Off"],"picked":"Pummel","floor":5.0},{"not_picked":["Warcry","Armaments"],"picked":"Infernal Blade","floor":7.0},{"not_picked":["Inflame","Body Slam","Feel No Pain"],"picked":"SKIP","floor":10.0},{"not_picked":["Rupture","Cleave"],"picked":"Rage","floor":11.0},{"not_picked":["Headbutt","Clothesline","True Grit"],"picked":"SKIP","floor":14.0},{"not_picked":["Demon Form","Impervious","Fiend Fire"],"picked":"Feed","floor":16.0},{"not_picked":["Clothesline","Combust","Headbutt"],"picked":"Cleave+1","floor":18.0},{"not_picked":["Entrench+1","Armaments","Cleave"],"picked":"Shrug It Off","floor":22.0},{"not_picked":["Entrench","Burning Pact","Warcry+1","Body Slam"],"picked":"SKIP","floor":24.0},{"not_picked":["Twin Strike","Inflame","True Grit"],"picked":"Feed","floor":25.0},{"not_picked":["Headbutt+1","Perfected Strike","Fire Breathing","Pommel Strike"],"picked":"SKIP","floor":27.0},{"not_picked":["Warcry+1","Headbutt","Twin Strike"],"picked":"Iron Wave+1","floor":29.0},{"not_picked":["Anger+1","Fire Breathing","Headbutt+1"],"picked":"Offering","floor":30.0},{"not_picked":["Headbutt+1","Heavy Blade+1","Thunderclap+1","Wild Strike+1"],"picked":"SKIP","floor":31.0}],"player_experience":692201,"relics_obtained":[{"floor":2.0,"key":"Meat on the Bone"},{"floor":7.0,"key":"Mummified Hand"},{"floor":9.0,"key":"MawBank"},{"floor":10.0,"key":"Anchor"},{"floor":12.0,"key":"Omamori"},{"floor":14.0,"key":"Question Card"},{"floor":26.0,"key":"Eternal Feather"},{"floor":30.0,"key":"Molten Egg 2"}],"event_choices":[{"damage_healed":0.0,"max_hp_gain":0.0,"max_hp_loss":0.0,"gold_gain":0.0,"event_name":"Upgrade Shrine","player_choice":"Upgraded","floor":3.0,"gold_loss":0.0,"damage_taken":0.0,"cards_upgraded":["Spot Weakness"]},{"damage_healed":0.0,"max_hp_gain":0.0,"max_hp_loss":0.0,"gold_gain":0.0,"event_name":"Scrap Ooze","player_choice":"Success","floor":13.0,"gold_loss":0.0,"damage_taken":7.0,"relics_obtained":["Bag of Preparation"]},{"damage_healed":0.0,"max_hp_gain":0.0,"max_hp_loss":0.0,"gold_gain":0.0,"event_name":"Addict","player_choice":"Obtained Relic","floor":19.0,"gold_loss":85.0,"damage_taken":0.0,"relics_obtained":["Letter Opener"]},{"damage_healed":0.0,"max_hp_gain":0.0,"max_hp_loss":0.0,"gold_gain":99.0,"event_name":"Nest","player_choice":"Stole From Cult","floor":20.0,"gold_loss":0.0,"damage_taken":0.0}],"is_beta":false,"boss_relics":[{"not_picked":["Runic Dome","Pandora\u0027s Box"],"picked":"Sozu"}],"items_purged_floors":[21],"is_endless":false,"potions_floor_spawned":[11,14,16,24,25,30],"killed_by":"Collector","ascension_level":7}}