{"host":"t0dvmwh9w61bq0j7","time":1608658492,"event":{"mods":["2.2 Compatiblity","AchievementEnabler","BaseMod","Better Note","Block Reminder","Colored Map","DeckTracker","Highlight Path","Jorbs\u0027s Wanderer Trilogy","Minty Spire (QoL Compilation)","Random Character Button","Rare Cards Sparkle","Relic Stats","Spicy Shops","StSLib","The Cursed","The Hierophant","The Judge","TheVacant","Transform Curses"],"gold_per_floor":[116,116,132,132,150,150,181,181,204,204,41,70,83,83,83,182,182,202,202,222,222,222,222,255,255,255,270,302,319,319,332,332,430,480,493,543,561,571,571,571,582,582,633,666,666,666],"floor_reached":45,"playtime":1985,"items_purged":[],"score":516,"play_id":"c84d8a64-8a41-4e65-ab8c-d1b744a1c66f","local_time":"20201222183452","is_ascension_mode":false,"campfire_choices":[{"floor":6.0,"key":"RECALL"},{"floor":8.0,"key":"REST"},{"data":"Apotheosis","floor":10.0,"key":"SMITH"},{"floor":15,"key":"REST"},{"data":"TheCursedMod:OutForBlood","floor":23,"key":"SMITH"},{"floor":30,"key":"REST"},{"floor":32,"key":"REST"},{"floor":40,"key":"REST"}],"circlet_count":0,"master_deck":["TheCursedMod:Strike_TheCursed","TheCursedMod:Strike_TheCursed","TheCursedMod:Strike_TheCursed","TheCursedMod:Defend_TheCursed","TheCursedMod:Defend_TheCursed","TheCursedMod:Defend_TheCursed","TheCursedMod:Defend_TheCursed","TheCursedMod:CursedWand","TheCursedMod:CleanUpWorkshop","TheCursedMod:Dregs","WordoMod:Accursed","Apotheosis+1","TheCursedMod:SpitefulStrike","TheCursedMod:CircleOfCorruption","TheCursedMod:ReleasedKnowledge","Master of Strategy+1","TheCursedMod:Hemoplague","TheCursedMod:TacticalStrike","TheCursedMod:OutForBlood+1","TheCursedMod:Stigma","TheCursedMod:VitalStrike","TheCursedMod:LuckyCharm","Master of Strategy","TheCursedMod:CircleOfCorruption+1","TheCursedMod:LuckyCharm","TheCursedMod:DemonSword","TheCursedMod:Mangle","TheCursedMod:CursedBlade+1","TheCursedMod:SurpriseAttack","Mayhem","TheCursedMod:SurpriseAttack","TheCursedMod:EmpowerCircles+1"],"relics":["TheCursedMod:BlackMagic101","Juzu Bracelet","Vajra","Happy Flower","White Beast Statue","TheCursedMod:OminousMark","Mango","Tiny Chest","Gremlin Horn","Tiny House","Prayer Wheel","Pear","Art of War","Regal Pillow"],"acts_visited":["Exordium","TheCity","TheBeyond"],"potions_floor_usage":[20,20,24,28,29,33,35,37,38,44,45,45],"damage_taken":[{"damage":3.0,"enemies":"Jaw Worm","floor":1.0,"turns":4.0},{"damage":0.0,"enemies":"2 Louse","floor":3.0,"turns":2.0},{"damage":7.0,"enemies":"Small Slimes","floor":5.0,"turns":3.0},{"damage":28.0,"enemies":"Gremlin Nob","floor":7.0,"turns":4.0},{"damage":10,"enemies":"3 Sentries","floor":12,"turns":5},{"damage":3,"enemies":"2 Fungi Beasts","floor":13,"turns":3},{"damage":32,"enemies":"Slime Boss","floor":16,"turns":5},{"damage":0,"enemies":"Chosen","floor":18,"turns":4},{"damage":7,"enemies":"Spheric Guardian","floor":20,"turns":3},{"damage":36,"enemies":"Book of Stabbing","floor":24,"turns":5},{"damage":6,"enemies":"Snake Plant","floor":27,"turns":4},{"damage":22,"enemies":"Slavers","floor":28,"turns":4},{"damage":4,"enemies":"3 Cultists","floor":29,"turns":3},{"damage":2,"enemies":"Chosen and Byrds","floor":31,"turns":3},{"damage":36,"enemies":"Collector","floor":33,"turns":7},{"damage":0,"enemies":"Orb Walker","floor":35,"turns":3},{"damage":3,"enemies":"Mind Bloom Boss Battle","floor":36,"turns":3},{"damage":26,"enemies":"3 Shapes","floor":37,"turns":3},{"damage":10,"enemies":"Maw","floor":38,"turns":6},{"damage":4,"enemies":"Transient","floor":41,"turns":5},{"damage":60,"enemies":"Reptomancer","floor":44,"turns":5},{"damage":30,"enemies":"Spire Growth","floor":45,"turns":3}],"seed_played":"-6724651934096283613","potions_obtained":[{"floor":5.0,"key":"Fire Potion"},{"floor":7.0,"key":"PowerPotion"},{"floor":13,"key":"Weak Potion"},{"floor":20,"key":"PowerPotion"},{"floor":24,"key":"CultistPotion"},{"floor":27,"key":"Fire Potion"},{"floor":28,"key":"FearPotion"},{"floor":29,"key":"Strength Potion"},{"floor":33,"key":"Block Potion"},{"floor":35,"key":"Explosive Potion"},{"floor":37,"key":"TheCursedMod:DregsPotion"},{"floor":38,"key":"Swift Potion"},{"floor":44,"key":"PowerPotion"}],"is_trial":false,"path_per_floor":["M","?","M","?","M","R","E","R","T","R","$","E","M","?","R","B",null,"M","?","M","T","?","R","E","?","T","M","E","M","R","M","R","B",null,"M","?","M","M","?","R","M","T","T","E","M"],"character_chosen":"THE_CURSED","items_purchased":["Master of Strategy"],"campfire_rested":5,"item_purchase_floors":[11],"current_hp_per_floor":[72,65,65,65,58,58,30,52,52,52,52,42,39,39,61,29,75,75,75,68,82,82,82,46,46,46,40,18,14,40,38,64,28,94,94,91,65,55,55,83,79,89,89,29,0,0],"gold":666,"neow_bonus":"RANDOM_COLORLESS_2","is_daily":false,"chose_seed":false,"campfire_upgraded":2,"win_rate":0.0,"timestamp":1608658492,"path_taken":["M","?","M","?","M","R","E","R","T","R","$","E","M","?","R","BOSS","M","?","M","?","?","R","E","?","T","M","E","M","R","M","R","BOSS","M","?","M","M","?","R","M","?","T","E","M"],"items_purchased_type":["Card"],"build_version":"2020-12-13","purchased_purges":0,"victory":false,"max_hp_per_floor":[75,75,75,75,75,75,75,75,75,75,75,75,75,75,75,75,75,75,75,75,89,89,89,89,89,89,89,89,89,89,89,89,89,94,94,94,94,94,94,94,94,104,104,104,104,104],"relic_stats":{"Regal Pillow":0,"Happy Flower":[24],"Gremlin Horn":[10,10],"counters":[22,87],"Tiny Chest":1,"Prayer Wheel":3,"Juzu Bracelet":1,"Art of War":[0],"obtain_stats":[{"TheCursedMod:BlackMagic101":0,"Regal Pillow":44,"Tiny House":34,"Pear":42,"Happy Flower":9,"Gremlin Horn":28,"Vajra":7,"Mango":21,"Juzu Bracelet":4,"White Beast Statue":12,"TheCursedMod:OminousMark":17,"Tiny Chest":24,"Prayer Wheel":36,"Art of War":43},{"TheCursedMod:BlackMagic101":0,"Regal Pillow":21,"Tiny House":15,"Pear":20,"Happy Flower":4,"Gremlin Horn":12,"Vajra":4,"Mango":9,"Juzu Bracelet":2,"White Beast Statue":5,"TheCursedMod:OminousMark":7,"Tiny Chest":10,"Prayer Wheel":17,"Art of War":20},{"TheCursedMod:BlackMagic101":0,"Regal Pillow":84,"Tiny House":59,"Pear":79,"Happy Flower":13,"Gremlin Horn":46,"Vajra":13,"Mango":33,"Juzu Bracelet":6,"White Beast Statue":18,"TheCursedMod:OminousMark":26,"Tiny Chest":38,"Prayer Wheel":65,"Art of War":79}]},"card_choices":[{"not_picked":["Panache","Magnetism"],"picked":"Apotheosis","floor":0.0},{"not_picked":["TheCursedMod:Evocation","TheCursedMod:Wield"],"picked":"TheCursedMod:SpitefulStrike","floor":1.0},{"not_picked":["TheCursedMod:SoulCrush","TheCursedMod:SmokeScreen","TheCursedMod:CursedShiv"],"picked":"SKIP","floor":3.0},{"not_picked":["TheCursedMod:VitalStrike","TheCursedMod:CursedAmulet"],"picked":"TheCursedMod:CircleOfCorruption","floor":5.0},{"not_picked":["TheCursedMod:CursedStaff","TheCursedMod:FleshFromBone"],"picked":"TheCursedMod:ReleasedKnowledge","floor":7.0},{"not_picked":["TheCursedMod:AshesToAshes","TheCursedMod:VitalStrike"],"picked":"TheCursedMod:Hemoplague","floor":12},{"not_picked":["TheCursedMod:ReleasedStrength","TheCursedMod:VoidForm"],"picked":"TheCursedMod:TacticalStrike","floor":13},{"not_picked":["TheCursedMod:UltimatePain","TheCursedMod:CursedRelics"],"picked":"TheCursedMod:OutForBlood","floor":16},{"not_picked":["TheCursedMod:FuryStrike+1","TheCursedMod:RavingStaff","TheCursedMod:CircleOfWindfury"],"picked":"SKIP","floor":18},{"not_picked":["TheCursedMod:RavingStaff","TheCursedMod:Obscuration"],"picked":"TheCursedMod:Stigma","floor":20},{"not_picked":["TheCursedMod:CursedArmor","TheCursedMod:RapidMovement"],"picked":"TheCursedMod:LuckyCharm","floor":24},{"not_picked":["TheCursedMod:CircleOfWindfury","TheCursedMod:Obscuration"],"picked":"TheCursedMod:CircleOfCorruption+1","floor":27},{"not_picked":["TheCursedMod:SaltUponWound+1","TheCursedMod:Obscuration","TheCursedMod:FleshFromBone+1"],"picked":"SKIP","floor":28},{"not_picked":["TheCursedMod:CircleOfWindfury","TheCursedMod:BloodBarrier","TheCursedMod:PrepareRite"],"picked":"SKIP","floor":29},{"not_picked":["TheCursedMod:ManaBullet","TheCursedMod:CircleOfAmplification"],"picked":"TheCursedMod:LuckyCharm","floor":31},{"not_picked":["TheCursedMod:ForbiddenAlchemy","TheCursedMod:Neurasthenia"],"picked":"TheCursedMod:DemonSword","floor":33},{"not_picked":["TheCursedMod:SaltUponWound","TheCursedMod:CircleOfWindfury+1"],"picked":"TheCursedMod:Mangle","floor":34},{"not_picked":["TheCursedMod:VitalStrike","TheCursedMod:SpitefulStrike","TheCursedMod:CircleOfCorruption+1"],"picked":"SKIP","floor":35},{"not_picked":["TheCursedMod:RavingStaff","TheCursedMod:CircleOfAmplification"],"picked":"TheCursedMod:CursedBlade+1","floor":36},{"not_picked":["TheCursedMod:TroublousMinions","TheCursedMod:SoulCrush"],"picked":"TheCursedMod:SurpriseAttack","floor":37},{"not_picked":["TheCursedMod:CursedMace","TheCursedMod:Hemoplague","TheCursedMod:EmpowerCircles"],"picked":"SKIP","floor":37},{"not_picked":["TheCursedMod:ReleasedKnowledge+1","TheCursedMod:ShockAndAwe","TheCursedMod:PrepareRite+1"],"picked":"SKIP","floor":38},{"not_picked":["TheCursedMod:FleshFromBone","TheCursedMod:CircleOfWindfury","TheCursedMod:CircleOfCorruption"],"picked":"SKIP","floor":38},{"not_picked":["Good Instincts","Secret Technique"],"picked":"Mayhem","floor":39},{"not_picked":["TheCursedMod:RavingStaff+1","TheCursedMod:FleshFromBone+1"],"picked":"TheCursedMod:SurpriseAttack","floor":41},{"not_picked":["TheCursedMod:ReleasedStrength+1","TheCursedMod:WearCloak+1","TheCursedMod:DoubleShield"],"picked":"SKIP","floor":41},{"not_picked":["TheCursedMod:AbyssShockwave","TheCursedMod:ManaCirculation"],"picked":"TheCursedMod:EmpowerCircles+1","floor":44}],"player_experience":304807,"relics_obtained":[{"floor":7.0,"key":"Vajra"},{"floor":9.0,"key":"Happy Flower"},{"floor":12,"key":"White Beast Statue"},{"floor":21,"key":"Mango"},{"floor":24,"key":"Tiny Chest"},{"floor":28,"key":"Gremlin Horn"},{"floor":36,"key":"Prayer Wheel"},{"floor":42,"key":"Pear"},{"floor":43,"key":"Art of War"},{"floor":44,"key":"Regal Pillow"}],"event_choices":[{"cards_removed":["TheCursedMod:Strike_TheCursed"],"damage_healed":0.0,"max_hp_gain":0.0,"max_hp_loss":0.0,"gold_gain":0.0,"event_name":"Golden Wing","player_choice":"Card Removal","floor":2.0,"gold_loss":0.0,"damage_taken":7.0},{"damage_healed":0.0,"max_hp_gain":0.0,"max_hp_loss":0.0,"gold_gain":0.0,"event_name":"Big Fish","player_choice":"Box","floor":4.0,"gold_loss":0.0,"damage_taken":0.0,"relics_obtained":["Juzu Bracelet"],"cards_obtained":["Regret"]},{"damage_healed":0,"gold_gain":0,"player_choice":"Ignored","damage_taken":0,"max_hp_gain":0,"max_hp_loss":0,"event_name":"Liars Game","floor":14,"gold_loss":0},{"damage_healed":0,"gold_gain":0,"player_choice":"Bought 0 Potions","damage_taken":0,"max_hp_gain":0,"max_hp_loss":0,"event_name":"The Woman in Blue","floor":19,"gold_loss":0},{"damage_healed":0,"gold_gain":0,"cards_transformed":["Regret"],"player_choice":"Transformed","damage_taken":0,"max_hp_gain":0,"max_hp_loss":0,"event_name":"Transmorgrifier","floor":22,"gold_loss":0,"cards_obtained":["TheCursedMod:VitalStrike"]},{"damage_healed":0,"gold_gain":0,"player_choice":"Copied","damage_taken":0,"max_hp_gain":0,"max_hp_loss":0,"event_name":"Duplicator","floor":25,"gold_loss":0,"cards_obtained":["Master of Strategy"]},{"damage_healed":0,"gold_gain":0,"player_choice":"Fight","damage_taken":0,"max_hp_gain":0,"max_hp_loss":0,"event_name":"MindBloom","floor":36,"gold_loss":0},{"damage_healed":0,"gold_gain":0,"player_choice":"Memory 1","damage_taken":0,"max_hp_gain":0,"max_hp_loss":0,"event_name":"SensoryStone","floor":39,"gold_loss":0}],"is_beta":false,"boss_relics":[{"not_picked":["Pandora\u0027s Box","Ectoplasm"],"picked":"TheCursedMod:OminousMark"},{"not_picked":["Runic Pyramid","Astrolabe"],"picked":"Tiny House"}],"items_purged_floors":[],"is_endless":false,"potions_floor_spawned":[5,7,13,16,18,20,24,27,28,29,31,33,35,36,37,38,41,44],"killed_by":"Spire Growth","ascension_level":0}}