{"host":"cvw9qspg8f691jio","time":1608661541,"event":{"mods":["BaseMod","Filter the Spire","Minty Spire (QoL Compilation)","Relic Stats","StSLib"],"gold_per_floor":[117,127,147,60,60,60,135,135,135],"floor_reached":8,"playtime":241,"items_purged":[],"score":87,"play_id":"7c2de1a0-9ea2-401f-a1bf-67fd3a404d5d","local_time":"20201222132541","is_ascension_mode":true,"campfire_choices":[{"data":"Crippling Poison","floor":6.0,"key":"SMITH"}],"circlet_count":0,"master_deck":["AscendersBane","Strike_G","Strike_G","Strike_G","Strike_G","Defend_G","Defend_G","Defend_G","Defend_G","Defend_G","Survivor","Neutralize","Crippling Poison+1","Flechettes","Backflip","Catalyst"],"relics":["Ring of the Snake","Calipers"],"acts_visited":["Exordium"],"potions_floor_usage":[8],"damage_taken":[{"damage":4.0,"enemies":"Jaw Worm","floor":1.0,"turns":5.0},{"damage":5.0,"enemies":"2 Louse","floor":2.0,"turns":3.0},{"damage":3.0,"enemies":"Small Slimes","floor":3.0,"turns":3.0},{"damage":17,"enemies":"3 Sentries","floor":8,"turns":4}],"seed_played":"918397233216253224","potions_obtained":[{"floor":1.0,"key":"CultistPotion"}],"is_trial":false,"path_per_floor":["M","M","M","$","?","R","?","E"],"character_chosen":"THE_SILENT","items_purchased":["Catalyst"],"campfire_rested":0,"item_purchase_floors":[4],"current_hp_per_floor":[40,35,32,32,25,25,14,0,0],"gold":135,"neow_bonus":"ONE_RARE_RELIC","is_daily":false,"chose_seed":false,"campfire_upgraded":1,"win_rate":0.0,"timestamp":1608661541,"path_taken":["M","M","M","$","?","R","?","E"],"items_purchased_type":["Card"],"build_version":"2020-12-13","purchased_purges":0,"victory":false,"max_hp_per_floor":[66,66,66,66,66,66,66,66,66],"relic_stats":{"counters":[4,15],"obtain_stats":[{"Calipers":0,"Ring of the Snake":0},{"Calipers":0,"Ring of the Snake":0},{"Calipers":0,"Ring of the Snake":0}],"Ring of the Snake":[8]},"card_choices":[{"not_picked":["Cloak And Dagger","Slice"],"picked":"Crippling Poison","floor":1.0},{"not_picked":["Blur","Underhanded Strike"],"picked":"Flechettes","floor":2.0},{"not_picked":["Accuracy","Terror"],"picked":"Backflip","floor":3.0}],"player_experience":460873,"relics_obtained":[],"event_choices":[{"cards_removed":["Strike_G"],"damage_healed":0.0,"max_hp_gain":0.0,"max_hp_loss":0.0,"gold_gain":0.0,"event_name":"Golden Wing","player_choice":"Card Removal","floor":5.0,"gold_loss":0.0,"damage_taken":7.0},{"damage_healed":0,"gold_gain":75,"player_choice":"Gather Gold","damage_taken":11,"max_hp_gain":0,"max_hp_loss":0,"event_name":"World of Goop","floor":7,"gold_loss":0}],"is_beta":false,"boss_relics":[],"items_purged_floors":[],"is_endless":false,"potions_floor_spawned":[1],"killed_by":"3 Sentries","ascension_level":18}}