{"host":"vumwfieg2b2mnrfl","time":1608660720,"event":{"mods":["AchievementEnabler","BaseMod","Minty Spire (QoL Compilation)","Rare Cards Sparkle","Relic Stats"],"gold_per_floor":[112,112,112,123,142,142,174,188,236,236,264,286,353,394,394,503,503,528,578,607,189,217,217,217,217],"floor_reached":24,"playtime":653,"items_purged":["Strike_R"],"score":312,"play_id":"72a3141a-0081-44de-8355-1ccc00c22a34","local_time":"20201222121200","is_ascension_mode":true,"campfire_choices":[{"data":"Bash","floor":6,"key":"SMITH"},{"data":"Bludgeon","floor":10,"key":"SMITH"},{"floor":15,"key":"REST"},{"floor":23,"key":"REST"}],"circlet_count":0,"master_deck":["AscendersBane","Strike_R","Strike_R","Strike_R","Strike_R","Defend_R","Defend_R","Defend_R","Defend_R","Bash+1","Bludgeon+1","Feel No Pain","Whirlwind","Hemokinesis","Pommel Strike","Disarm","Cleave","Shrug It Off","Reaper","Anger","Warcry+1","Barricade","Ghostly Armor"],"relics":["Burning Blood","CultistMask","Kunai","CeramicFish","Strawberry","SlaversCollar","Prayer Wheel"],"acts_visited":["Exordium","TheCity"],"potions_floor_usage":[14,21,22,24],"damage_taken":[{"damage":0,"enemies":"2 Louse","floor":1,"turns":2},{"damage":0,"enemies":"Cultist","floor":4,"turns":2},{"damage":12,"enemies":"Small Slimes","floor":5,"turns":2},{"damage":28,"enemies":"3 Sentries","floor":7,"turns":6},{"damage":7,"enemies":"2 Fungi Beasts","floor":8,"turns":3},{"damage":11,"enemies":"Red Slaver","floor":11,"turns":2},{"damage":7,"enemies":"Blue Slaver","floor":12,"turns":3},{"damage":26,"enemies":"Gremlin Nob","floor":14,"turns":4},{"damage":40,"enemies":"Slime Boss","floor":16,"turns":7},{"damage":8,"enemies":"3 Byrds","floor":18,"turns":7},{"damage":45,"enemies":"2 Thieves","floor":20,"turns":5},{"damage":24,"enemies":"Snake Plant","floor":22,"turns":2},{"damage":61,"enemies":"Book of Stabbing","floor":24,"turns":6}],"seed_played":"-7200829494130921857","potions_obtained":[{"floor":1,"key":"Dexterity Potion"},{"floor":4,"key":"LiquidBronze"},{"floor":11,"key":"Weak Potion"},{"floor":16,"key":"EssenceOfSteel"},{"floor":18,"key":"DuplicationPotion"}],"is_trial":false,"path_per_floor":["M","?","$","M","M","R","E","M","T","R","M","M","?","E","R","B",null,"M","?","M","$","M","R","E"],"character_chosen":"IRONCLAD","items_purchased":["Prayer Wheel","BloodPotion"],"campfire_rested":2,"item_purchase_floors":[21,21],"current_hp_per_floor":[78,78,78,80,74,74,52,51,51,51,46,45,45,32,58,24,71,69,69,30,47,30,56,0,0],"gold":217,"neow_bonus":"ONE_RANDOM_RARE_CARD","is_daily":false,"chose_seed":false,"campfire_upgraded":2,"win_rate":0.0,"timestamp":1608660720,"path_taken":["M","?","$","M","M","R","E","M","T","R","M","?","?","E","R","BOSS","M","?","M","$","M","R","E"],"items_purchased_type":["Relic","Potion"],"build_version":"2020-12-13","purchased_purges":1,"victory":false,"max_hp_per_floor":[80,80,80,80,80,80,80,80,80,80,80,80,80,87,87,87,87,87,87,87,87,87,87,87,87],"relic_stats":{"counters":[13,51],"CeramicFish":72,"Prayer Wheel":1,"Kunai":[11],"obtain_stats":[{"SlaversCollar":17,"CeramicFish":9,"Strawberry":14,"Prayer Wheel":21,"CultistMask":2,"Kunai":7,"Burning Blood":0},{"SlaversCollar":9,"CeramicFish":5,"Strawberry":8,"Prayer Wheel":11,"CultistMask":1,"Kunai":4,"Burning Blood":0},{"SlaversCollar":31,"CeramicFish":15,"Strawberry":24,"Prayer Wheel":43,"CultistMask":2,"Kunai":12,"Burning Blood":0}],"Burning Blood":68},"card_choices":[{"not_picked":["Pummel","Warcry"],"picked":"Feel No Pain","floor":1},{"not_picked":["Heavy Blade","Warcry"],"picked":"Whirlwind","floor":4},{"not_picked":["Infernal Blade","Thunderclap"],"picked":"Hemokinesis","floor":5},{"not_picked":["Iron Wave","Pummel"],"picked":"Pommel Strike","floor":7},{"not_picked":["Thunderclap","Warcry","Twin Strike"],"picked":"SKIP","floor":8},{"not_picked":["Thunderclap","Exhume"],"picked":"Disarm","floor":11},{"not_picked":["Intimidate","Twin Strike"],"picked":"Cleave","floor":12},{"not_picked":["Exhume","Anger"],"picked":"Shrug It Off","floor":14},{"not_picked":["Brutality","Fiend Fire"],"picked":"Reaper","floor":16},{"not_picked":["Iron Wave+1","Havoc"],"picked":"Anger","floor":18},{"not_picked":["Carnage","Havoc"],"picked":"Warcry+1","floor":20},{"not_picked":["Havoc","Twin Strike+1"],"picked":"Barricade","floor":22},{"not_picked":["Clothesline","Fire Breathing"],"picked":"Ghostly Armor","floor":22}],"player_experience":284028,"relics_obtained":[{"floor":7,"key":"Kunai"},{"floor":9,"key":"CeramicFish"},{"floor":14,"key":"Strawberry"}],"event_choices":[{"damage_healed":0,"gold_gain":0,"player_choice":"Trade","damage_taken":0,"relics_obtained":["CultistMask"],"max_hp_gain":0,"max_hp_loss":0,"event_name":"FaceTrader","floor":2,"gold_loss":0},{"damage_healed":0,"gold_gain":67,"player_choice":"Gained Gold","damage_taken":0,"max_hp_gain":0,"max_hp_loss":0,"event_name":"Golden Wing","floor":13,"gold_loss":0},{"damage_healed":0,"gold_gain":100,"player_choice":"Bet on Murderer","damage_taken":0,"max_hp_gain":0,"max_hp_loss":0,"event_name":"The Joust","floor":19,"gold_loss":50}],"is_beta":false,"boss_relics":[{"not_picked":["Velvet Choker","Empty Cage"],"picked":"SlaversCollar"}],"items_purged_floors":[21],"is_endless":false,"potions_floor_spawned":[1,4,11,16,18],"killed_by":"Book of Stabbing","ascension_level":10}}