{"host":"sav7uxregyirlf69","time":1608646804,"event":{"mods":["AchievementEnabler","BaseMod","Colored Map","DeckTracker","Keyboard Shortcuts","Minty Spire (QoL Compilation)","READ ME - Guardian Mod","StSLib","SuperFastMode"],"gold_per_floor":[119,139,139,149,149,149,183,183,207,250,250,200,48,62,62,190,190,205,229,229,154,172,206,218,218],"floor_reached":24,"playtime":430,"items_purged":["Strike_P"],"score":449,"play_id":"35b508b8-42fc-47ff-a1b8-f0a6a1ba2426","local_time":"20201222232004","is_ascension_mode":true,"campfire_choices":[{"data":"Eruption","floor":6.0,"key":"SMITH"},{"floor":11.0,"key":"REST"},{"data":"SignatureMove","floor":15,"key":"SMITH"}],"circlet_count":0,"master_deck":["AscendersBane","Strike_P","Defend_P","Defend_P","Defend_P","Defend_P","Eruption+1","Vigilance","FollowUp","Prostrate","SignatureMove+1","Halt","Devotion","Scrawl","ClearTheMind"],"relics":["PureWater","NeowsBlessing","Golden Idol","Omamori","Toy Ornithopter","Incense Burner","Lee\u0027s Waffle","Black Star","MawBank","White Beast Statue"],"acts_visited":["Exordium","TheCity"],"potions_floor_usage":[23],"damage_taken":[{"damage":0.0,"enemies":"Cultist","floor":1.0,"turns":1.0},{"damage":0.0,"enemies":"Small Slimes","floor":2.0,"turns":1.0},{"damage":0.0,"enemies":"2 Louse","floor":4.0,"turns":1.0},{"damage":38.0,"enemies":"Lagavulin","floor":7.0,"turns":6.0},{"damage":6.0,"enemies":"3 Sentries","floor":10.0,"turns":5.0},{"damage":0,"enemies":"Looter","floor":14,"turns":3},{"damage":0,"enemies":"Slime Boss","floor":16,"turns":4},{"damage":1,"enemies":"Chosen","floor":18,"turns":4},{"damage":0,"enemies":"Shell Parasite","floor":19,"turns":1},{"damage":18,"enemies":"Centurion and Healer","floor":22,"turns":6},{"damage":63,"enemies":"Slavers","floor":23,"turns":9},{"damage":2,"enemies":"Chosen and Byrds","floor":24,"turns":5}],"seed_played":"-8028536641045330488","potions_obtained":[{"floor":4.0,"key":"FearPotion"},{"floor":7.0,"key":"EssenceOfSteel"},{"floor":19,"key":"BlessingOfTheForge"},{"floor":22,"key":"SkillPotion"}],"is_trial":false,"path_per_floor":["M","M","?","M","?","R","E","?","T","E","R","?","$","M","R","B",null,"M","M","?","$","M","E","M"],"character_chosen":"WATCHER","items_purchased":["Lee\u0027s Waffle"],"campfire_rested":1,"item_purchase_floors":[13],"current_hp_per_floor":[65,65,65,65,47,47,9,9,9,8,29,29,79,79,79,79,79,78,78,78,78,60,2,0,0],"gold":218,"neow_bonus":"THREE_ENEMY_KILL","is_daily":false,"chose_seed":false,"campfire_upgraded":2,"win_rate":0.0,"timestamp":1608646804,"path_taken":["M","M","?","?","?","R","E","?","T","E","R","?","$","M","R","BOSS","M","M","?","?","?","E","M"],"items_purchased_type":["Relic"],"build_version":"2020-12-13","purchased_purges":1,"victory":false,"max_hp_per_floor":[72,72,72,72,72,72,72,72,72,72,72,72,79,79,79,79,79,79,79,79,79,79,79,79,79],"card_choices":[{"not_picked":["ClearTheMind","LikeWater","Perseverance"],"picked":"SKIP","floor":1.0},{"not_picked":["Consecrate","Prostrate"],"picked":"FollowUp","floor":2.0},{"not_picked":["Protect","Crescendo"],"picked":"Prostrate","floor":4.0},{"not_picked":["FlurryOfBlows","Vengeance"],"picked":"SignatureMove","floor":7.0},{"not_picked":["JustLucky","FollowUp"],"picked":"Halt","floor":10.0},{"not_picked":["SashWhip","JustLucky","Halt"],"picked":"SKIP","floor":14},{"not_picked":["Judgement","Blasphemy"],"picked":"Devotion","floor":16},{"not_picked":["ThirdEye","SashWhip","ClearTheMind+1"],"picked":"SKIP","floor":18},{"not_picked":["Crescendo","Prostrate","Consecrate"],"picked":"SKIP","floor":19},{"not_picked":["SashWhip+1","Protect"],"picked":"ClearTheMind","floor":22},{"not_picked":["Halt+1","FlyingSleeves+1","JustLucky+1"],"picked":"SKIP","floor":23}],"player_experience":992083,"relics_obtained":[{"floor":7.0,"key":"Omamori"},{"floor":9.0,"key":"Toy Ornithopter"},{"floor":10.0,"key":"Incense Burner"},{"floor":23,"key":"MawBank"},{"floor":23,"key":"White Beast Statue"}],"event_choices":[{"cards_removed":["Strike_P"],"damage_healed":0.0,"max_hp_gain":0.0,"max_hp_loss":0.0,"gold_gain":0.0,"event_name":"Purifier","player_choice":"Purged","floor":3.0,"gold_loss":0.0,"damage_taken":0.0},{"damage_healed":0.0,"max_hp_gain":0.0,"max_hp_loss":0.0,"gold_gain":0.0,"event_name":"Golden Idol","player_choice":"Take Damage","floor":5.0,"gold_loss":0.0,"damage_taken":18.0,"relics_obtained":["Golden Idol"]},{"damage_healed":0.0,"max_hp_gain":0.0,"max_hp_loss":0.0,"gold_gain":0.0,"event_name":"Liars Game","player_choice":"Ignored","floor":8.0,"gold_loss":0.0,"damage_taken":0.0},{"cards_removed":["Strike_P"],"damage_healed":0,"gold_gain":0,"player_choice":"Card Removal","damage_taken":0,"max_hp_gain":0,"max_hp_loss":0,"event_name":"The Cleric","floor":12,"gold_loss":50},{"damage_healed":0,"gold_gain":0,"player_choice":"Read","damage_taken":0,"max_hp_gain":0,"max_hp_loss":0,"event_name":"The Library","floor":20,"gold_loss":0,"cards_obtained":["Scrawl"]}],"is_beta":false,"boss_relics":[{"not_picked":["Astrolabe","Velvet Choker"],"picked":"Black Star"}],"items_purged_floors":[21],"is_endless":false,"potions_floor_spawned":[4,7,19,22],"killed_by":"Chosen and Byrds","ascension_level":10}}