{"host":"v0dnu0zs4qo0v13s","time":1608619328,"event":{"mods":["BaseMod","Colored Map","Colored Powertips","Minty Spire (QoL Compilation)","Relic Stats","StSLib","SuperFastMode","everything is the same but u backflip on backflip"],"gold_per_floor":[124,311,335,297,148,182,194,194,194,194,213,213,213,53,53,124,124,142,67,67,86,106,139,39,73,73,73,73,73,108,125,125,197,197,213,213,228,242,95,124,124,147,147,147,174,192,192,223,223,223],"floor_reached":51,"playtime":2852,"items_purged":["Defend_R","Strike_R"],"score":1749,"play_id":"ac2b85f8-8642-4ed5-b63c-1de18555aebc","local_time":"20201222014208","is_ascension_mode":true,"campfire_choices":[{"floor":10.0,"key":"REST"},{"data":"Feel No Pain","floor":13.0,"key":"SMITH"},{"floor":15.0,"key":"REST"},{"floor":28,"key":"REST"},{"data":"Fiend Fire","floor":32,"key":"SMITH"},{"data":"Corruption","floor":41,"key":"SMITH"},{"data":"Sentinel","floor":44,"key":"SMITH"},{"data":"Offering","floor":49,"key":"SMITH"}],"circlet_count":0,"master_deck":["AscendersBane","Strike_R","Strike_R","Defend_R","Defend_R","Defend_R","Bash","CurseOfTheBell","Sentinel+1","Second Wind","Feel No Pain+1","Corruption+1","Fiend Fire+1","Burning Pact","Offering+1","Disarm","Seeing Red","Juggernaut+1","Blind","Trip","Fiend Fire+1","Juggernaut+1","Disarm+1","Rage+1"],"relics":["Calling Bell","MawBank","Mummified Hand","Dead Branch","Bird Faced Urn","WingedGreaves","Philosopher\u0027s Stone","Blood Vial","Oddly Smooth Stone","FossilizedHelix","Enchiridion","Lantern","Frozen Egg 2","Coffee Dripper","DollysMirror","Pear","Boot","Torii","Juzu Bracelet","Blue Candle"],"acts_visited":["Exordium","TheCity","TheBeyond"],"potions_floor_usage":[18,30,50],"damage_taken":[{"damage":0.0,"enemies":"2 Louse","floor":1.0,"turns":4.0},{"damage":12.0,"enemies":"Jaw Worm","floor":3.0,"turns":2.0},{"damage":21.0,"enemies":"3 Sentries","floor":6.0,"turns":8.0},{"damage":10.0,"enemies":"Small Slimes","floor":7.0,"turns":4.0},{"damage":14.0,"enemies":"Exordium Wildlife","floor":11.0,"turns":5.0},{"damage":6.0,"enemies":"Slime Boss","floor":16.0,"turns":10.0},{"damage":0,"enemies":"3 Byrds","floor":18,"turns":3},{"damage":0,"enemies":"Spheric Guardian","floor":21,"turns":3},{"damage":0,"enemies":"Snecko","floor":22,"turns":3},{"damage":34,"enemies":"Gremlin Leader","floor":23,"turns":4},{"damage":6,"enemies":"Slavers","floor":25,"turns":1},{"damage":0,"enemies":"Gremlin Leader","floor":30,"turns":1},{"damage":0,"enemies":"Snake Plant","floor":31,"turns":2},{"damage":12,"enemies":"Champ","floor":33,"turns":6},{"damage":15,"enemies":"3 Shapes","floor":35,"turns":3},{"damage":6,"enemies":"Orb Walker","floor":37,"turns":3},{"damage":3,"enemies":"4 Shapes","floor":38,"turns":3},{"damage":3,"enemies":"Giant Head","floor":40,"turns":1},{"damage":0,"enemies":"Nemesis","floor":45,"turns":1},{"damage":0,"enemies":"Transient","floor":46,"turns":2},{"damage":12,"enemies":"Giant Head","floor":48,"turns":1},{"damage":37,"enemies":"Donu and Deca","floor":50,"turns":4}],"seed_played":"3931594701583160287","potions_obtained":[{"floor":3.0,"key":"Strength Potion"},{"floor":6.0,"key":"LiquidBronze"},{"floor":22,"key":"AttackPotion"},{"floor":23,"key":"Ancient Potion"},{"floor":30,"key":"BlessingOfTheForge"},{"floor":33,"key":"FairyPotion"},{"floor":37,"key":"PowerPotion"}],"is_trial":false,"path_per_floor":["M","?","M","?","$","E","M","?","T","R","M","?","R","$","R","B",null,"M","?","$","M","M","E","$","E","T","?","R","?","E","M","R","B",null,"M","?","M","M","$","E","R","T","T","R","E","M","?","E","R","B",null],"character_chosen":"IRONCLAD","items_purchased":["Feel No Pain","Block Potion","Corruption","DollysMirror"],"campfire_rested":3,"item_purchase_floors":[5,5,14,39],"current_hp_per_floor":[68,68,56,56,56,35,29,29,29,51,39,39,39,39,61,63,72,75,75,75,75,75,47,47,51,51,35,57,57,65,67,67,63,72,66,56,60,65,65,82,82,82,82,82,85,85,81,75,75,54],"gold":223,"neow_bonus":"BOSS_RELIC","is_daily":false,"chose_seed":false,"campfire_upgraded":5,"win_rate":0.0,"timestamp":1608619328,"path_taken":["M","?","M","?","$","E","M","?","T","R","M","?","R","$","R","BOSS","M","?","$","M","M","E","$","E","T","?","R","?","E","M","R","BOSS","M","?","M","M","$","E","R","?","T","R","E","M","?","E","R","BOSS"],"items_purchased_type":["Card","Potion","Card","Relic"],"build_version":"2020-12-13","purchased_purges":2,"victory":true,"max_hp_per_floor":[75,75,75,75,75,75,75,75,75,75,75,75,75,75,75,75,75,75,75,75,75,75,75,75,75,75,75,75,75,75,75,75,75,75,75,75,75,75,75,85,85,85,85,85,85,85,81,81,81,81],"relic_stats":{"Blood Vial":20,"Torii":1,"counters":[22,74],"Mummified Hand":[103],"Dead Branch":[456],"Bird Faced Urn":[93],"Blue Candle":[0],"Juzu Bracelet":0,"MawBank":60,"Boot":[0],"obtain_stats":[{"Lantern":29,"Pear":40,"Torii":43,"Dead Branch":0,"Blue Candle":48,"Oddly Smooth Stone":25,"Enchiridion":27,"Juzu Bracelet":45,"Frozen Egg 2":30,"MawBank":0,"Boot":42,"Burning Blood":0,"Calling Bell":0,"Blood Vial":23,"Mummified Hand":0,"DollysMirror":39,"Bird Faced Urn":6,"Philosopher\u0027s Stone":17,"WingedGreaves":9,"Coffee Dripper":34,"FossilizedHelix":26},{"Lantern":11,"Pear":18,"Torii":18,"Dead Branch":0,"Blue Candle":21,"Oddly Smooth Stone":11,"Enchiridion":11,"Juzu Bracelet":19,"Frozen Egg 2":12,"MawBank":0,"Boot":18,"Burning Blood":0,"Calling Bell":0,"Blood Vial":10,"Mummified Hand":0,"DollysMirror":17,"Bird Faced Urn":3,"Philosopher\u0027s Stone":6,"WingedGreaves":4,"Coffee Dripper":14,"FossilizedHelix":11},{"Lantern":47,"Pear":66,"Torii":66,"Dead Branch":0,"Blue Candle":70,"Oddly Smooth Stone":47,"Enchiridion":47,"Juzu Bracelet":67,"Frozen Egg 2":48,"MawBank":0,"Boot":66,"Burning Blood":0,"Calling Bell":0,"Blood Vial":46,"Mummified Hand":0,"DollysMirror":65,"Bird Faced Urn":14,"Philosopher\u0027s Stone":33,"WingedGreaves":18,"Coffee Dripper":56,"FossilizedHelix":47}]},"card_choices":[{"not_picked":["Sword Boomerang","Twin Strike"],"picked":"Sentinel","floor":1.0},{"not_picked":["Dual Wield","Headbutt"],"picked":"Second Wind","floor":3.0},{"not_picked":["Headbutt","Rampage","Entrench"],"picked":"SKIP","floor":6.0},{"not_picked":["Iron Wave","Dark Embrace","Havoc"],"picked":"SKIP","floor":7.0},{"not_picked":["Spot Weakness","Anger","Body Slam"],"picked":"SKIP","floor":11.0},{"not_picked":["Feed","Offering"],"picked":"Fiend Fire","floor":16.0},{"not_picked":["Dark Embrace","Sword Boomerang","Flex"],"picked":"SKIP","floor":18},{"not_picked":["Sword Boomerang","Perfected Strike"],"picked":"Burning Pact","floor":21},{"not_picked":["Headbutt","Body Slam","True Grit"],"picked":"SKIP","floor":22},{"not_picked":["Headbutt","Body Slam","True Grit"],"picked":"SKIP","floor":22},{"not_picked":["Pummel","Armaments"],"picked":"Offering","floor":23},{"not_picked":["Clash","Flame Barrier"],"picked":"Disarm","floor":25},{"not_picked":["Battle Trance","Combust+1","Armaments"],"picked":"SKIP","floor":30},{"not_picked":["Clash","Ghostly Armor"],"picked":"Seeing Red","floor":31},{"not_picked":["Immolate","Corruption+1"],"picked":"Juggernaut+1","floor":33},{"not_picked":["Dual Wield","Clothesline","True Grit"],"picked":"SKIP","floor":35},{"not_picked":["Thinking Ahead","Secret Technique"],"picked":"Blind","floor":36},{"not_picked":["Swift Strike","Metamorphosis"],"picked":"Trip","floor":36},{"not_picked":["Clash","Iron Wave","Anger"],"picked":"SKIP","floor":37},{"not_picked":["Clash","Iron Wave","Anger"],"picked":"SKIP","floor":37},{"not_picked":["Perfected Strike","Battle Trance","Cleave"],"picked":"SKIP","floor":38},{"not_picked":["Clothesline","Perfected Strike+1"],"picked":"Juggernaut+1","floor":40},{"not_picked":["Rampage+1","Wild Strike","Warcry"],"picked":"SKIP","floor":45},{"not_picked":["Thunderclap","Havoc"],"picked":"Disarm+1","floor":46},{"not_picked":["Headbutt+1","Power Through"],"picked":"Rage+1","floor":48}],"player_experience":633291,"relics_obtained":[{"floor":0.0,"key":"MawBank"},{"floor":0.0,"key":"Mummified Hand"},{"floor":0.0,"key":"Dead Branch"},{"floor":6.0,"key":"Bird Faced Urn"},{"floor":9.0,"key":"WingedGreaves"},{"floor":23,"key":"Blood Vial"},{"floor":25,"key":"Oddly Smooth Stone"},{"floor":26,"key":"FossilizedHelix"},{"floor":27,"key":"Enchiridion"},{"floor":30,"key":"Frozen Egg 2"},{"floor":40,"key":"Pear"},{"floor":42,"key":"Boot"},{"floor":43,"key":"Torii"},{"floor":45,"key":"Juzu Bracelet"},{"floor":48,"key":"Blue Candle"}],"event_choices":[{"damage_healed":0.0,"max_hp_gain":0.0,"max_hp_loss":0.0,"gold_gain":175.0,"event_name":"Liars Game","player_choice":"AGREE","floor":2.0,"gold_loss":0.0,"damage_taken":0.0,"cards_obtained":["Doubt"]},{"cards_removed":["Doubt"],"damage_healed":0.0,"max_hp_gain":0.0,"max_hp_loss":0.0,"gold_gain":0.0,"event_name":"The Cleric","player_choice":"Card Removal","floor":4.0,"gold_loss":50.0,"damage_taken":0.0},{"damage_healed":0.0,"max_hp_gain":0.0,"max_hp_loss":0.0,"gold_gain":0.0,"event_name":"Shining Light","player_choice":"Ignored","floor":8.0,"gold_loss":0.0,"damage_taken":0.0},{"cards_removed":["Strike_R"],"damage_healed":0.0,"max_hp_gain":0.0,"max_hp_loss":0.0,"gold_gain":0.0,"event_name":"Living Wall","player_choice":"Forget","floor":12.0,"gold_loss":0.0,"damage_taken":0.0},{"cards_removed":["Strike_R"],"damage_healed":0,"gold_gain":0,"player_choice":"Gave Gold","damage_taken":0,"max_hp_gain":0,"max_hp_loss":0,"event_name":"Beggar","floor":19,"gold_loss":75},{"damage_healed":0,"gold_gain":0,"player_choice":"Obtained Book","damage_taken":16,"max_hp_gain":0,"max_hp_loss":0,"event_name":"Cursed Tome","floor":27,"gold_loss":0},{"damage_healed":0,"gold_gain":0,"player_choice":"Opened","damage_taken":0,"relics_obtained":["Lantern"],"max_hp_gain":0,"max_hp_loss":0,"event_name":"The Mausoleum","floor":29,"gold_loss":0},{"damage_healed":0,"gold_gain":0,"player_choice":"Memory 3","damage_taken":10,"max_hp_gain":0,"max_hp_loss":0,"event_name":"SensoryStone","floor":36,"gold_loss":0},{"damage_healed":0,"gold_gain":0,"player_choice":"Max HP","damage_taken":0,"max_hp_gain":0,"max_hp_loss":4,"event_name":"Winding Halls","floor":47,"gold_loss":0}],"is_beta":false,"boss_relics":[{"not_picked":["Ectoplasm","Velvet Choker"],"picked":"Philosopher\u0027s Stone"},{"not_picked":["Busted Crown","Runic Cube"],"picked":"Coffee Dripper"}],"items_purged_floors":[5,24],"is_endless":false,"potions_floor_spawned":[3,6,7,22,23,30,33,37,38,48],"ascension_level":14}}