{"host":"hfvpa4llnnjpeawn","time":1608598757,"event":{"mods":["2.2 Compatiblity","AchievementEnabler","Act Like it!","Aspiration","Bard","BaseMod","Beaked The Cultist","Better Sensory Stone","Better Skull","Better Third Choice","BetterRewards","CapriCore","Conspire","Downfall","Elementarium","Energized Spire","Hubris","Infinite Spire","Jorbs\u0027s Wanderer Trilogy","Lobotomy","LobotomyExtend","Minty Spire (QoL Compilation)","Replay The Spire","Shade Mod","Spicy Shops","StSLib","The Bladedancer","The Factory","The Gatherer","The Jungle","Waifu the Spire","Wandering Minibosses"],"gold_per_floor":[210,224,241,10,21,48,48,48,74,108,119,158,158,180,180,295,295,314,67,109,109,125,125,157,52,52,77,77,128,128,128,128,254,254,271,299,439,70,70,70,70,88,88,115,115,18,18,47,47,158,158,161,163,35,35,37,53,53,53,53,59,73,73,73,73,73,139,139,145,145,145,145,145,145,67,90,140,156,156,183,274,281,281,356,356,357,357,357,357,68,147,147,173,245,245,27,27,27,27,27,127,127,179,179,189,201,195,205,205,217,217,216,231,231,247,257,257,260,260],"floor_reached":118,"playtime":6658,"items_purged":["conspire:Blindness"],"score":2369,"play_id":"61e9df4c-caa6-4fbb-91e3-8721aabc75a5","local_time":"20201221195917","is_ascension_mode":true,"campfire_choices":[{"floor":7,"key":"REST"},{"floor":15,"key":"REST"},{"floor":23,"key":"REST"},{"floor":28,"key":"REST"},{"floor":30,"key":"REST"},{"floor":41,"key":"REST"},{"floor":49,"key":"REST"},{"data":"Envenom","floor":59,"key":"SMITH"},{"data":"ReplayTheSpireMod:Scrap Shanks","floor":63,"key":"SMITH"},{"data":"expansioncontent:Torchfire","floor":66,"key":"SMITH"},{"data":"After Image","floor":74,"key":"SMITH"},{"floor":79,"key":"REST"},{"floor":83,"key":"REST"},{"floor":92,"key":"RECALL"},{"floor":98,"key":"REST"},{"floor":100,"key":"DIG"},{"data":"A Thousand Cuts","floor":109,"key":"SMITH"},{"data":"conspire:Blindness","floor":117,"key":"PURGE"}],"circlet_count":0,"master_deck":["Strike_G+1","Strike_G+1","Strike_G+1","Strike_G+1","Defend_G+1","Defend_G+1","Defend_G+1","Survivor+1","Neutralize+1","Sucker Punch+1","Backflip+1","Accuracy+1","conspire:PoisonWeapons+1","ReplayTheSpireMod:Tripwire+1","Footwork+1","Cloak And Dagger+1","Die Die Die+1","Draining Mist+1","Outmaneuver+1","Slice+1","Deadly Poison+1","Terror+1","Bane+1","hubris:Sniper+1","Sneak Up+1","Tools of the Trade+1","Poison Darts+1","hubris:Disease","conspire:DoublingDagger+1","After Image+1","infinitespire:FinalStrike+1","Bouncing Flask+1","Pride","ReplayTheSpireMod:Scrap Shanks+1","ReplayTheSpireMod:Necrosis+1","Catalyst+1","Bouncing Flask+1","Sneak Up+1","ReplayTheSpireMod:Black Plague+1","Cloak And Dagger+1","Envenom+1","Writhe","conspire:PoisonWeapons+1","Replay:Poison Smokescreen+1","Apotheosis+1","expansioncontent:Torchfire+1","After Image+1","Slice+1","Choke+1","hubris:Sloth","Normality","Night Terror+1","hubris:Sniper+1","Guardian:Aged","conspire:PoisonWeapons+1","stsjorbsmod:Amnesia","Slice","A Thousand Cuts+1","Abandon+1","Machine Learning+1","Decay"],"relics":["m_ChordRing","Lantern","LetterFromLob","infinitespire:Midas Blood","Bag of Preparation","Toxic Egg 2","Lizard Tail","conspire:SpecialSausage","hubris:64BitClover","Blue Doll","Vampiric Spirits","ReplayTheSpireMod:Ring of Collecting","Ring of Fangs","StoneCalendar","Regal Pillow","ReplayTheSpireMod:Ring of Addiction","Toy Ornithopter","White Beast Statue","WingedGreaves","Elementarium:ElementariumTrophy","Replay:Ancient Bell","aspiration:ChemicalBlood","Darkstone Periapt","conspire:GiftBox","Byrd Skull","hubris:SphereOfDissonance","Chameleon Ring","conspire:Boomerang","Paper Crane","ReplayTheSpireMod:Shallot","conspire:RunicOctahedron","Ornamental Fan","ReplayTheSpireMod:CursedCoin","Ninja Scroll","Replay:Mystery Machine","Ring of Panic","Iron Hammer","Happy Flower","conspire:TreasureMap","Incense Burner","Ring of Greed","Pear","Smiling Mask","hubris:MobiusCoin","aspiration:HummingbirdHeart","Bag of Marbles","Gaze_r","MealTicket","hubris:Backtick","Snake Skull","Mark of the Bloom","aspiration:SeaSaltIceCream","downfall:HeartsMalice","aspiration:VileToxins","Gremlin Food","ReplayTheSpireMod:Ring of Exchange","conspire:Flyswatter","hubris:Towel","Juzu Bracelet","infinitespire:Beetle Shell","Guide Book","infinitespire:Cubic Diamond","Snack Pack","Replay:WaspNest","Nunchaku","Ring of Hypnosis","conspire:TopHat","ReplayFunnel","infinitespire:PuzzleCube","Peace Pipe"],"acts_visited":["Exordium","Exordium","TheBeyond","Exordium","Exordium","TheBeyond","Exordium"],"potions_floor_usage":[10,10,11,18,18,24,29,29,36,36,37,37,37,42,42,42,44,48,50,50,50,57,57,57,57,57,57,57,57,62,67,67,67,78,78,81,82,84,84,84,86,107,118],"damage_taken":[{"damage":7,"enemies":"Cultist","floor":1,"turns":4},{"damage":3,"enemies":"Jaw Worm","floor":2,"turns":4},{"damage":4,"enemies":"Small Slimes","floor":3,"turns":3},{"damage":0,"enemies":"Blue Slaver","floor":5,"turns":6},{"damage":18,"enemies":"Gremlin Nob","floor":6,"turns":4},{"damage":10,"enemies":"Lagavulin","floor":10,"turns":11},{"damage":0,"enemies":"2 Fungi Beasts","floor":11,"turns":5},{"damage":19,"enemies":"3 Sentries","floor":12,"turns":8},{"damage":9,"enemies":"Large Slime","floor":14,"turns":6},{"damage":59,"enemies":"Fading Forest","floor":16,"turns":11},{"damage":11,"enemies":"Elementarium:VoidCorruption","floor":18,"turns":5},{"damage":29,"enemies":"Book of Stabbing","floor":20,"turns":5},{"damage":7,"enemies":"Elementarium:2_ELEMENTALS","floor":22,"turns":4},{"damage":15,"enemies":"Elementarium:WarGolem","floor":24,"turns":3},{"damage":7,"enemies":"Elementarium:STONE_GOLEMS","floor":27,"turns":3},{"damage":47,"enemies":"Elementarium:FIRE_NOBILITY","floor":29,"turns":7},{"damage":47,"enemies":"Elementarium:GolemEmperor","floor":33,"turns":8},{"damage":12,"enemies":"Orb Walker","floor":35,"turns":4},{"damage":56,"enemies":"3 Darklings","floor":36,"turns":6},{"damage":25,"enemies":"infinitespire:Three Voidlings","floor":37,"turns":5},{"damage":58,"enemies":"Nightmare_Alpha","floor":37,"turns":7},{"damage":0,"enemies":"Jaw Worm Horde","floor":42,"turns":2},{"damage":42,"enemies":"Nemesis","floor":44,"turns":3},{"damage":25,"enemies":"4 Shapes","floor":48,"turns":3},{"damage":31,"enemies":"hubris:GrandSnecko","floor":50,"turns":6},{"damage":0,"enemies":"Jaw Worm","floor":52,"turns":2},{"damage":55,"enemies":"Nightmare","floor":57,"turns":4},{"damage":0,"enemies":"2 Louse","floor":61,"turns":2},{"damage":0,"enemies":"Lagavulin","floor":62,"turns":2},{"damage":0,"enemies":"Slime Boss","floor":67,"turns":5},{"damage":4,"enemies":"Elementarium:2_ELEMENTALS","floor":69,"turns":2},{"damage":0,"enemies":"Elementarium:MUD_AND_TAR_GOLEMS","floor":70,"turns":2},{"damage":0,"enemies":"Elementarium:FIRE_NOBILITY","floor":76,"turns":1},{"damage":37,"enemies":"Elementarium:ElementalPortal","floor":78,"turns":5},{"damage":0,"enemies":"conspire:MimicChest","floor":81,"turns":1},{"damage":5,"enemies":"Elementarium:RubyGolem","floor":82,"turns":3},{"damage":58,"enemies":"Elementarium:PHOENIXES","floor":84,"turns":8},{"damage":5,"enemies":"3 Shapes","floor":86,"turns":5},{"damage":0,"enemies":"Nemesis","floor":91,"turns":1},{"damage":0,"enemies":"Giant Head","floor":93,"turns":1},{"damage":0,"enemies":"Orb Walker","floor":97,"turns":1},{"damage":0,"enemies":"Replay:Hell Engine","floor":101,"turns":1},{"damage":0,"enemies":"2 Louse","floor":103,"turns":2},{"damage":0,"enemies":"Cultist","floor":105,"turns":3},{"damage":0,"enemies":"Small Slimes","floor":106,"turns":1},{"damage":0,"enemies":"Exordium Thugs","floor":107,"turns":2},{"damage":0,"enemies":"3 Sentries","floor":108,"turns":4},{"damage":0,"enemies":"Gremlin Nob","floor":110,"turns":3},{"damage":0,"enemies":"Large Slime","floor":112,"turns":4},{"damage":22,"enemies":"3 Sentries","floor":113,"turns":6},{"damage":0,"enemies":"Exordium Wildlife","floor":116,"turns":4},{"damage":189,"enemies":"Slime Boss","floor":118,"turns":18}],"seed_played":"5975704856675719252","potions_obtained":[{"floor":5,"key":"Doom Potion"},{"floor":6,"key":"Languid Potion"},{"floor":10,"key":"Swift Potion"},{"floor":14,"key":"sneckomod:MuddlingPotion"},{"floor":16,"key":"Cursed Concoction"},{"floor":22,"key":"Adrenaline Potion"},{"floor":24,"key":"Dexterity Potion"},{"floor":26,"key":"Poison Potion"},{"floor":26,"key":"BlessingOfTheForge"},{"floor":29,"key":"FairyPotion"},{"floor":33,"key":"FearPotion"},{"floor":35,"key":"Adrenaline Potion"},{"floor":37,"key":"Adrenaline Potion"},{"floor":42,"key":"CunningPotion"},{"floor":44,"key":"Energy Potion"},{"floor":48,"key":"Fire Potion"},{"floor":48,"key":"Poison Potion"},{"floor":50,"key":"SpeedPotion"},{"floor":52,"key":"SteroidPotion"},{"floor":57,"key":"Venom Potion"},{"floor":57,"key":"Strength Potion"},{"floor":61,"key":"Energy Potion"},{"floor":62,"key":"PowerPotion"},{"floor":67,"key":"SteroidPotion"},{"floor":69,"key":"AttackPotion"},{"floor":70,"key":"Explosive Potion"},{"floor":78,"key":"Energy Potion"},{"floor":82,"key":"ColorlessPotion"},{"floor":84,"key":"Explosive Potion"},{"floor":86,"key":"EssenceOfSteel"},{"floor":91,"key":"champ:CounterPotion"},{"floor":101,"key":"infinitespire:BlackPotion"},{"floor":106,"key":"LiquidBronze"},{"floor":107,"key":"champ:CounterPotion"},{"floor":118,"key":"Slimebound:ThreeZeroPotion"},{"floor":118,"key":"Explosive Potion"}],"is_trial":false,"path_per_floor":["M","M","M","$","M","E","R","?","T","E","M","E","M","M","R","B",null,"M","$","?","?","M","R","E","?","T","M","R","E","R","?","R","B",null,"M","M","?","$","?","?","R","M","T","E","?","$","AVR","M","R","B",null,"M","?","$","?","?","NM","?","R","T","M","E","R","?","?","R","B",null,"M","M","AVR","?","?","R","$","E","T","E","R","T","?","M","R","B",null,"M","?","?","?","$","E","R","E","T","?","$","M","R","AVR","R","B",null,"M","?","M","M","M","E","R","E","T","M","E","?","?","M","R","B"],"character_chosen":"THE_SILENT","items_purchased":["Lantern","conspire:PoisonWeapons","hubris:64BitClover","Blue Doll","hubris:SphereOfDissonance","Chameleon Ring","ReplayTheSpireMod:Scrap Shanks","Sneak Up+1","ReplayTheSpireMod:CursedCoin","Ninja Scroll","conspire:PoisonWeapons+1","conspire:TreasureMap","aspiration:SeaSaltIceCream","conspire:PoisonWeapons+1","Juzu Bracelet"],"campfire_rested":10,"item_purchase_floors":[4,4,19,19,38,38,38,46,54,54,54,75,90,96,96],"current_hp_per_floor":[63,60,56,56,56,38,59,59,59,49,49,30,30,21,42,57,70,59,59,30,30,23,44,33,33,33,26,62,25,61,69,69,29,94,82,36,6,12,12,12,55,75,75,46,46,46,46,26,69,69,94,94,91,97,97,77,71,71,71,71,73,88,88,93,93,93,97,97,93,97,95,95,95,93,93,93,101,64,101,101,107,119,206,188,247,242,242,242,242,242,242,242,242,242,242,242,242,242,242,242,242,242,242,242,242,242,242,242,242,242,242,242,220,220,185,185,185,0,0],"gold":260,"neow_bonus":"HUNDRED_GOLD","is_daily":false,"chose_seed":false,"campfire_upgraded":5,"win_rate":0.0,"timestamp":1608598757,"path_taken":["M","M","?","$","M","E","R","?","T","E","?","E","M","?","R","BOSS","M","$","?","?","M","R","E","?","T","M","R","E","R","?","R","BOSS","M","M","?","$","?","?","R","?","T","E","?","?","AVR","M","R","BOSS","M","?","$","?","?","NM","?","R","T","?","E","R","?","?","R","BOSS","M","M","AVR","?","?","R","$","E","T","E","R","?","?","M","R","BOSS","M","?","?","?","?","E","R","E","T","?","$","M","R","AVR","R","BOSS","M","?","M","M","M","E","R","E","T","M","E","?","?","M","R","BOSS"],"items_purchased_type":["Card","Card","Relic","Relic","Relic","Relic","Card","Card","Relic","Relic","Card","Relic","Relic","Card","Relic"],"build_version":"2020-12-13","purchased_purges":1,"victory":false,"max_hp_per_floor":[70,70,70,70,70,70,70,70,70,70,70,70,70,70,70,70,70,70,70,70,70,70,70,70,70,70,70,70,70,70,78,78,76,94,94,92,92,98,98,98,96,96,96,96,96,96,96,94,94,94,94,94,94,98,98,98,96,96,96,96,94,94,94,99,99,97,97,97,97,97,95,95,95,93,93,93,101,101,101,101,241,241,241,247,247,247,247,247,247,245,245,245,243,249,249,247,247,247,245,245,251,249,249,249,247,247,247,247,247,247,245,245,245,243,243,249,247,247,247],"card_choices":[{"not_picked":["All Out Attack","Fluid Movement"],"picked":"Sucker Punch","floor":1},{"not_picked":["ReplayTheSpireMod:Exploit Weakness","ReplayTheSpireMod:The Works"],"picked":"Backflip","floor":2},{"not_picked":["Cloak And Dagger","Reflex"],"picked":"Accuracy","floor":3},{"not_picked":["Outmaneuver","Poisoned Stab"],"picked":"ReplayTheSpireMod:Tripwire","floor":5},{"not_picked":["Dagger Throw","Quick Slash"],"picked":"Footwork","floor":6},{"not_picked":["Reflex+1","Accuracy"],"picked":"Cloak And Dagger+1","floor":10},{"not_picked":["Deflect+1","Backflip+1"],"picked":"Die Die Die","floor":11},{"not_picked":["hubris:SlightOfHand+1","Concentrate+1"],"picked":"Draining Mist+1","floor":12},{"not_picked":["ReplayTheSpireMod:Tripwire+1","Backflip+1"],"picked":"Outmaneuver+1","floor":14},{"not_picked":["Malaise+1","Unload"],"picked":"Atom Bomb","floor":16},{"not_picked":["Backflip+1","Reflex+1"],"picked":"Slice","floor":18},{"not_picked":["Sneak Up+1","PiercingWail+1"],"picked":"Deadly Poison+1","floor":20},{"not_picked":["Deflect+1","Acrobatics+1"],"picked":"Terror+1","floor":22},{"not_picked":["Toxin Wave+1","Flying Knee+1"],"picked":"Bane","floor":24},{"not_picked":["Sucker Punch","Corpse Explosion+1"],"picked":"hubris:Sniper+1","floor":27},{"not_picked":["Blur+1","Outmaneuver+1"],"picked":"Sneak Up+1","floor":29},{"not_picked":["Burst+1","Adrenaline+1"],"picked":"Tools of the Trade","floor":33},{"not_picked":["Wraith Form v2","Replay:Bag of Tricks+1"],"picked":"Poison Darts+1","floor":34},{"not_picked":["hubris:Compulsion","ReplayTheSpireMod:Splinters"],"picked":"conspire:Blindness","floor":34},{"not_picked":["ReplayTheSpireMod:Splinters","hubris:Greed"],"picked":"conspire:Blindness","floor":34},{"not_picked":["Overencumbered","Pain"],"picked":"hubris:Disease","floor":34},{"not_picked":["Sucker Punch+1","Flying Knee"],"picked":"conspire:DoublingDagger+1","floor":35},{"not_picked":["Bane+1","Flying Knee+1"],"picked":"After Image","floor":36},{"not_picked":["infinitespire:Oblivion","infinitespire:Collect"],"picked":"infinitespire:FinalStrike","floor":37},{"not_picked":["Deflect+1","hubris:TrickCloak+1"],"picked":"Bouncing Flask+1","floor":37},{"not_picked":["Poisoned Stab+1","Flying Knee+1"],"picked":"Catalyst+1","floor":42},{"not_picked":["Hidden Blade+1","ReplayTheSpireMod:The Works+1"],"picked":"Bouncing Flask+1","floor":44},{"not_picked":["Dodge and Roll+1","ReplayTheSpireMod:Speed Training+1"],"picked":"Cloak And Dagger+1","floor":48},{"not_picked":["Unload","Malaise+1"],"picked":"Envenom","floor":50},{"not_picked":["Acrobatics+1","All Out Attack","Poisoned Stab"],"picked":"SKIP","floor":52},{"not_picked":["Poisoned Stab","Bane"],"picked":"Replay:Poison Smokescreen+1","floor":57},{"not_picked":["Masterful Stab","Deadly Poison+1","hubris:SlightOfHand+1"],"picked":"SKIP","floor":61},{"not_picked":["Outmaneuver+1","PiercingWail+1","Deadly Poison+1"],"picked":"SKIP","floor":62},{"not_picked":["expansioncontent:FaceSlap","expansioncontent:SuperHexaguard+1"],"picked":"Apotheosis+1","floor":65},{"not_picked":["Mind Blast","Magnetism"],"picked":"expansioncontent:Torchfire","floor":65},{"not_picked":["Tools of the Trade","Wraith Form v2"],"picked":"After Image","floor":67},{"not_picked":["Expertise+1","Toxin Wave+1","Sucker Punch"],"picked":"SKIP","floor":69},{"not_picked":["Backflip+1","Sucker Punch+1"],"picked":"Slice+1","floor":70},{"not_picked":["Blur+1","Flechettes","Outmaneuver+1"],"picked":"SKIP","floor":76},{"not_picked":["hubris:TrickCloak+1","Toxin Wave+1"],"picked":"Choke","floor":78},{"not_picked":["Tactician+1","Dagger Throw","Deflect+1"],"picked":"SKIP","floor":82},{"not_picked":["Storm of Steel+1","Doppelganger+1"],"picked":"Night Terror+1","floor":84},{"not_picked":["Poisoned Stab","Eviscerate","Deflect+1"],"picked":"SKIP","floor":86},{"not_picked":["Underhanded Strike+1","Dash","Bane+1"],"picked":"SKIP","floor":91},{"not_picked":["Underhanded Strike+1","Dash","Bane+1"],"picked":"SKIP","floor":91},{"not_picked":["Flying Knee+1","Bane"],"picked":"hubris:Sniper+1","floor":93},{"not_picked":["Deadly Poison+1","Flying Knee+1","Underhanded Strike+1"],"picked":"SKIP","floor":97},{"not_picked":["Sucker Punch","Leg Sweep+1"],"picked":"Slice","floor":103},{"not_picked":["bard:HideousLaughter+1","Setup+1","Acrobatics+1"],"picked":"SKIP","floor":105},{"not_picked":["PiercingWail+1","Acrobatics+1","Dash"],"picked":"SKIP","floor":106},{"not_picked":["Finisher","ReplayTheSpireMod:Tripwire+1","Hidden Blade+1"],"picked":"SKIP","floor":107},{"not_picked":["Expertise+1","bard:StudiedStrike"],"picked":"A Thousand Cuts","floor":108},{"not_picked":["Blur+1","Tactician+1","bard:ViciousMockery"],"picked":"SKIP","floor":110},{"not_picked":["Backflip+1","hubris:SlightOfHand+1","bard:StudiedStrike"],"picked":"SKIP","floor":112},{"not_picked":["Bane","ReplayTheSpireMod:Scrap Shanks","Cloak And Dagger+1"],"picked":"SKIP","floor":113},{"not_picked":["Dagger Throw","bard:Thunderwave","Masterful Stab"],"picked":"SKIP","floor":116}],"player_experience":311395,"relics_obtained":[{"floor":5,"key":"LetterFromLob"},{"floor":6,"key":"infinitespire:Midas Blood"},{"floor":9,"key":"Bag of Preparation"},{"floor":10,"key":"Toxic Egg 2"},{"floor":12,"key":"Lizard Tail"},{"floor":20,"key":"Vampiric Spirits"},{"floor":21,"key":"ReplayTheSpireMod:Ring of Collecting"},{"floor":21,"key":"Ring of Fangs"},{"floor":24,"key":"StoneCalendar"},{"floor":26,"key":"ReplayTheSpireMod:Ring of Addiction"},{"floor":26,"key":"Toy Ornithopter"},{"floor":26,"key":"White Beast Statue"},{"floor":29,"key":"WingedGreaves"},{"floor":37,"key":"Byrd Skull"},{"floor":43,"key":"conspire:Boomerang"},{"floor":44,"key":"Paper Crane"},{"floor":48,"key":"ReplayTheSpireMod:Shallot"},{"floor":57,"key":"Replay:Mystery Machine"},{"floor":60,"key":"Ring of Panic"},{"floor":60,"key":"Iron Hammer"},{"floor":62,"key":"Happy Flower"},{"floor":76,"key":"Incense Burner"},{"floor":77,"key":"Ring of Greed"},{"floor":77,"key":"Pear"},{"floor":77,"key":"Smiling Mask"},{"floor":77,"key":"hubris:MobiusCoin"},{"floor":78,"key":"aspiration:HummingbirdHeart"},{"floor":80,"key":"Bag of Marbles"},{"floor":82,"key":"MealTicket"},{"floor":91,"key":"aspiration:VileToxins"},{"floor":93,"key":"Gremlin Food"},{"floor":94,"key":"ReplayTheSpireMod:Ring of Exchange"},{"floor":94,"key":"conspire:Flyswatter"},{"floor":100,"key":"infinitespire:Beetle Shell"},{"floor":106,"key":"Snack Pack"},{"floor":108,"key":"Replay:WaspNest"},{"floor":110,"key":"Nunchaku"},{"floor":111,"key":"Ring of Hypnosis"},{"floor":111,"key":"conspire:TopHat"},{"floor":113,"key":"ReplayFunnel"}],"event_choices":[{"cards_removed":["Defend_G"],"damage_healed":0,"gold_gain":0,"player_choice":"Card Removal","damage_taken":0,"max_hp_gain":0,"max_hp_loss":0,"event_name":"Wheel of Change","floor":8,"gold_loss":0},{"damage_healed":0,"gold_gain":0,"player_choice":"Enter","damage_taken":0,"max_hp_gain":0,"max_hp_loss":0,"event_name":"Elementarium:OtherworldlyPassage","floor":20,"gold_loss":0},{"damage_healed":0,"gold_gain":0,"player_choice":"Gold","damage_taken":0,"relics_obtained":["Regal Pillow"],"max_hp_gain":0,"max_hp_loss":0,"event_name":"Elementarium:ShatteredPortal","floor":25,"gold_loss":105},{"damage_healed":0,"gold_gain":0,"player_choice":"Graft","damage_taken":0,"max_hp_gain":8,"max_hp_loss":0,"event_name":"Elementarium:SculptureGarden","floor":31,"gold_loss":0},{"cards_removed":["Strike_G"],"damage_healed":0,"gold_gain":0,"player_choice":"Removed Attack","damage_taken":0,"max_hp_gain":0,"max_hp_loss":0,"event_name":"Falling","floor":39,"gold_loss":0},{"damage_healed":0,"gold_gain":0,"cards_transformed":["Defend_G"],"player_choice":"Transformed","damage_taken":0,"max_hp_gain":0,"max_hp_loss":0,"event_name":"Transmorgrifier","floor":40,"gold_loss":0,"cards_obtained":["ReplayTheSpireMod:Necrosis"]},{"damage_healed":0,"gold_gain":0,"player_choice":"Upgraded","damage_taken":0,"max_hp_gain":0,"max_hp_loss":0,"event_name":"Upgrade Shrine","floor":45,"gold_loss":0,"cards_upgraded":["conspire:PoisonWeapons"]},{"damage_healed":0,"gold_gain":0,"player_choice":"Relic ","damage_taken":3,"max_hp_gain":0,"max_hp_loss":0,"event_name":"betterThird:BetterScrap","floor":53,"gold_loss":0,"cards_obtained":["Replay:Vibes"]},{"damage_healed":97,"gold_gain":0,"player_choice":"Upgrade","damage_taken":20,"max_hp_gain":0,"max_hp_loss":98,"event_name":"betterThird:BetterShining","floor":56,"gold_loss":0,"cards_upgraded":["After Image","Defend_G"]},{"damage_healed":0,"gold_gain":0,"player_choice":"Grow","damage_taken":0,"max_hp_gain":0,"max_hp_loss":0,"event_name":"Living Wall","floor":58,"gold_loss":0,"cards_upgraded":["infinitespire:FinalStrike"]},{"damage_healed":0,"gold_gain":0,"player_choice":"Donut","damage_taken":0,"max_hp_gain":5,"max_hp_loss":0,"event_name":"Big Fish","floor":64,"gold_loss":0},{"damage_healed":0,"gold_gain":4,"player_choice":"1","damage_taken":0,"max_hp_gain":0,"max_hp_loss":0,"event_name":"betterStone:BetterStone","floor":65,"gold_loss":0},{"cards_removed":["Delirium"],"damage_healed":0,"gold_gain":0,"player_choice":"Burn","damage_taken":0,"max_hp_gain":0,"max_hp_loss":0,"event_name":"Elementarium:LostScrolls","floor":72,"gold_loss":0},{"damage_healed":0,"gold_gain":0,"player_choice":"Leave","damage_taken":0,"max_hp_gain":0,"max_hp_loss":0,"event_name":"conspire:Investor","floor":73,"gold_loss":0},{"cards_removed":["Atom Bomb"],"damage_healed":0,"gold_gain":0,"player_choice":"Removed Attack","damage_taken":0,"max_hp_gain":0,"max_hp_loss":0,"event_name":"Falling","floor":87,"gold_loss":0},{"damage_healed":0,"gold_gain":0,"player_choice":"Upgrade","damage_taken":0,"relics_obtained":["Mark of the Bloom"],"max_hp_gain":0,"max_hp_loss":0,"event_name":"MindBloom","floor":89,"gold_loss":0,"cards_upgraded":["Strike_G","Strike_G","Strike_G","Strike_G","Defend_G","Defend_G","Survivor","Neutralize","Sucker Punch","Backflip","Accuracy","ReplayTheSpireMod:Tripwire","Footwork","Die Die Die","Slice","Bane","Tools of the Trade","Choke"]},{"damage_healed":0,"gold_gain":0,"player_choice":"Ignored","damage_taken":0,"max_hp_gain":0,"max_hp_loss":0,"event_name":"Golden Idol","floor":114,"gold_loss":0}],"is_beta":false,"boss_relics":[{"not_picked":["aspiration:DefectSkillbook","energizedSpire:HighHeels"],"picked":"conspire:SpecialSausage"},{"not_picked":["ReplayTheSpireMod:DimensionalGlitch","energizedSpire:RedRose"],"picked":"Replay:Ancient Bell"},{"not_picked":["Happy Flower","Centennial Puzzle"],"picked":"aspiration:ChemicalBlood"},{"not_picked":["hubris:DisguiseKit","Matryoshka"],"picked":"Darkstone Periapt"},{"not_picked":["Pocketwatch","infinitespire:Magic Flask"],"picked":"conspire:GiftBox"},{"not_picked":["Philosopher\u0027s Stone","infinitespire:Cupcake"],"picked":"conspire:RunicOctahedron"},{"not_picked":["energizedSpire:HighHeels","Runic Pyramid","Coffee Dripper"]},{"not_picked":["Kintsugi","hubris:HollowSoul"],"picked":"hubris:Backtick"},{"not_picked":["conspire:RoyalGoblet","aspiration:RitualDagger"],"picked":"Guide Book"}],"items_purged_floors":[90],"is_endless":true,"potions_floor_spawned":[5,6,10,14,16,22,24,27,29,33,35,36,37,37,42,44,48,50,52,57,61,62,67,69,70,76,78,81,82,84,86,91,93,97,101,103,105,106,107,108,110,112,113,116],"killed_by":"Slime Boss","ascension_level":2}}