{"host":"njruw0b0uprlitpx","time":1608601570,"event":{"mods":["2.2 Compatiblity","Astrologer","Bartender","BaseMod","Better Altar","Better Match","Better Note","Better Sensory Stone","Better Skull","Better Third Choice","BetterRewards","Block Reminder","Colored Map","Colored Powertips","Jedi Mod","Keyboard Shortcuts","Magitek Elite","Minty Spire (QoL Compilation)","Quick Restart","Relic Stats","Replay The Spire","SacredBarkPlus","Spicy Shops","StSLib","SuperFastMode","The Bug Knight","The Mystic"],"gold_per_floor":[119,131,131,131,145,145,21,47,47,47,67,67,84,119,119,220,220,234,149,164,164,164,164,190,190,213,213,153,179,41,41,41,136,136,152,152,199,36,56,88,88,88,88,88,99,99,119,12,12,12],"floor_reached":51,"playtime":2724,"items_purged":["On_The_House","Defend_Bartender"],"score":1332,"play_id":"5d3e7e58-c058-4c38-ae29-3cffd13f3b75","local_time":"20201221194610","is_ascension_mode":true,"campfire_choices":[{"floor":6,"key":"REST"},{"data":"Raptor_Form","floor":10,"key":"SMITH"},{"floor":15,"key":"REST"},{"data":"Dolphin_Blow","floor":23,"key":"SMITH"},{"data":"Beat_Rush","floor":25,"key":"SMITH"},{"data":"Breathe_Deep","floor":27,"key":"SMITH"},{"data":"High_Tide","floor":32,"key":"SMITH"},{"data":"Beat_Rush","floor":41,"key":"SMITH"},{"data":"Breathe_Deep","floor":49,"key":"SMITH"}],"circlet_count":0,"master_deck":["Somersault","OpoOpo_Form","Dancing_Jab","Axe_Heel_Kick","Glare","Dancing_Jab","Fading_Blow+1","Hook+1","Faith+1","Rising_Crane","Raptor_Form+1","Foot_Thrust","Stick_and_Move","Press_Forward","Breathe_Deep+1","Dolphin_Blow+1","Sucker_Punch+1","Perfect_Balance","Beat_Rush+1","RockBreaker","Breathe_Deep+1","Snap_Punch","High_Tide+1","With_A_Twist","Spirits_Within","Beat_Rush+1","Windup","Axe_Heel_Kick","Ball_Of_Ice+1","Waterkick","OpoOpo_Form","Ripple+1","Alacrity+1","Meteodrive","Power_Up_Punch","Rope_A_Dope","Step_Of_The_Wind","Spirits_Within"],"relics":["Sneakers","WingedGreaves","Piano_Music","BargainBundle","Juzu Bracelet","Lee\u0027s Waffle","FossilizedHelix","Sundial","Mango","Potion Belt","ReplayTheSpireMod:DimensionalGlitch","Turnip","Replay:PocketPolymizer","Ice Cream","Tintinnabulum","jedi:arcanewood","ChewingGum","Shovel","Centennial Puzzle","Power_Wrist"],"acts_visited":["Exordium","TheCity","TheBeyond"],"potions_floor_usage":[8,11,14,16,33,33,37,37,45,47,50,50,50],"damage_taken":[{"damage":0,"enemies":"Cultist","floor":1,"turns":2},{"damage":7,"enemies":"Jaw Worm","floor":2,"turns":2},{"damage":0,"enemies":"2 Louse","floor":5,"turns":2},{"damage":17,"enemies":"Gremlin Nob","floor":8,"turns":3},{"damage":8,"enemies":"Exordium Thugs","floor":11,"turns":4},{"damage":0,"enemies":"3 Louse","floor":13,"turns":3},{"damage":3,"enemies":"3 Sentries","floor":14,"turns":5},{"damage":0,"enemies":"Slime Boss","floor":16,"turns":4},{"damage":2,"enemies":"2 Thieves","floor":18,"turns":3},{"damage":6,"enemies":"Chosen","floor":20,"turns":3},{"damage":11,"enemies":"Book of Stabbing","floor":24,"turns":5},{"damage":0,"enemies":"Replay:Snechameleon","floor":29,"turns":3},{"damage":8,"enemies":"Automaton","floor":33,"turns":4},{"damage":11,"enemies":"3 Shapes","floor":35,"turns":2},{"damage":0,"enemies":"2 Orb Walkers","floor":37,"turns":3},{"damage":0,"enemies":"Orb Walker","floor":39,"turns":2},{"damage":0,"enemies":"Reptomancer","floor":40,"turns":2},{"damage":0,"enemies":"4 Shapes","floor":45,"turns":2},{"damage":0,"enemies":"Jaw Worm Horde","floor":47,"turns":1},{"damage":41,"enemies":"Donu and Deca","floor":50,"turns":3}],"seed_played":"-8281259456618313637","potions_obtained":[{"floor":11,"key":"SteroidPotion"},{"floor":13,"key":"DistilledChaos"},{"floor":20,"key":"SmokeBomb"},{"floor":24,"key":"SpeedPotion"},{"floor":31,"key":"Milkshake"},{"floor":31,"key":"Death Potion"},{"floor":31,"key":"Swift Potion"},{"floor":33,"key":"Explosive Potion"},{"floor":37,"key":"jedi:StrikingPotion"},{"floor":40,"key":"AttackPotion"},{"floor":45,"key":"LiquidBronze"}],"is_trial":false,"path_per_floor":["M","M","?","?","M","R","$","E","T","R","M","T","M","E","R","B",null,"M","?","M","?","?","R","E","R","T","R","?","E","$","?","R","B",null,"M","?","?","$","M","E","R","?","T","?","M","?","M","$","R","B",null],"character_chosen":"BARTENDER","items_purchased":["Piano_Music","On_The_House","OpoOpo_Form","Dancing_Jab","jedi:hoardpotion","Energy Potion","Axe_Heel_Kick","BargainBundle","Juzu Bracelet","Glare","Dexterity Potion","Lee\u0027s Waffle","Dancing_Jab","Raptor_Form","Foot_Thrust","High_Tide","Waterkick","OpoOpo_Form","Step_Of_The_Wind","Adrenaline Potion"],"campfire_rested":2,"item_purchase_floors":[0,0,0,0,0,0,0,0,0,0,0,0,0,7,7,30,38,38,48,48],"current_hp_per_floor":[77,70,70,55,55,77,77,60,60,60,52,66,66,63,90,90,91,89,89,83,83,83,83,72,72,72,73,74,75,76,77,78,71,86,76,77,78,79,80,81,82,83,84,85,86,86,86,86,86,45],"gold":12,"neow_bonus":"","is_daily":false,"chose_seed":false,"campfire_upgraded":7,"win_rate":0.0,"timestamp":1608601570,"path_taken":["M","M","?","?","M","R","$","E","T","R","M","?","M","E","R","BOSS","M","?","M","?","?","R","E","R","T","R","?","E","$","?","R","BOSS","M","?","?","$","M","E","R","?","T","?","M","?","M","?","R","BOSS"],"items_purchased_type":["Relic","Card","Card","Card","Potion","Potion","Card","Relic","Relic","Card","Potion","Relic","Card","Card","Card","Card","Card","Card","Card","Potion"],"build_version":"2020-12-13","purchased_purges":2,"victory":true,"max_hp_per_floor":[77,77,77,77,77,77,77,77,77,77,77,91,91,91,91,91,91,91,91,91,91,91,91,91,91,91,91,91,91,91,91,91,91,91,91,91,91,91,91,91,91,86,86,86,86,86,86,86,86,86],"relic_stats":{"Lee\u0027s Waffle":14,"Centennial Puzzle":[3],"Shovel":0,"counters":[101,365],"Sundial":[4],"Turnip":[0],"Juzu Bracelet":7,"obtain_stats":[{"Ice Cream":38,"Divine Protection":45,"Mark of the Bloom":45,"Gremlin Horn":8,"jedi:zontanonomicon":29,"Vajra":10,"Ginger":49,"Bottled Tornado":50,"Old Coin":33,"Replay:Ringing Soul":16,"Centennial Puzzle":7,"DollysMirror":23,"jedi:firstaidkit":27,"jedi:paperlyon":34,"Sundial":9,"Philosopher\u0027s Stone":19,"MealTicket":26,"Prayer Wheel":8,"Vampire_Amulet":0,"Fusion Hammer":36,"Replay:Wax Seal":12,"Toxic Egg 2":0,"Replay:Bottled Steam":19,"Girya":47,"Sneakers":31,"Happy Flower":39,"ReplayTheSpireMod:CursedCoin":21,"Counterbalance":2,"Replay:Grab Bag":19,"Dead Branch":0,"Eternal Feather":26,"Pen Nib":0,"Akabeko":28,"Runic Dome":19,"energizedSpire:NeverEndingSparkler":36,"Bronze Scales":19,"Tintinnabulum":14,"Pandora\u0027s Box":17,"Onion Ring":21,"ReplayTheSpireMod:TigerMarble":9,"Grinning Jar":9,"StrikeDummy":50,"Mirror":29,"ReplayTheSpireMod:DimensionalGlitch":17,"Darkstone Periapt":11,"Replay:PocketPolymizer":22,"Piano_Music":0,"Enchiridion":29,"Mango":12,"Bag of Preparation":39,"Juzu Bracelet":43,"Incense Burner":0,"jedi:Pinwheel":0,"Smiling Mask":23,"Power_Wrist":49,"Pet Ghost":12,"energizedSpire:BlackCloud":34,"BranchBurnRelic":31,"Nunchaku":30,"Shovel":37,"Mummified Hand":0,"Pantograph":12,"Tiny Chest":24,"Genji_Glove":29,"WingedGreaves":28,"Red Mask":33,"Replay:Bottled Eggs":8,"InkBottle":47,"Runic Pyramid":19,"Potion Belt":14,"BargainBundle":39,"Lee\u0027s Waffle":0,"Damaru":36,"PreservedInsect":19,"Protect_Vest":24,"Omamori":9,"Frozen Egg 2":0,"MawBank":28,"Mercury Hourglass":51,"Calling Bell":19,"jedi:ominousloannote":47,"ChewingGum":19,"Turnip":0,"Art of War":41,"Membership Card":0,"ReplayTheSpireMod:Lightbulb":40,"jedi:arcanewood":29,"FossilizedHelix":19},{"Ice Cream":15,"Divine Protection":16,"Mark of the Bloom":38,"Gremlin Horn":25,"jedi:zontanonomicon":11,"Vajra":25,"Ginger":79,"Bottled Tornado":80,"Old Coin":54,"Replay:Ringing Soul":4,"Centennial Puzzle":43,"DollysMirror":8,"jedi:firstaidkit":11,"jedi:paperlyon":76,"Sundial":85,"Philosopher\u0027s Stone":5,"MealTicket":33,"Prayer Wheel":64,"Vampire_Amulet":0,"Fusion Hammer":13,"Replay:Wax Seal":26,"Toxic Egg 2":62,"Replay:Bottled Steam":5,"Girya":59,"Sneakers":53,"Happy Flower":15,"ReplayTheSpireMod:CursedCoin":49,"Counterbalance":1,"Replay:Grab Bag":5,"Dead Branch":40,"Eternal Feather":10,"Pen Nib":20,"Akabeko":11,"Runic Dome":48,"energizedSpire:NeverEndingSparkler":55,"Bronze Scales":30,"Tintinnabulum":67,"Pandora\u0027s Box":29,"Onion Ring":49,"ReplayTheSpireMod:TigerMarble":3,"Grinning Jar":25,"StrikeDummy":19,"Mirror":74,"ReplayTheSpireMod:DimensionalGlitch":89,"Darkstone Periapt":45,"Replay:PocketPolymizer":91,"Piano_Music":81,"Enchiridion":33,"Mango":86,"Bag of Preparation":15,"Juzu Bracelet":38,"Incense Burner":62,"jedi:Pinwheel":62,"Smiling Mask":32,"Power_Wrist":79,"Pet Ghost":46,"energizedSpire:BlackCloud":36,"BranchBurnRelic":53,"Nunchaku":34,"Shovel":96,"Mummified Hand":40,"Pantograph":4,"Tiny Chest":72,"Genji_Glove":74,"WingedGreaves":33,"Red Mask":12,"Replay:Bottled Eggs":3,"InkBottle":18,"Runic Pyramid":5,"Potion Belt":88,"BargainBundle":15,"Lee\u0027s Waffle":81,"Damaru":37,"PreservedInsect":5,"Protect_Vest":49,"Omamori":64,"Frozen Egg 2":62,"MawBank":52,"Mercury Hourglass":80,"Calling Bell":5,"jedi:ominousloannote":59,"ChewingGum":5,"Turnip":20,"Art of War":38,"Membership Card":62,"ReplayTheSpireMod:Lightbulb":57,"jedi:arcanewood":93,"FossilizedHelix":5},{"Ice Cream":61,"Divine Protection":65,"Mark of the Bloom":146,"Gremlin Horn":98,"jedi:zontanonomicon":45,"Vajra":98,"Ginger":302,"Bottled Tornado":305,"Old Coin":209,"Replay:Ringing Soul":13,"Centennial Puzzle":168,"DollysMirror":32,"jedi:firstaidkit":45,"jedi:paperlyon":292,"Sundial":316,"Philosopher\u0027s Stone":19,"MealTicket":125,"Prayer Wheel":254,"Vampire_Amulet":0,"Fusion Hammer":54,"Replay:Wax Seal":99,"Toxic Egg 2":249,"Replay:Bottled Steam":19,"Girya":235,"Sneakers":205,"Happy Flower":61,"ReplayTheSpireMod:CursedCoin":193,"Counterbalance":3,"Replay:Grab Bag":19,"Dead Branch":156,"Eternal Feather":41,"Pen Nib":82,"Akabeko":45,"Runic Dome":190,"energizedSpire:NeverEndingSparkler":218,"Bronze Scales":115,"Tintinnabulum":260,"Pandora\u0027s Box":111,"Onion Ring":193,"ReplayTheSpireMod:TigerMarble":11,"Grinning Jar":98,"StrikeDummy":76,"Mirror":285,"ReplayTheSpireMod:DimensionalGlitch":332,"Darkstone Periapt":174,"Replay:PocketPolymizer":338,"Piano_Music":307,"Enchiridion":125,"Mango":320,"Bag of Preparation":61,"Juzu Bracelet":146,"Incense Burner":249,"jedi:Pinwheel":249,"Smiling Mask":121,"Power_Wrist":302,"Pet Ghost":178,"energizedSpire:BlackCloud":138,"BranchBurnRelic":205,"Nunchaku":127,"Shovel":355,"Mummified Hand":156,"Pantograph":13,"Tiny Chest":276,"Genji_Glove":285,"WingedGreaves":125,"Red Mask":48,"Replay:Bottled Eggs":11,"InkBottle":72,"Runic Pyramid":19,"Potion Belt":328,"BargainBundle":61,"Lee\u0027s Waffle":307,"Damaru":141,"PreservedInsect":19,"Protect_Vest":193,"Omamori":254,"Frozen Egg 2":249,"MawBank":203,"Mercury Hourglass":305,"Calling Bell":19,"jedi:ominousloannote":235,"ChewingGum":19,"Turnip":82,"Art of War":146,"Membership Card":249,"ReplayTheSpireMod:Lightbulb":225,"jedi:arcanewood":346,"FossilizedHelix":19}]},"card_choices":[{"not_picked":["On_The_Rocks","Sucker_Punch"],"picked":"Fading_Blow","floor":1},{"not_picked":["OpoOpo_Form","Well_Drinks"],"picked":"Hook","floor":2},{"not_picked":["Glare","Wall_of_Ice"],"picked":"Rising_Crane","floor":5},{"not_picked":["Sucker_Punch","Dancing_Jab"],"picked":"Stick_and_Move","floor":8},{"not_picked":["Training_Dummy","Dancing_Jab"],"picked":"Press_Forward","floor":11},{"not_picked":["Rising_Crane","Stick_and_Move","Free_Pour"],"picked":"SKIP","floor":13},{"not_picked":["Rising_Crane","Stick_and_Move","Free_Pour"],"picked":"SKIP","floor":13},{"not_picked":["Scowl","Snap_Punch"],"picked":"Breathe_Deep","floor":14},{"not_picked":["Liquid_Armor","Beat_Rush"],"picked":"Dolphin_Blow","floor":16},{"not_picked":["Step_Of_The_Wind","Stick_and_Move"],"picked":"Sucker_Punch+1","floor":18},{"not_picked":["Press_Forward+1","Well_Drinks"],"picked":"Perfect_Balance","floor":20},{"not_picked":["Dart+1","On_The_Rocks"],"picked":"Beat_Rush","floor":24},{"not_picked":["Patience","Insight_B"],"picked":"Snap_Punch","floor":29},{"not_picked":["Torment","Ripple+1","With_A_Twist+1"],"picked":"SKIP","floor":35},{"not_picked":["Dragonkick+1","Feint"],"picked":"Ball_Of_Ice+1","floor":37},{"not_picked":["On_The_Rocks","Dragonkick+1"],"picked":"Ripple+1","floor":39},{"not_picked":["Dragonkick","Spirits_Within"],"picked":"Alacrity+1","floor":40},{"not_picked":["Bitters+1","Training_Dummy+1"],"picked":"Power_Up_Punch","floor":45},{"not_picked":["Sucker_Punch","Pony_Shot"],"picked":"Rope_A_Dope","floor":47}],"player_experience":1425079,"relics_obtained":[{"floor":8,"key":"FossilizedHelix"},{"floor":9,"key":"Sundial"},{"floor":12,"key":"Mango"},{"floor":14,"key":"Potion Belt"},{"floor":24,"key":"Ice Cream"},{"floor":26,"key":"Tintinnabulum"},{"floor":29,"key":"jedi:arcanewood"},{"floor":37,"key":"Shovel"},{"floor":40,"key":"Centennial Puzzle"},{"floor":43,"key":"Power_Wrist"}],"event_choices":[{"cards_removed":["Axe_Heel_Kick"],"damage_healed":0,"gold_gain":0,"player_choice":"Take \u0026 Give","damage_taken":0,"max_hp_gain":0,"max_hp_loss":0,"event_name":"betterNote:BetterNote","floor":3,"gold_loss":0,"cards_obtained":["Faith"]},{"damage_healed":70,"gold_gain":0,"player_choice":"Upgrade","damage_taken":15,"max_hp_gain":0,"max_hp_loss":77,"event_name":"betterThird:BetterShining","floor":4,"gold_loss":0,"cards_upgraded":["Hook","Fading_Blow"]},{"damage_healed":0,"gold_gain":0,"player_choice":"Obtained Relic","damage_taken":0,"relics_obtained":["Turnip"],"max_hp_gain":0,"max_hp_loss":0,"event_name":"Addict","floor":19,"gold_loss":85},{"cards_removed":["Strike_Bartender"],"damage_healed":0,"gold_gain":0,"player_choice":"Purged","damage_taken":0,"max_hp_gain":0,"max_hp_loss":0,"event_name":"Purifier","floor":21,"gold_loss":0},{"damage_healed":0,"gold_gain":0,"player_choice":"Opened","damage_taken":0,"relics_obtained":["Replay:PocketPolymizer"],"max_hp_gain":0,"max_hp_loss":0,"event_name":"The Mausoleum","floor":22,"gold_loss":0},{"damage_healed":0,"gold_gain":0,"player_choice":"Got Potions","damage_taken":0,"max_hp_gain":0,"max_hp_loss":0,"event_name":"Lab","floor":31,"gold_loss":0},{"damage_healed":0,"gold_gain":3,"player_choice":"4","damage_taken":0,"max_hp_gain":0,"max_hp_loss":0,"event_name":"betterStone:BetterStone","floor":36,"gold_loss":0,"cards_obtained":["Axe_Heel_Kick"]},{"damage_healed":0,"gold_gain":0,"player_choice":"Fight","damage_taken":0,"max_hp_gain":0,"max_hp_loss":0,"event_name":"Mysterious Sphere","floor":37,"gold_loss":0},{"damage_healed":0,"gold_gain":0,"player_choice":"Max HP","damage_taken":0,"max_hp_gain":0,"max_hp_loss":5,"event_name":"Winding Halls","floor":42,"gold_loss":0},{"cards_removed":["Alacrity"],"damage_healed":0,"gold_gain":0,"player_choice":"Removed Skill","damage_taken":0,"max_hp_gain":0,"max_hp_loss":0,"event_name":"Falling","floor":46,"gold_loss":0}],"is_beta":false,"boss_relics":[{"not_picked":["Pandora\u0027s Box","Tiny House"],"picked":"ReplayTheSpireMod:DimensionalGlitch"},{"not_picked":["SacredBark","Calling Bell"],"picked":"ChewingGum"}],"items_purged_floors":[0,0],"is_endless":false,"potions_floor_spawned":[2,5,11,13,20,24,33,37,40,45],"ascension_level":6}}