{"host":"2461dio7vetlq1z3","time":1608599846,"event":{"mods":["2.2 Compatiblity","AchievementEnabler","BaseMod","Better Third Choice","Hermit","Minty Spire (QoL Compilation)","Relic Stats","Replay The Spire","Spicy Shops","StSLib","Waifu the Spire"],"gold_per_floor":[109,125,125,125,39,73,84,112,112,138,63,113,113,124,124,202,202,159,84,97,110,129,163,163,191,259,291,377,377,398,426,426,513,513,542,561,561,561,228,270,291,326,349,349,349,349,349],"floor_reached":46,"playtime":2940,"items_purged":["Strike_R","Strike_R"],"score":1162,"play_id":"bef0e94a-a032-41de-8f3b-0e43491b09c4","local_time":"20201222021726","is_ascension_mode":true,"campfire_choices":[{"floor":13,"key":"DIG"},{"data":"Hemogenesis","floor":15,"key":"SMITH"},{"data":"Combust","floor":24,"key":"SMITH"},{"floor":29,"key":"DIG"},{"data":"1","floor":32,"key":"LIFT"},{"floor":44,"key":"RECALL"}],"circlet_count":0,"master_deck":["AscendersBane","Strike_R","Strike_R","Defend_R","Defend_R","Defend_R","Defend_R","Bash","Combust+1","Flex+1","Hemogenesis+1","Ghostly Armor","ReplayTheSpireMod:LeadingStrike","Juggernaut","Ghostly Armor","Hemogenesis","Seeing Red+1","Hemokinesis+1","ReplayTheSpireMod:Corrosion Curse","Power Through","Bloodletting","Sever Soul+1","Demonic Infusion","Replay:Undeath\u0027s Touch","Ghostly Armor","Replay:Undeath\u0027s Touch","Exhume","Intimidate+1","Thunderclap","Abandon","Shrug It Off+1","Rupture","Life Link"],"relics":["Burning Blood","NeowsBlessing","Lantern","Shovel","Letter Opener","WingedGreaves","Champion Belt","MealTicket","Honey Jar","Replay:WaspNest","StoneCalendar","Bottled Tornado","Tiny Chest","CeramicFish","Girya","Mark of Pain","Lizard Tail","Strange Spoon","Regal Pillow","Replay:Arrowhead","Incense Burner"],"acts_visited":["Exordium","TheCity","TheBeyond"],"potions_floor_usage":[10,16,21,25,27,33,46,46],"damage_taken":[{"damage":0,"enemies":"2 Louse","floor":1,"turns":2},{"damage":0,"enemies":"Small Slimes","floor":2,"turns":1},{"damage":0,"enemies":"Lagavulin","floor":6,"turns":1},{"damage":7,"enemies":"Cultist","floor":7,"turns":3},{"damage":20,"enemies":"3 Sentries","floor":8,"turns":5},{"damage":19,"enemies":"Gremlin Nob","floor":10,"turns":4},{"damage":13,"enemies":"2 Fungi Beasts","floor":14,"turns":4},{"damage":34,"enemies":"Fading Forest","floor":16,"turns":13},{"damage":16,"enemies":"2 Thieves","floor":18,"turns":5},{"damage":6,"enemies":"Chosen","floor":20,"turns":5},{"damage":38,"enemies":"Shelled Parasite and Fungi","floor":21,"turns":5},{"damage":36,"enemies":"Cultist and Chosen","floor":22,"turns":7},{"damage":46,"enemies":"Replay:Snechameleon","floor":23,"turns":9},{"damage":58,"enemies":"Gremlin Leader","floor":25,"turns":7},{"damage":32,"enemies":"Slavers","floor":27,"turns":4},{"damage":15,"enemies":"3 Cultists","floor":30,"turns":4},{"damage":8,"enemies":"Snecko","floor":31,"turns":4},{"damage":54,"enemies":"Collector","floor":33,"turns":7},{"damage":35,"enemies":"3 Darklings","floor":35,"turns":4},{"damage":3,"enemies":"3 Shapes","floor":36,"turns":3},{"damage":85,"enemies":"Nemesis","floor":40,"turns":13},{"damage":85,"enemies":"Transient","floor":41,"turns":6},{"damage":91,"enemies":"Reptomancer","floor":42,"turns":6},{"damage":54,"enemies":"Spire Growth","floor":46,"turns":4}],"seed_played":"7690547416718563463","potions_obtained":[{"floor":2,"key":"LifebloodPotion"},{"floor":6,"key":"Flashbang"},{"floor":16,"key":"Languid Potion"},{"floor":20,"key":"Languid Potion"},{"floor":23,"key":"Block Potion"},{"floor":27,"key":"FairyPotion"},{"floor":28,"key":"EssenceOfSteel"},{"floor":28,"key":"ColorlessPotion"},{"floor":30,"key":"PowerPotion"},{"floor":35,"key":"SteroidPotion"},{"floor":42,"key":"Weak Potion"}],"is_trial":false,"path_per_floor":["M","M","?","?","$","E","M","E","T","E","?","?","R","M","R","B",null,"M","$","M","M","M","E","R","E","T","E","?","R","M","M","R","B",null,"M","M","?","T","$","E","M","E","T","R","T","M"],"character_chosen":"IRONCLAD","items_purchased":["Flex+1","Strange Spoon","Abandon"],"campfire_rested":0,"item_purchase_floors":[5,39,39],"current_hp_per_floor":[74,75,80,75,75,80,79,72,72,59,59,51,51,44,44,35,69,80,80,80,80,75,80,80,59,59,54,22,22,36,56,56,71,78,75,80,80,80,80,58,30,52,52,52,52,0,0],"gold":349,"neow_bonus":"THREE_ENEMY_KILL","is_daily":false,"chose_seed":false,"campfire_upgraded":2,"win_rate":0.0,"timestamp":1608599846,"path_taken":["M","M","?","?","$","E","M","E","T","E","?","?","R","M","R","BOSS","M","?","M","M","M","E","R","E","T","E","?","R","M","M","R","BOSS","M","M","?","?","$","E","M","E","T","R","?","M"],"items_purchased_type":["Card","Relic","Card"],"build_version":"2020-12-13","purchased_purges":2,"victory":false,"max_hp_per_floor":[75,75,80,80,80,80,80,80,80,80,80,80,80,80,80,80,80,80,80,80,80,80,80,80,80,80,80,80,80,80,80,80,80,80,80,80,80,80,80,80,80,80,80,80,80,80,80],"relic_stats":{"Regal Pillow":0,"counters":[24,126],"CeramicFish":90,"StoneCalendar":[52],"Letter Opener":[235],"Burning Blood":108,"Strange Spoon":[10],"Lizard Tail":40,"Shovel":2,"MealTicket":0,"Tiny Chest":1,"Champion Belt":[21],"obtain_stats":[{"Girya":29,"Lantern":4,"Regal Pillow":40,"NeowsBlessing":0,"CeramicFish":28,"StoneCalendar":25,"Replay:WaspNest":23,"Incense Burner":45,"Letter Opener":8,"Bottled Tornado":26,"Burning Blood":0,"Replay:Arrowhead":42,"Strange Spoon":39,"Lizard Tail":38,"Shovel":6,"Honey Jar":17,"MealTicket":13,"Tiny Chest":27,"WingedGreaves":9,"Mark of Pain":34,"Champion Belt":10},{"Girya":15,"Lantern":2,"Regal Pillow":21,"NeowsBlessing":0,"CeramicFish":15,"StoneCalendar":14,"Replay:WaspNest":13,"Incense Burner":23,"Letter Opener":5,"Bottled Tornado":14,"Burning Blood":0,"Replay:Arrowhead":23,"Strange Spoon":20,"Lizard Tail":20,"Shovel":3,"Honey Jar":8,"MealTicket":6,"Tiny Chest":15,"WingedGreaves":5,"Mark of Pain":18,"Champion Belt":6},{"Girya":75,"Lantern":3,"Regal Pillow":110,"NeowsBlessing":0,"CeramicFish":75,"StoneCalendar":71,"Replay:WaspNest":64,"Incense Burner":122,"Letter Opener":12,"Bottled Tornado":71,"Burning Blood":0,"Replay:Arrowhead":122,"Strange Spoon":97,"Lizard Tail":97,"Shovel":4,"Honey Jar":33,"MealTicket":16,"Tiny Chest":75,"WingedGreaves":12,"Mark of Pain":90,"Champion Belt":16}]},"card_choices":[{"not_picked":["Sword Boomerang","Thunderclap"],"picked":"Twin Strike","floor":1},{"not_picked":["True Grit","ReplayTheSpireMod:Strike From Hell"],"picked":"Combust","floor":2},{"not_picked":["Dropkick","Iron Wave"],"picked":"Hemogenesis","floor":6},{"not_picked":["Cleave","Twin Strike"],"picked":"Ghostly Armor","floor":7},{"not_picked":["Run Through","Searing Blow"],"picked":"ReplayTheSpireMod:LeadingStrike","floor":8},{"not_picked":["Perfected Strike","Replay:Many Hands"],"picked":"Juggernaut","floor":10},{"not_picked":["Wild Strike","Pummel"],"picked":"Ghostly Armor","floor":14},{"not_picked":["Feed","Replay:Many Hands"],"picked":"Hemogenesis","floor":16},{"not_picked":["Evolve","Inflame","Rage"],"picked":"Seeing Red+1","floor":18},{"not_picked":["Clothesline","Body Slam+1","Spot Weakness"],"picked":"Hemokinesis+1","floor":20},{"not_picked":["Anger","True Grit","Heavy Blade"],"picked":"ReplayTheSpireMod:Corrosion Curse","floor":21},{"not_picked":["Armaments","Flex","Hemokinesis"],"picked":"Power Through","floor":22},{"not_picked":["Rage","Clash","Headbutt"],"picked":"Bloodletting","floor":23},{"not_picked":["Body Slam","Run Through","Clothesline"],"picked":"Sever Soul+1","floor":25},{"not_picked":["Iron Wave","Feel No Pain","Seeing Red"],"picked":"Demonic Infusion","floor":27},{"not_picked":["Thunderclap","Havoc","Headbutt+1"],"picked":"Replay:Undeath\u0027s Touch","floor":28},{"not_picked":["Clothesline","Clash","Defy Death"],"picked":"Ghostly Armor","floor":30},{"not_picked":["True Grit","Heavy Blade","ReplayReversal"],"picked":"Replay:Undeath\u0027s Touch","floor":31},{"not_picked":["Immolate","Demonic Infusion","Demon Form"],"picked":"Exhume","floor":33},{"not_picked":["ReplayTheSpireMod:Limb From Limb","Pommel Strike","Cleave"],"picked":"Intimidate+1","floor":35},{"not_picked":["Dropkick","Whirlwind","ReplayTheSpireMod:Limb From Limb"],"picked":"Thunderclap","floor":36},{"not_picked":["ReplayTheSpireMod:Muscle Training","Headbutt+1","Immolate"],"picked":"Shrug It Off+1","floor":40},{"not_picked":["Dark Embrace","Uppercut","Body Slam"],"picked":"Rupture","floor":41},{"not_picked":["Twin Strike+1","Headbutt+1","Rage"],"picked":"Life Link","floor":42}],"player_experience":824014,"relics_obtained":[{"floor":6,"key":"Shovel"},{"floor":8,"key":"Letter Opener"},{"floor":9,"key":"WingedGreaves"},{"floor":10,"key":"Champion Belt"},{"floor":13,"key":"MealTicket"},{"floor":23,"key":"Replay:WaspNest"},{"floor":25,"key":"StoneCalendar"},{"floor":26,"key":"Bottled Tornado"},{"floor":27,"key":"Tiny Chest"},{"floor":28,"key":"CeramicFish"},{"floor":29,"key":"Girya"},{"floor":38,"key":"Lizard Tail"},{"floor":40,"key":"Regal Pillow"},{"floor":42,"key":"Replay:Arrowhead"},{"floor":45,"key":"Incense Burner"}],"event_choices":[{"damage_healed":0,"gold_gain":0,"player_choice":"Donut","damage_taken":0,"max_hp_gain":5,"max_hp_loss":0,"event_name":"Big Fish","floor":3,"gold_loss":0},{"damage_healed":0,"gold_gain":0,"player_choice":"Relic ","damage_taken":5,"max_hp_gain":0,"max_hp_loss":0,"event_name":"betterThird:BetterScrap","floor":4,"gold_loss":0,"cards_obtained":["ReplayTheSpireMod:Necrosis"]},{"cards_removed":["Strike_R"],"damage_healed":0,"gold_gain":0,"player_choice":"Card Removal","damage_taken":0,"max_hp_gain":0,"max_hp_loss":0,"event_name":"The Cleric","floor":11,"gold_loss":75},{"damage_healed":0,"gold_gain":50,"player_choice":"Touch","damage_taken":8,"max_hp_gain":0,"max_hp_loss":0,"event_name":"FaceTrader","floor":12,"gold_loss":0},{"cards_removed":["Twin Strike"],"damage_healed":0,"gold_gain":0,"player_choice":"Removed Attack","damage_taken":0,"max_hp_gain":0,"max_hp_loss":0,"event_name":"Falling","floor":37,"gold_loss":0}],"is_beta":false,"boss_relics":[{"not_picked":["SlaversCollar","Astrolabe"],"picked":"Honey Jar"},{"not_picked":["ChewingGum","Philosopher\u0027s Stone"],"picked":"Mark of Pain"}],"items_purged_floors":[19,39],"is_endless":false,"potions_floor_spawned":[2,6,7,16,20,23,27,30,35,42],"killed_by":"Spire Growth","ascension_level":20}}