{"host":"4myl0piycjadqnwl","time":1608604871,"event":{"mods":["BaseMod","Colored Map","Downfall","Minty Spire (QoL Compilation)","StSLib"],"gold_per_floor":[99,116,22,40,57,57,57,83,99,134,134,151,165,175,187,284,334,334,354,354,367,367,380,407,426,276,289,307,318,334,334,354,458,458,458,474,124,144,161,176,229,262,272,301,226,251,251,172,190,190,190,225,100,100,100],"floor_reached":56,"playtime":5398,"items_purged":["champ:Strike","champ:Strike","champ:Strike"],"score":1623,"play_id":"e7e3cd6d-68cb-4dd0-b20b-faec9e99c39a","local_time":"20201222034111","is_ascension_mode":true,"campfire_choices":[{"data":"champ:Taunt","floor":1.0,"key":"SMITH"},{"data":"champ:Circumvent","floor":6.0,"key":"SMITH"},{"floor":18.0,"key":"RECALL"},{"data":"champ:FocusedDefense","floor":26.0,"key":"SMITH"},{"data":"champ:Improvising","floor":35.0,"key":"SMITH"},{"data":"champ:StanceDance","floor":45,"key":"SMITH"},{"data":"champ:EnGarde","floor":54,"key":"SMITH"}],"circlet_count":0,"master_deck":["champ:Strike","champ:Defend","champ:Defend","champ:Defend","champ:Defend","champ:Execute","champ:Taunt+1","champ:TornadoPunch","champ:TornadoPunch","champ:DefensiveShout","champ:Control","champ:Circumvent+1","champ:EnGarde+1","champ:StanceDance+1","champ:Control","champ:FocusedDefense+1","champ:VampiricStrike+1","champ:BringItOn+1","champ:BringItOn+1","champ:ShieldSigil+1","champ:Circumvent","champ:ShieldSigil","champ:Circumvent","champ:Improvising+1","champ:Circumvent+1","champ:ShieldThrow","champ:DefensiveShout+1","champ:Circumvent+1","champ:ShieldSigil+1","champ:Improvising+1"],"relics":["champ:ChampionCrown","CaptainsWheel","Sundial","Mango","Bag of Preparation","Tiny House","champ:DefensiveTrainingManual","downfall:HeartBlessingRed","downfall:HeartBlessingGreen","Philosopher\u0027s Stone","Singing Bowl","Pocketwatch","Girya","downfall:HeartBlessingBlue","Dream Catcher","DollysMirror","PreservedInsect","Happy Flower"],"acts_visited":["Exordium","TheCity","TheBeyond","TheEnding"],"potions_floor_usage":[37,55,55],"damage_taken":[{"damage":10.0,"enemies":"Cultist","floor":2.0,"turns":4.0},{"damage":10.0,"enemies":"downfall:FleeingMerchant","floor":3.0,"turns":4.0},{"damage":0.0,"enemies":"Jaw Worm","floor":4.0,"turns":3.0},{"damage":0.0,"enemies":"Small Slimes","floor":5.0,"turns":3.0},{"damage":14.0,"enemies":"3 Sentries","floor":8.0,"turns":5.0},{"damage":0.0,"enemies":"Lots of Slimes","floor":9.0,"turns":4.0},{"damage":0.0,"enemies":"Lagavulin","floor":10.0,"turns":5.0},{"damage":9.0,"enemies":"Blue Slaver","floor":12.0,"turns":3.0},{"damage":14.0,"enemies":"3 Louse","floor":13.0,"turns":3.0},{"damage":0.0,"enemies":"Lots of Slimes","floor":14.0,"turns":1.0},{"damage":4.0,"enemies":"Red Slaver","floor":15.0,"turns":3.0},{"damage":63.0,"enemies":"downfall:Defect","floor":16.0,"turns":8.0},{"damage":48.0,"enemies":"Shell Parasite","floor":19.0,"turns":9.0},{"damage":15.0,"enemies":"Chosen","floor":21.0,"turns":6.0},{"damage":10.0,"enemies":"Centurion and Healer","floor":23.0,"turns":5.0},{"damage":8.0,"enemies":"Snake Plant","floor":25.0,"turns":2.0},{"damage":0.0,"enemies":"Chosen and Byrds","floor":27.0,"turns":4.0},{"damage":0.0,"enemies":"3 Cultists","floor":28.0,"turns":4.0},{"damage":14.0,"enemies":"Centurion and Healer","floor":29.0,"turns":11.0},{"damage":0.0,"enemies":"Snake Plant","floor":30.0,"turns":2.0},{"damage":0.0,"enemies":"Shelled Parasite and Fungi","floor":32.0,"turns":3.0},{"damage":14.0,"enemies":"downfall:Ironclad","floor":33.0,"turns":9.0},{"damage":0.0,"enemies":"Orb Walker","floor":36.0,"turns":2.0},{"damage":24,"enemies":"downfall:FleeingMerchant","floor":37,"turns":4},{"damage":4,"enemies":"3 Shapes","floor":38,"turns":8},{"damage":9,"enemies":"Sphere and 2 Shapes","floor":39,"turns":7},{"damage":0,"enemies":"Jaw Worm Horde","floor":40,"turns":2},{"damage":76,"enemies":"Giant Head","floor":42,"turns":9},{"damage":0,"enemies":"Maw","floor":43,"turns":5},{"damage":0,"enemies":"Nemesis","floor":44,"turns":3},{"damage":38,"enemies":"Giant Head","floor":46,"turns":9},{"damage":0,"enemies":"downfall:FleeingMerchant","floor":48,"turns":2},{"damage":0,"enemies":"Writhing Mass","floor":49,"turns":3},{"damage":0,"enemies":"downfall:Watcher","floor":50,"turns":6},{"damage":16,"enemies":"downfall:CharBossMerchant","floor":52,"turns":6},{"damage":30,"enemies":"downfall:NeowBoss","floor":55,"turns":31}],"seed_played":"-1951875201649166291","potions_obtained":[{"floor":4.0,"key":"Block Potion"},{"floor":8.0,"key":"Energy Potion"},{"floor":9.0,"key":"AttackPotion"},{"floor":11.0,"key":"Dexterity Potion"},{"floor":15.0,"key":"Swift Potion"},{"floor":17.0,"key":"FearPotion"},{"floor":19.0,"key":"champ:CounterPotion"},{"floor":28.0,"key":"Energy Potion"},{"floor":30.0,"key":"SneckoOil"},{"floor":33.0,"key":"GamblersBrew"},{"floor":38,"key":"champ:OpenerPotion"},{"floor":49,"key":"PowerPotion"}],"is_trial":false,"path_per_floor":["R","M","$","M","M","R","T","E","M","E","?","M","M","M","M","B",null,"R","M","?","M","?","M","T","M","R","M","M","M","M","?","M","B",null,"R","M","$","M","M","M","T","E","M","E","R","E","?","$","M","B",null,"E","$","R","B",null],"character_chosen":"THE_CHAMP","items_purchased":["champ:TornadoPunch","champ:DefensiveShout","Singing Bowl","DollysMirror","PreservedInsect"],"campfire_rested":0,"item_purchase_floors":[3,3,37,48,48],"current_hp_per_floor":[81,81,81,81,81,81,81,81,81,81,81,77,71,71,67,9,100,100,57,57,59,24,24,24,16,16,16,28,26,26,59,59,45,100,100,100,100,98,102,104,104,44,58,58,68,62,27,29,39,49,124,118,118,118,100],"gold":100,"neow_bonus":"ONE_RARE_RELIC","is_daily":false,"chose_seed":false,"campfire_upgraded":6,"win_rate":0.0,"timestamp":1608604871,"path_taken":["R","M","?","M","M","R","T","E","M","E","?","M","?","?","M","BOSS","R","M","?","M","?","M","T","M","R","M","M","?","M","?","M","BOSS","R","M","$","M","M","M","T","E","M","E","R","E","?","$","M","BOSS","E","$","R","BOSS"],"items_purchased_type":["Card","Card","Relic","Relic","Relic"],"build_version":"2020-12-13","purchased_purges":3,"victory":true,"max_hp_per_floor":[81,81,81,81,81,81,81,95,95,95,95,95,95,95,95,95,100,100,100,100,100,100,100,100,100,100,100,100,100,100,100,100,100,100,100,100,100,102,102,104,104,106,108,108,118,120,120,122,124,124,124,126,126,126,126],"card_choices":[{"not_picked":["champ:EnragedBash","champ:PerfectedStrike","champ:BladeFlurry"],"picked":"SKIP","floor":2.0},{"not_picked":["champ:EnchantCrown","champ:PerfectedStrike"],"picked":"champ:TornadoPunch","floor":3.0},{"not_picked":["champ:FocusedBerserking","champ:FlashCut"],"picked":"champ:Control","floor":4.0},{"not_picked":["champ:PreciseThrust","champ:FocusedGladiator"],"picked":"champ:Circumvent","floor":5.0},{"not_picked":["champ:Aggression","champ:FlashCut","champ:ViciousMockery"],"picked":"SKIP","floor":8.0},{"not_picked":["champ:Haymaker","champ:Backstep"],"picked":"champ:EnGarde","floor":9.0},{"not_picked":["champ:LastStand","champ:EnchantShield"],"picked":"champ:StanceDance","floor":10.0},{"not_picked":["champ:FanOfKnives","champ:Haymaker","champ:RageSigil"],"picked":"SKIP","floor":12.0},{"not_picked":["champ:GladiatorsShout","champ:ArenaPreparation"],"picked":"champ:Control","floor":13.0},{"not_picked":["champ:RisingSlash","champ:Control"],"picked":"champ:FocusedDefense","floor":14.0},{"not_picked":["champ:GladiatorsShout","champ:EnragedBash","champ:CalledShot"],"picked":"SKIP","floor":15.0},{"not_picked":["champ:GladiatorsShout","champ:EnragedBash","champ:CalledShot"],"picked":"SKIP","floor":15.0},{"not_picked":["champ:HoldFirm","champ:ShieldSlam"],"picked":"champ:VampiricStrike","floor":16.0},{"not_picked":["champ:PerfectedStrike","champ:FlashCut"],"picked":"champ:BringItOn+1","floor":19.0},{"not_picked":["champ:BerserkersShout+1","champ:BerserkerStyle+1"],"picked":"champ:BringItOn+1","floor":21.0},{"not_picked":["champ:TornadoPunch","champ:StanceDance+1"],"picked":"champ:ShieldSigil+1","floor":23.0},{"not_picked":["champ:Devastate","champ:AdrenalArmor"],"picked":"champ:Circumvent","floor":25.0},{"not_picked":["champ:SwordSigil","champ:DefensiveShout"],"picked":"champ:ShieldSigil","floor":27.0},{"not_picked":["champ:DefensiveShout","champ:BerserkersShout"],"picked":"champ:Circumvent","floor":28.0},{"not_picked":["champ:FanOfKnives+1","champ:CalledShot+1","champ:Duel"],"picked":"SKIP","floor":29.0},{"not_picked":["champ:FocusedGladiator","champ:Backstep+1"],"picked":"champ:Improvising","floor":30.0},{"not_picked":["champ:BerserkersShout","champ:FlashCut+1"],"picked":"champ:Circumvent+1","floor":32.0},{"not_picked":["champ:LastStand","champ:EnchantShield"],"picked":"champ:ShieldThrow","floor":33.0},{"not_picked":["champ:PerfectedStrike","champ:GladiatorsShout"],"picked":"champ:DefensiveShout+1","floor":36.0},{"not_picked":["champ:ArenaPreparation","champ:Haymaker+1","champ:AdrenalArmor"],"picked":"SKIP","floor":37},{"not_picked":["champ:BladeFlurry","champ:DeathBlow","champ:GutPunch+1"],"picked":"Singing Bowl","floor":38},{"not_picked":["champ:StanceDance+1","champ:Backstep"],"picked":"champ:Circumvent+1","floor":39},{"not_picked":["champ:FlashCut","champ:ArenaPreparation","champ:BringItOn+1"],"picked":"Singing Bowl","floor":40},{"not_picked":["champ:CrownThrow","champ:BerserkersShout","champ:MurderStrike"],"picked":"Singing Bowl","floor":42},{"not_picked":["champ:Encircle+1","champ:BringItOn","champ:StanceDance"],"picked":"Singing Bowl","floor":43},{"not_picked":["champ:ShieldThrow","champ:GutPunch+1"],"picked":"champ:ShieldSigil+1","floor":44},{"not_picked":["champ:RisingSlash+1","champ:RageSigil","champ:TornadoPunch"],"picked":"Singing Bowl","floor":46},{"not_picked":["champ:RecklessLeap","champ:CrookedStrike","champ:Backstep"],"picked":"Singing Bowl","floor":48},{"not_picked":["champ:ViciousMockery","champ:Encircle+1","champ:FanOfKnives+1"],"picked":"Singing Bowl","floor":49},{"not_picked":["champ:ShieldWall+1","champ:GladiatorsShout+1","champ:FocusedBerserking"],"picked":"Singing Bowl","floor":52}],"player_experience":1377610,"relics_obtained":[{"floor":7.0,"key":"Sundial"},{"floor":8.0,"key":"Mango"},{"floor":10.0,"key":"Bag of Preparation"},{"floor":24.0,"key":"champ:DefensiveTrainingManual"},{"floor":42,"key":"Pocketwatch"},{"floor":44,"key":"Girya"},{"floor":46,"key":"Dream Catcher"},{"floor":52,"key":"Happy Flower"}],"event_choices":[{"damage_healed":0.0,"max_hp_gain":0.0,"max_hp_loss":0.0,"gold_gain":0.0,"event_name":"Lab","player_choice":"Got Potions","floor":11.0,"gold_loss":0.0,"damage_taken":0.0},{"damage_healed":0.0,"max_hp_gain":0.0,"max_hp_loss":0.0,"gold_gain":0.0,"event_name":"Vampires","player_choice":"Ignored","floor":20.0,"gold_loss":0.0,"damage_taken":0.0},{"damage_healed":33.0,"max_hp_gain":0.0,"max_hp_loss":0.0,"gold_gain":0.0,"event_name":"The Library","player_choice":"Heal","floor":31.0,"gold_loss":0.0,"damage_taken":0.0}],"is_beta":false,"boss_relics":[{"not_picked":["Velvet Choker","champ:PowerArmor"],"picked":"Tiny House"},{"not_picked":["Cursed Key","Empty Cage"],"picked":"Philosopher\u0027s Stone"}],"items_purged_floors":[37,48,53],"is_endless":false,"potions_floor_spawned":[4,8,9,12,14,15,19,23,28,30,33,38,39,42,43,46,49],"ascension_level":4}}