{"host":"vyt5ne9ydo1z9gg1","time":1608608630,"event":{"mods":["BaseMod","Curses Come First","DeckTracker","GifTheSpireLib","Minty Spire (QoL Compilation)","StSLib"],"gold_per_floor":[17,28,28,39,56,56,86,86,109,109,129,129,162,174,174,274,274,284,26,36,36,53,53,65,96,96,96,106,120,120,140,140,140,140],"floor_reached":33,"playtime":1648,"items_purged":[],"score":376,"play_id":"4f39c18b-ad5b-4111-86dd-a9482f461d34","local_time":"20201222144350","is_ascension_mode":true,"campfire_choices":[{"data":"Pummel","floor":6,"key":"SMITH"},{"floor":8,"key":"REST"},{"floor":15,"key":"REST"},{"floor":23,"key":"REST"},{"floor":27,"key":"REST"},{"floor":30,"key":"REST"},{"data":"Flame Barrier","floor":32,"key":"SMITH"}],"circlet_count":0,"master_deck":["Strike_R","Defend_R","Defend_R","Bash","Dark Embrace+1","Sentinel","Spot Weakness","Pummel+1","Demon Form","Sentinel","Cleave","Flame Barrier+1","Sword Boomerang","Feed","Iron Wave+1","Combust+1","Demon Form+1","Heavy Blade+1","Heavy Blade","Feel No Pain","Inflame+1","Sword Boomerang+1","Metallicize+1","Combust+1"],"relics":["Burning Blood","Bird Faced Urn","Regal Pillow","Potion Belt","Astrolabe","Pear","Anchor","Frozen Egg 2"],"acts_visited":["Exordium","TheCity"],"potions_floor_usage":[7,12,13,13,16,20,24,25,33,33,33],"damage_taken":[{"damage":3,"enemies":"2 Louse","floor":1,"turns":4},{"damage":16,"enemies":"Small Slimes","floor":2,"turns":4},{"damage":11,"enemies":"Cultist","floor":4,"turns":4},{"damage":14,"enemies":"Blue Slaver","floor":5,"turns":5},{"damage":20,"enemies":"Gremlin Nob","floor":7,"turns":4},{"damage":65,"enemies":"Gremlin Gang","floor":11,"turns":5},{"damage":23,"enemies":"3 Sentries","floor":13,"turns":5},{"damage":14,"enemies":"Large Slime","floor":14,"turns":5},{"damage":58,"enemies":"Hexaghost","floor":16,"turns":12},{"damage":45,"enemies":"3 Byrds","floor":18,"turns":4},{"damage":10,"enemies":"2 Thieves","floor":20,"turns":3},{"damage":34,"enemies":"Snake Plant","floor":22,"turns":4},{"damage":21,"enemies":"Snecko","floor":24,"turns":5},{"damage":43,"enemies":"Gremlin Leader","floor":25,"turns":7},{"damage":27,"enemies":"Chosen and Byrds","floor":28,"turns":6},{"damage":30,"enemies":"Sentry and Sphere","floor":29,"turns":5},{"damage":44,"enemies":"Snake Plant","floor":31,"turns":6},{"damage":102,"enemies":"Champ","floor":33,"turns":9}],"seed_played":"4911754138157952849","potions_obtained":[{"floor":4,"key":"GamblersBrew"},{"floor":7,"key":"SneckoOil"},{"floor":12,"key":"BloodPotion"},{"floor":12,"key":"Block Potion"},{"floor":12,"key":"LiquidBronze"},{"floor":14,"key":"SkillPotion"},{"floor":16,"key":"CultistPotion"},{"floor":20,"key":"DuplicationPotion"},{"floor":22,"key":"AttackPotion"},{"floor":25,"key":"GamblersBrew"},{"floor":31,"key":"Regen Potion"}],"is_trial":false,"path_per_floor":["M","M","?","M","M","R","E","R","T","?","M","?","E","M","R","B",null,"M","$","M","?","M","R","M","E","T","R","M","M","R","M","R","B"],"character_chosen":"IRONCLAD","items_purchased":["Pear"],"campfire_rested":5,"item_purchase_floors":[19],"current_hp_per_floor":[80,70,70,65,57,57,43,80,80,80,23,39,26,20,59,11,63,26,36,35,35,9,51,47,18,18,61,53,37,81,53,53,0,0],"gold":140,"neow_bonus":"ONE_RARE_RELIC","is_daily":false,"chose_seed":false,"campfire_upgraded":2,"win_rate":0.0,"timestamp":1608608630,"path_taken":["M","M","?","M","M","R","E","R","T","?","?","?","E","?","R","BOSS","M","$","M","?","M","R","M","E","T","R","M","M","R","M","R","BOSS"],"items_purchased_type":["Relic"],"build_version":"2020-12-13","purchased_purges":0,"victory":false,"max_hp_per_floor":[80,80,80,80,80,80,80,80,80,80,80,80,80,80,80,80,80,80,90,93,93,93,93,96,96,96,96,99,99,99,99,99,99,99],"card_choices":[{"not_picked":["Headbutt","Power Through"],"picked":"Dark Embrace","floor":1},{"not_picked":["Clothesline","Pommel Strike"],"picked":"Sentinel","floor":2},{"not_picked":["Flex","Anger"],"picked":"Spot Weakness","floor":4},{"not_picked":["Carnage","Armaments"],"picked":"Pummel","floor":5},{"not_picked":["Perfected Strike","Dual Wield"],"picked":"Demon Form","floor":7},{"not_picked":["Clash","Body Slam"],"picked":"Cleave","floor":11},{"not_picked":["Intimidate","Brutality"],"picked":"Flame Barrier","floor":13},{"not_picked":["Thunderclap","Cleave"],"picked":"Sword Boomerang","floor":14},{"not_picked":["Immolate","Double Tap"],"picked":"Feed","floor":16},{"not_picked":["Cleave","Havoc"],"picked":"Heavy Blade+1","floor":18},{"not_picked":["Flex","Cleave","Wild Strike"],"picked":"SKIP","floor":20},{"not_picked":["Warcry","Anger"],"picked":"Inflame+1","floor":22},{"not_picked":["Pummel+1","Heavy Blade"],"picked":"Sword Boomerang+1","floor":24},{"not_picked":["Fire Breathing","Flex","Impervious"],"picked":"SKIP","floor":25},{"not_picked":["Disarm","Pommel Strike+1"],"picked":"Metallicize+1","floor":28},{"not_picked":["Perfected Strike","Rampage","Headbutt"],"picked":"SKIP","floor":29},{"not_picked":["Twin Strike","Clash"],"picked":"Combust+1","floor":31}],"player_experience":118715,"relics_obtained":[{"floor":7,"key":"Regal Pillow"},{"floor":13,"key":"Potion Belt"},{"floor":25,"key":"Anchor"},{"floor":26,"key":"Frozen Egg 2"}],"event_choices":[{"damage_healed":0,"gold_gain":0,"player_choice":"Grow","damage_taken":0,"max_hp_gain":0,"max_hp_loss":0,"event_name":"Living Wall","floor":3,"gold_loss":0,"cards_upgraded":["Dark Embrace"]},{"damage_healed":0,"gold_gain":0,"cards_transformed":["Strike_R"],"player_choice":"Transformed","damage_taken":0,"max_hp_gain":0,"max_hp_loss":0,"event_name":"Transmorgrifier","floor":10,"gold_loss":0,"cards_obtained":["Sentinel"]},{"damage_healed":0,"gold_gain":0,"player_choice":"Got Potions","damage_taken":0,"max_hp_gain":0,"max_hp_loss":0,"event_name":"Lab","floor":12,"gold_loss":0},{"damage_healed":0,"gold_gain":0,"cards_transformed":["Strike_R","Strike_R"],"player_choice":"Became Test Subject","damage_taken":0,"max_hp_gain":0,"max_hp_loss":0,"event_name":"Drug Dealer","floor":21,"gold_loss":0,"cards_obtained":["Heavy Blade","Feel No Pain"]}],"is_beta":false,"boss_relics":[{"not_picked":["Cursed Key","Black Star"],"picked":"Astrolabe"}],"items_purged_floors":[],"is_endless":false,"potions_floor_spawned":[4,7,14,16,20,22,25,31],"killed_by":"Champ","ascension_level":5}}