{"host":"yprlv63sq55qj656","time":1608623420,"event":{"mods":["BaseMod","Colored Map","Colored Powertips","Consume Value Calculator","Highlight Path","Minty Spire (QoL Compilation)"],"gold_per_floor":[119,130,130,140,151,151,163,218,218,218,248,50,61,87,87,160,160,180,105,195,207,221,221,221],"floor_reached":23,"playtime":1898,"items_purged":["Coolheaded"],"score":606,"play_id":"a9113235-7db6-46c4-a4c8-270a6fa6e15e","local_time":"20201222015020","daily_mods":["Draft","Uncertain Future"],"is_ascension_mode":true,"campfire_choices":[{"data":"Coolheaded","floor":6,"key":"SMITH"},{"data":"Sunder","floor":10,"key":"SMITH"},{"floor":15,"key":"REST"}],"circlet_count":0,"master_deck":["AscendersBane","Gash","FTL","Turbo","Conserve Battery","Beam Cell","Conserve Battery","Gash","Capacitor","Stack","Coolheaded","Hologram","Coolheaded+1","Go for the Eyes","Leap","Ball Lightning","Sunder+1","Electrodynamics+1","BootSequence","Capacitor+1","Skim"],"relics":["Cracked Core","Regal Pillow","Art of War","Frozen Egg 2","Membership Card","Torii","Nuclear Battery"],"acts_visited":["Exordium","TheCity"],"potions_floor_usage":[8,8,16,23],"damage_taken":[{"damage":5,"enemies":"Jaw Worm","floor":1,"turns":4},{"damage":0,"enemies":"Cultist","floor":2,"turns":4},{"damage":5,"enemies":"Small Slimes","floor":4,"turns":3},{"damage":5,"enemies":"2 Fungi Beasts","floor":5,"turns":4},{"damage":2,"enemies":"Exordium Thugs","floor":7,"turns":5},{"damage":12,"enemies":"Lagavulin Event","floor":8,"turns":6},{"damage":7,"enemies":"Gremlin Nob","floor":11,"turns":4},{"damage":3,"enemies":"Lots of Slimes","floor":13,"turns":5},{"damage":3,"enemies":"Lagavulin","floor":14,"turns":6},{"damage":29,"enemies":"The Guardian","floor":16,"turns":10},{"damage":20,"enemies":"3 Byrds","floor":18,"turns":3},{"damage":2,"enemies":"2 Thieves","floor":21,"turns":3},{"damage":2,"enemies":"3 Cultists","floor":22,"turns":4},{"damage":32,"enemies":"Gremlin Leader","floor":23,"turns":5}],"seed_played":"2982494488722412163","potions_obtained":[{"floor":1,"key":"FocusPotion"},{"floor":4,"key":"SteroidPotion"},{"floor":8,"key":"Regen Potion"},{"floor":14,"key":"ColorlessPotion"},{"floor":16,"key":"Weak Potion"}],"is_trial":true,"path_per_floor":["M","M","?","M","M","R","M","?","T","R","E","$","M","E","R","B",null,"M","?","?","M","M","E"],"character_chosen":"DEFECT","items_purchased":["Membership Card"],"campfire_rested":1,"item_purchase_floors":[12],"current_hp_per_floor":[59,59,59,54,49,49,47,35,35,35,28,28,25,22,58,29,61,41,41,29,27,25,0,0],"gold":221,"neow_bonus":"","is_daily":false,"chose_seed":false,"campfire_upgraded":2,"win_rate":0.0,"timestamp":1608623420,"path_taken":["M","M","?","?","M","R","M","?","T","R","E","$","M","E","R","BOSS","M","?","?","M","M","E"],"items_purchased_type":["Relic"],"build_version":"2020-12-13","purchased_purges":1,"victory":false,"max_hp_per_floor":[71,71,71,71,71,71,71,71,71,71,71,71,71,71,71,71,71,71,71,71,71,71,71,71],"card_choices":[{"not_picked":["Scrape","Darkness"],"picked":"Gash","floor":0},{"not_picked":["Blizzard","Recycle"],"picked":"FTL","floor":0},{"not_picked":["Hologram","Go for the Eyes"],"picked":"Turbo","floor":0},{"not_picked":["Static Discharge","Steam"],"picked":"Conserve Battery","floor":0},{"not_picked":["Loop","Stack"],"picked":"Beam Cell","floor":0},{"not_picked":["FTL","Streamline"],"picked":"Stack","floor":0},{"not_picked":["Beam Cell","Chaos"],"picked":"Conserve Battery","floor":0},{"not_picked":["Barrage","Go for the Eyes"],"picked":"Coolheaded","floor":0},{"not_picked":["Melter","Beam Cell"],"picked":"Gash","floor":0},{"not_picked":["Undo","Rebound"],"picked":"Capacitor","floor":0},{"not_picked":["Storm","Tempest"],"picked":"Stack","floor":0},{"not_picked":["Redo","Doom and Gloom"],"picked":"Coolheaded","floor":0},{"not_picked":["Gash","Go for the Eyes"],"picked":"Hologram","floor":0},{"not_picked":["Stack","Streamline"],"picked":"Coolheaded","floor":0},{"not_picked":["Stack","Hologram"],"picked":"Go for the Eyes","floor":0},{"not_picked":["Sweeping Beam","Doom and Gloom"],"picked":"Leap","floor":1},{"not_picked":["Double Energy","Genetic Algorithm"],"picked":"Ball Lightning","floor":2},{"not_picked":["Blizzard","Go for the Eyes","Fusion"],"picked":"SKIP","floor":4},{"not_picked":["Steam","Go for the Eyes","Recycle"],"picked":"SKIP","floor":5},{"not_picked":["Skim","Ball Lightning"],"picked":"Sunder","floor":7},{"not_picked":["Chill","Barrage","Scrape"],"picked":"SKIP","floor":11},{"not_picked":["Sweeping Beam","Leap"],"picked":"Electrodynamics+1","floor":13},{"not_picked":["Rip and Tear","Turbo"],"picked":"BootSequence","floor":14},{"not_picked":["Cold Snap","Darkness"],"picked":"Capacitor+1","floor":18},{"not_picked":["Rebound","Hello World+1"],"picked":"Skim","floor":21},{"not_picked":["Hologram","Redo","Lockon"],"picked":"SKIP","floor":22}],"player_experience":1034852,"relics_obtained":[{"floor":8,"key":"Regal Pillow"},{"floor":9,"key":"Art of War"},{"floor":11,"key":"Frozen Egg 2"},{"floor":14,"key":"Torii"}],"event_choices":[{"damage_healed":0,"gold_gain":0,"player_choice":"0 cards matched","damage_taken":0,"max_hp_gain":0,"max_hp_loss":0,"event_name":"Match and Keep!","floor":3,"gold_loss":0,"cards_obtained":[]},{"damage_healed":0,"gold_gain":0,"player_choice":"Searched \u00271\u0027 times","damage_taken":0,"max_hp_gain":0,"max_hp_loss":0,"event_name":"Dead Adventurer","floor":8,"gold_loss":0},{"cards_removed":["Stack"],"damage_healed":0,"gold_gain":0,"player_choice":"Gave Gold","damage_taken":0,"max_hp_gain":0,"max_hp_loss":0,"event_name":"Beggar","floor":19,"gold_loss":75},{"damage_healed":0,"gold_gain":90,"player_choice":"GOLD ","damage_taken":12,"max_hp_gain":0,"max_hp_loss":0,"event_name":"Knowing Skull","floor":20,"potions_obtained":[],"gold_loss":0,"cards_obtained":[]}],"is_beta":false,"boss_relics":[{"not_picked":["Ectoplasm","Tiny House"],"picked":"Nuclear Battery"}],"items_purged_floors":[12],"is_endless":true,"potions_floor_spawned":[1,4,8,14,16,21],"killed_by":"Gremlin Leader","ascension_level":20}}