{"host":"nx6ib2o6hmd449ys","time":1608622130,"event":{"mods":["2.2 Compatiblity","Act Like it!","Aspiration","BaseMod","Better Silent Start","Better Third Choice","BetterRewards","CCEM","Colored Powertips","Conjunction","Conspire","Downfall","Eldritch Tears","Energized Spire","Gensokyo","GifTheSpireLib","GungeonMod","Halation","Hallownest","Hubris","Infinite Spire","Jedi Mod","Lobotomy","LobotomyExtend","Marisa????????","Minty Spire (QoL Compilation)","MostiFishMod","Quick Restart","RRrroohrrRGHHhhh!!","Rare Cards Sparkle","RatMod","Replay The Spire","RumiaBox-????????","Shop Mod","Small Relic Pack","Spicy Shops","Spikes Relics","StSLib","Stuff the Spire","TestMod","The Blue Laboratory","The Dragon Tamer","The Exalted","The Jungle","The Marked","The Runesmith","TheVelvet","TheWitcher","Thrall Mod","Wandering Minibosses","[IsaacMod]????","noobMod","vexMod","??????REMEMod"],"gold_per_floor":[113,130,130,130,141,515,531,564,613,712,739,758,776,796,796,891,891,903,919,919,919,934,964,964,979,979,979,990,1007,1267,1286,1306,1306,1306,1405,1405,1405,1412,1423,823,823,823,823,837,862,879,886,124,140,184,184,184,184],"floor_reached":54,"playtime":2541,"items_purged":["Regret"],"score":1112,"play_id":"32d11886-3b5a-47c4-979e-7accabbabc84","local_time":"20201222082850","is_ascension_mode":false,"campfire_choices":[{"data":"Blazing","floor":15,"key":"SMITH"},{"data":"Earthshock","floor":27,"key":"SMITH"},{"data":"Jadelightning","floor":33,"key":"SMITH"},{"floor":51,"key":"DIG"}],"circlet_count":0,"master_deck":["Defend_Thrall","Defend_Thrall+1","Defend_Thrall","Defend_Thrall","Lightningbolt","Thecoin+1","Dustdevil","Healingrain","Jinyu","Flametonguetotem","Earthshock","Blazing+1","Thestormbringer","Menacingnimbus+1","Jadelightning+1","Bite","Bite","Bite","Bite","Bite","Earthshock+1","Thecoin","FlyingSleeves","Totemicsmash+1","SashWhip+1","Jadelightning+1","Fireelemental+1","DemoMod:Elimentaler","Thralldeathseer","Madness","Madness","Totemicsmash","testmod-Provocation","Avalanche+1"],"relics":["Totem","HushsDoor","DaveBox","testmod-TestBox","ice","REME_ComplimentaryCards","SalivaCoin","PatriotShield","testmod-ChristmasGift","Art of War","Omegamind","ReplayTheSpireMod:CursedCoin","Peace Pipe","Question Card","LetterFromLob","DemoMod:GlassGuonStoneRelic","Gensokyo:OccultBall","Orichalcum","Runesmith:Locket","Anchor","Dream Catcher","ImportantClient","ChiXiaoBlade","War Paint","ReplayTheSpireMod:Shallot","aspiration:WatcherSkillbook","DemoMod:RatBoots","DemoMod:ResourcefulSack","DemoMod:PartiallyEatenCheese","Replay:Fungal Core","conspire:SlowCooker","relicPack:WeightedSword","CCEMRelics:CocoNut","aspiration:Nostalgia","PureWater","Kunai","hubris:OldNail","jedi:paperlyon","REME_PuzzleBoxRelic","REME_LimitBreaker","testmod-Charity","vexMod:Dragonfruit","Juzu Bracelet","halation:IllGainedPizza","Bag of Marbles"],"acts_visited":["Gensokyo:Gensokyo","TheCity","TheCity","TheBeyond"],"potions_floor_usage":[34],"damage_taken":[{"damage":0.0,"enemies":"Gensokyo:Gryphon","floor":1.0,"turns":1.0},{"damage":0.0,"enemies":"Gensokyo:3_Fairies","floor":2.0,"turns":6.0},{"damage":0.0,"enemies":"Gensokyo:2_Kodama","floor":5.0,"turns":1.0},{"damage":34.0,"enemies":"Gensokyo:Mamizou","floor":6.0,"turns":3.0},{"damage":0.0,"enemies":"Gensokyo:Kitsune","floor":7.0,"turns":2.0},{"damage":0,"enemies":"Gensokyo:Cirno","floor":8,"turns":7},{"damage":0,"enemies":"Gensokyo:Mamizou","floor":11,"turns":4},{"damage":0,"enemies":"Gensokyo:2_Rabbits","floor":12,"turns":2},{"damage":0,"enemies":"Gensokyo:Gryphon_and_Rabbit","floor":13,"turns":2},{"damage":0,"enemies":"Gensokyo:3_Kodama","floor":14,"turns":2},{"damage":0,"enemies":"Gensokyo:Yukari","floor":16,"turns":7},{"damage":0,"enemies":"2 Thieves","floor":18,"turns":2},{"damage":0,"enemies":"Chosen","floor":19,"turns":1},{"damage":0,"enemies":"Shelled Parasite and Fungi","floor":22,"turns":3},{"damage":0,"enemies":"Gremlin Leader","floor":23,"turns":1},{"damage":0,"enemies":"Centurion and Healer","floor":25,"turns":2},{"damage":0,"enemies":"DemoMod:Red_and_blue_shotgun_kin","floor":28,"turns":2},{"damage":0,"enemies":"DemoMod:4_Bullet_Kins","floor":29,"turns":2},{"damage":24,"enemies":"DemoMod:Red_and_blue_shotgun_kin_with_gunsinger","floor":30,"turns":2},{"damage":0,"enemies":"DemoMod:Veteran_shot_gun_kin_and_blue_shotgun_kin_with_gunsinger","floor":31,"turns":2},{"damage":0,"enemies":"DemoMod:Veteran_shot_gun_kin_and_blue_shotgun_kin","floor":32,"turns":1},{"damage":0,"enemies":"DemoMod:ResourcefulRat","floor":35,"turns":11},{"damage":0,"enemies":"3 Darklings","floor":39,"turns":1},{"damage":0,"enemies":"3 Shapes","floor":44,"turns":1},{"damage":0,"enemies":"Jaw Worm Horde","floor":46,"turns":1},{"damage":0,"enemies":"Transient","floor":49,"turns":3},{"damage":14,"enemies":"4 Shapes","floor":50,"turns":1},{"damage":0,"enemies":"hubris:GrandSnecko","floor":52,"turns":1}],"seed_played":"-6241777627584058122","potions_obtained":[{"floor":50,"key":"sneckomod:MuddlingPotion"}],"is_trial":false,"path_per_floor":["M","M","?","?","M","E","M","E","T","?","E","M","M","M","R","B",null,"M","M","$","?","M","E","AVR","M","T","R","M","M","M","M","M","R","B","B",null,"M","?","M","$","?","R","AVR","M","T","M","?","$","M","M","R","B",null,null],"character_chosen":"THRALL","items_purchased":["Art of War","Omegamind","DemoMod:GnawedKey","ReplayTheSpireMod:CursedCoin","relicPack:WeightedSword","CCEMRelics:CocoNut","aspiration:Nostalgia","Kunai","REME_LimitBreaker","testmod-Charity","vexMod:Dragonfruit","Juzu Bracelet","halation:IllGainedPizza"],"campfire_rested":0,"item_purchase_floors":[0,0,0,0,40,40,40,40,48,48,48,48,48],"current_hp_per_floor":[42,62,62,62,68,49,57,70,70,55,70,70,70,70,70,70,70,70,70,70,49,49,49,49,49,49,49,49,49,49,49,49,49,49,49,49,49,43,43,48,48,48,48,49,49,54,39,44,60,60,60,62,62],"gold":184,"neow_bonus":"","is_daily":false,"chose_seed":false,"campfire_upgraded":3,"win_rate":0.0,"timestamp":1608622130,"path_taken":["M","M","?","?","M","E","M","E","T","?","E","?","M","M","R","BOSS","M","M","$","?","M","E","AVR","M","T","R","M","M","M","M","M","R","BOSS","BOSS","M","?","M","$","?","R","AVR","M","T","M","?","$","M","M","R","BOSS"],"items_purchased_type":["Relic","Relic","Relic","Relic","Relic","Relic","Relic","Relic","Relic","Relic","Relic","Relic","Relic"],"build_version":"2020-12-13","purchased_purges":1,"victory":true,"max_hp_per_floor":[70,70,70,70,70,70,70,70,70,70,70,70,70,70,70,70,70,70,70,70,49,49,49,49,49,49,49,49,49,49,49,49,49,49,49,49,49,49,49,54,54,54,54,54,54,54,54,59,60,74,74,75,75],"card_choices":[{"not_picked":["Menacingnimbus","Tidalsurge"],"picked":"Healingrain","floor":1.0},{"not_picked":["Rumblingelemental","Thecoin","Fireelemental","Eureka"],"picked":"SKIP","floor":2.0},{"not_picked":["Totemicsmash","Crackle","Devolve"],"picked":"Jinyu","floor":5.0},{"not_picked":["Dunemaul","Drakkaridefender","Alakir","Eureka"],"picked":"SKIP","floor":6.0},{"not_picked":["Elementaryreaction","Jadecheiftain","Lightningbolt","Airelemental"],"picked":"SKIP","floor":7.0},{"not_picked":["Avalanche","Jinyu","Cryostasis"],"picked":"Flametonguetotem","floor":8},{"not_picked":["Murksparkeel","Frostshock","Airelemental"],"picked":"Earthshock","floor":11},{"not_picked":["Fireelemental","Elementaryreaction","Elementaldestruction"],"picked":"Blazing","floor":12},{"not_picked":["Vitalitytotem","Tidalsurge","Elementaryreaction","Zap"],"picked":"SKIP","floor":13},{"not_picked":["Drakkaridefender","Jadecheiftain","Cryostasis","Farsight"],"picked":"SKIP","floor":14},{"not_picked":["Thralldeathseer","Eternalsentinel","Hagatha"],"picked":"Thestormbringer","floor":16},{"not_picked":["Ancestralknow","Rockbiter","Spiritofthefrog"],"picked":"Menacingnimbus+1","floor":18},{"not_picked":["Wartbringer","Manatidetotem","Jadecheiftain"],"picked":"Jadelightning","floor":19},{"not_picked":["Zap+1","Snowfurygiant","Wartbringer"],"picked":"Earthshock","floor":22},{"not_picked":["Ancestralknow","Cryostasis","Whiteeyes"],"picked":"Thecoin","floor":23},{"not_picked":["Jinyu+1","Likkim","Sanctity","ReachHeaven"],"picked":"FlyingSleeves","floor":25},{"not_picked":["LessonLearned","Rockbiter","ForeignInfluence+1","SignatureMove+1"],"picked":"Totemicsmash+1","floor":28},{"not_picked":["REME_MusicOfDeath","Weave+1","Healingrain","Protect","Halt"],"picked":"SKIP","floor":29},{"not_picked":["Crescendo+1","Indignation","Vitalitytotem","Drakkaridefender"],"picked":"SashWhip+1","floor":30},{"not_picked":["Airelemental","Crescendo","MostiFishMod:Zero-Sum","Protect+1"],"picked":"Jadelightning+1","floor":31},{"not_picked":["JustLucky","Totemicsmash+1","Beakeredlightning","Jadelightning+1"],"picked":"Fireelemental+1","floor":32},{"not_picked":[],"picked":"DemoMod:Elimentaler","floor":35},{"not_picked":["MostiFishMod:ScryFuture","DeusExMachina","MostiFishMod:StarOceanP","MostiFishMod:DustFall"],"picked":"Thralldeathseer","floor":35},{"not_picked":["Halt","Forkedlightning+1","Thecoin","Meditate+1","EmptyMind+1"],"picked":"SKIP","floor":39},{"not_picked":["Snowfurygiant","Forkedlightning+1","Thingfrombelow+1","Prostrate+1"],"picked":"Avalanche+1","floor":44},{"not_picked":["Elementaryreaction+1","Healingwave","SashWhip+1","FlurryOfBlows+1","EmptyMind+1"],"picked":"SKIP","floor":46},{"not_picked":["LessonLearned","ClearTheMind","Vitalitytotem","ForeignInfluence+1","Dustdevil"],"picked":"SKIP","floor":49},{"not_picked":["Wallop","Consecrate+1","Fireelemental","Replay:Vibes","FollowUp"],"picked":"SKIP","floor":50}],"player_experience":338229,"relics_obtained":[{"floor":1.0,"key":"Question Card"},{"floor":1.0,"key":"LetterFromLob"},{"floor":6.0,"key":"Orichalcum"},{"floor":8,"key":"Runesmith:Locket"},{"floor":9,"key":"Anchor"},{"floor":11,"key":"Dream Catcher"},{"floor":13,"key":"Gensokyo:OccultBall"},{"floor":16,"key":"Gensokyo:OccultBall"},{"floor":16,"key":"ImportantClient"},{"floor":23,"key":"War Paint"},{"floor":35,"key":"Gensokyo:OccultBall"},{"floor":36,"key":"DemoMod:RatBoots"},{"floor":36,"key":"DemoMod:ResourcefulSack"},{"floor":36,"key":"DemoMod:PartiallyEatenCheese"},{"floor":36,"key":"Replay:Fungal Core"},{"floor":36,"key":"conspire:SlowCooker"},{"floor":45,"key":"REME_PuzzleBoxRelic"},{"floor":50,"key":"Gensokyo:OccultBall"},{"floor":51,"key":"Bag of Marbles"}],"event_choices":[{"damage_healed":0,"gold_gain":0,"player_choice":"Became a vampire","damage_taken":0,"max_hp_gain":0,"max_hp_loss":21,"event_name":"Vampires","floor":21,"gold_loss":0,"cards_obtained":["Bite","Bite","Bite","Bite","Bite"]},{"damage_healed":0,"gold_gain":0,"player_choice":"Embrace Madness","damage_taken":6,"max_hp_gain":0,"max_hp_loss":0,"event_name":"Winding Halls","floor":38,"gold_loss":0,"cards_obtained":["Madness","Madness"]},{"damage_healed":0,"gold_gain":0,"player_choice":"2 cards matched","damage_taken":0,"max_hp_gain":0,"max_hp_loss":0,"event_name":"Match and Keep!","floor":41,"gold_loss":0,"cards_obtained":["Totemicsmash","testmod-Provocation"]}],"is_beta":false,"boss_relics":[{"not_picked":["Ring of Chaos","Replay:Ancient Bell"],"picked":"ChiXiaoBlade"},{"not_picked":[]},{"not_picked":[]}],"items_purged_floors":[0],"is_endless":false,"potions_floor_spawned":[2,7,13,14,19,22,28,30,39,44,50],"ascension_level":0}}