{"host":"28bpuzdckreop5i0","time":1608649500,"event":{"mods":["BaseMod","BetterRewards","Challenge The Spire","Defuse TimeMaze Blight","Downfall","Energized Spire","Googly Eyes","Hubris","Lobotomy","Mimic Mod","Minty Spire (QoL Compilation)","Relic Stats","Replay The Spire","Spicy Shops","StSLib","The Awakened One except there are too many feathers","The Cursed","The Hierophant","The IronCluck","Thieving Mod","Transform Curses","Wandering Minibosses","slay the spire mod where everything is the same but ironclad has a cowboy hat"],"gold_per_floor":[112,129,149,166,166,198,198,198,198],"floor_reached":8,"playtime":300,"items_purged":[],"score":58,"play_id":"ade1c2e8-1dbb-42dd-849d-6ae2b4b7be39","local_time":"20201222090500","is_ascension_mode":false,"campfire_choices":[{"data":"Offering","floor":7,"key":"SMITH"}],"circlet_count":0,"master_deck":["Strike_R","Strike_R","Strike_R","Strike_R","Strike_R","Defend_R","Defend_R","Defend_R","Defend_R","Bash","OldLady","Armaments","FairyFestival","Clothesline","CherryBlossoms","Offering+1","MeatLantern","Carnage","Yin","hubris:ReadiedAction"],"relics":["Burning Blood","CogitoBucket","hubris:Towel","Oddly Smooth Stone"],"acts_visited":["Exordium"],"potions_floor_usage":[],"damage_taken":[{"damage":6,"enemies":"Cultist","floor":1,"turns":3},{"damage":0,"enemies":"Jaw Worm","floor":2,"turns":3},{"damage":0,"enemies":"Small Slimes","floor":3,"turns":3},{"damage":12,"enemies":"3 Louse","floor":4,"turns":3},{"damage":34,"enemies":"3 Sentries","floor":6,"turns":8},{"damage":67,"enemies":"Gremlin Nob","floor":8,"turns":6}],"seed_played":"-4156272781936386437","potions_obtained":[{"floor":4,"key":"Milkshake"},{"floor":6,"key":"Strength Potion"}],"is_trial":false,"path_per_floor":["M","M","M","M","?","E","R","E"],"character_chosen":"IRONCLAD","items_purchased":[],"campfire_rested":0,"item_purchase_floors":[],"current_hp_per_floor":[80,80,80,77,77,56,56,0,0],"gold":198,"neow_bonus":"","is_daily":false,"chose_seed":false,"campfire_upgraded":1,"win_rate":0.0,"timestamp":1608649500,"path_taken":["M","?","M","M","?","E","R","E"],"items_purchased_type":[],"build_version":"2020-12-13","purchased_purges":0,"victory":false,"max_hp_per_floor":[80,80,80,80,80,80,80,80,80],"relic_stats":{"counters":[19,78],"obtain_stats":[{"RabbitCall":0,"Gremlin Horn":21,"ReplayTheSpireMod:CursedCoin":5,"Nilry\u0027s Codex":28,"hubris:SphereOfDissonance":9,"Oddly Smooth Stone":6,"hubris:Towel":5,"Question Card":23,"Burning Blood":0,"CogitoBucket":0,"hubris:Backtick":17,"Tiny Chest":6,"Another Sword":17,"hubris:ToyBattleship":26,"StrikeDummy":2},{"RabbitCall":0,"Gremlin Horn":9,"ReplayTheSpireMod:CursedCoin":2,"Nilry\u0027s Codex":13,"hubris:SphereOfDissonance":3,"Oddly Smooth Stone":18,"hubris:Towel":17,"Question Card":11,"Burning Blood":0,"CogitoBucket":13,"hubris:Backtick":8,"Tiny Chest":3,"Another Sword":8,"hubris:ToyBattleship":12,"StrikeDummy":1},{"RabbitCall":0,"Gremlin Horn":40,"ReplayTheSpireMod:CursedCoin":5,"Nilry\u0027s Codex":52,"hubris:SphereOfDissonance":13,"Oddly Smooth Stone":72,"hubris:Towel":64,"Question Card":45,"Burning Blood":0,"CogitoBucket":52,"hubris:Backtick":35,"Tiny Chest":13,"Another Sword":35,"hubris:ToyBattleship":49,"StrikeDummy":2}],"Burning Blood":90},"card_choices":[{"not_picked":["FairyFestival","Wellcheers"],"picked":"OldLady","floor":1},{"not_picked":["Rupture","Cleave"],"picked":"Armaments","floor":1},{"not_picked":["BeautyBeast","CrumblingArmor"],"picked":"FairyFestival","floor":2},{"not_picked":["Heavy Blade","Feel No Pain"],"picked":"Clothesline","floor":2},{"not_picked":["Murderer","Wellcheers"],"picked":"CherryBlossoms","floor":3},{"not_picked":["Heavy Blade","Cleave"],"picked":"Offering","floor":3},{"not_picked":["SpiderBud","BeautyBeast"],"picked":"MeatLantern","floor":4},{"not_picked":["Dark Embrace","Second Wind"],"picked":"Carnage","floor":4},{"not_picked":["VoidDream","Murderer"],"picked":"Yin","floor":6},{"not_picked":["Corruption","Rupture"],"picked":"hubris:ReadiedAction","floor":6}],"player_experience":873018,"relics_obtained":[{"floor":6,"key":"Oddly Smooth Stone"}],"event_choices":[],"is_beta":false,"boss_relics":[],"items_purged_floors":[],"is_endless":false,"potions_floor_spawned":[4,6],"killed_by":"Gremlin Nob","ascension_level":0}}