{"host":"28bpuzdckreop5i0","time":1608646065,"event":{"mods":["BaseMod","BetterRewards","Challenge The Spire","Defuse TimeMaze Blight","Downfall","Energized Spire","Googly Eyes","Hubris","Lobotomy","Mimic Mod","Minty Spire (QoL Compilation)","Relic Stats","Replay The Spire","Spicy Shops","StSLib","The Awakened One except there are too many feathers","The Cursed","The Hierophant","The IronCluck","Thieving Mod","Transform Curses","Wandering Minibosses","slay the spire mod where everything is the same but ironclad has a cowboy hat"],"gold_per_floor":[110,25,40,59,72,72,72,87,110,285,285,297,309,320,320,320,320],"floor_reached":16,"playtime":719,"items_purged":[],"score":96,"play_id":"84aeb634-05a7-432c-a5a6-d5d6def9cd83","local_time":"20201222080745","is_ascension_mode":false,"campfire_choices":[{"data":"Rampage","floor":7,"key":"SMITH"},{"floor":15,"key":"REST"}],"circlet_count":0,"master_deck":["Strike_R","Strike_R","Strike_R","Strike_R","Strike_R","Defend_R+1","Defend_R+1","Defend_R+1","Defend_R+1","Bash","OldLady","Rampage+1","FairyFestival","Flame Barrier","BlackSwan","Cleave","CherryBlossoms","hubris:CleavingFinish","QueenOfHatred","Doubt","Wellcheers","Dark Embrace","OSAHOGD","Flex","Freischutz","Twin Strike"],"relics":["Burning Blood","CogitoBucket","Unceasing Top","Replay:Mystery Machine","Replay:Bottled Eggs","BehaviorAdjustment"],"acts_visited":["Exordium"],"potions_floor_usage":[16,16],"damage_taken":[{"damage":7,"enemies":"Small Slimes","floor":1,"turns":5},{"damage":3,"enemies":"Jaw Worm","floor":3,"turns":3},{"damage":6,"enemies":"2 Louse","floor":4,"turns":3},{"damage":8,"enemies":"Red Slaver","floor":5,"turns":4},{"damage":9,"enemies":"2 Fungi Beasts","floor":8,"turns":3},{"damage":57,"enemies":"Exordium Wildlife","floor":12,"turns":7},{"damage":19,"enemies":"Lots of Slimes","floor":13,"turns":3},{"damage":1,"enemies":"Looter","floor":14,"turns":3},{"damage":82,"enemies":"Hexaghost","floor":16,"turns":10}],"seed_played":"6903227704152688739","potions_obtained":[{"floor":1,"key":"Adrenaline Potion"},{"floor":5,"key":"Adrenaline Potion"}],"is_trial":false,"path_per_floor":["M","$","M","M","M","$","R","M","T","?","T","M","M","M","R","B"],"character_chosen":"IRONCLAD","items_purchased":["Unceasing Top"],"campfire_rested":1,"item_purchase_floors":[2],"current_hp_per_floor":[79,79,80,80,80,80,80,77,77,77,77,37,35,48,72,0,0],"gold":320,"neow_bonus":"","is_daily":false,"chose_seed":false,"campfire_upgraded":1,"win_rate":0.0,"timestamp":1608646065,"path_taken":["M","$","M","M","M","$","R","M","T","?","?","M","?","M","R","BOSS"],"items_purchased_type":["Relic"],"build_version":"2020-12-13","purchased_purges":0,"victory":false,"max_hp_per_floor":[80,80,80,80,80,80,80,80,80,80,80,80,80,80,80,80,80],"relic_stats":{"counters":[10,42],"obtain_stats":[{"CogitoBucket":0,"BehaviorAdjustment":12,"Replay:Mystery Machine":9,"Replay:Bottled Eggs":11,"Burning Blood":0,"Unceasing Top":2},{"CogitoBucket":0,"BehaviorAdjustment":7,"Replay:Mystery Machine":5,"Replay:Bottled Eggs":5,"Burning Blood":0,"Unceasing Top":1},{"CogitoBucket":0,"BehaviorAdjustment":26,"Replay:Mystery Machine":18,"Replay:Bottled Eggs":18,"Burning Blood":0,"Unceasing Top":5}],"Burning Blood":44,"Unceasing Top":[2]},"card_choices":[{"not_picked":["CrumblingArmor","LaLuna"],"picked":"OldLady","floor":1},{"not_picked":["Heavy Blade","Body Slam"],"picked":"Rampage","floor":1},{"not_picked":["DreamingCurrent","LittlePrince"],"picked":"FairyFestival","floor":3},{"not_picked":["Sword Boomerang","Twin Strike"],"picked":"Flame Barrier","floor":3},{"not_picked":["BeautyBeast","Bloodbath"],"picked":"BlackSwan","floor":4},{"not_picked":["Exhume","ReplayReversal"],"picked":"Cleave","floor":4},{"not_picked":["CrumblingArmor","SingingMachine"],"picked":"CherryBlossoms","floor":5},{"not_picked":["Wild Strike","Sword Boomerang"],"picked":"hubris:CleavingFinish","floor":5},{"not_picked":["UniverseFragment","Bloodbath"],"picked":"QueenOfHatred","floor":8},{"not_picked":["Entrench","Juggernaut","Warcry"],"picked":"SKIP","floor":8},{"not_picked":["Entrench","Juggernaut","Warcry"],"picked":"SKIP","floor":8},{"not_picked":["Scorched","ShyLook"],"picked":"Wellcheers","floor":12},{"not_picked":["Defy Death","True Grit"],"picked":"Dark Embrace","floor":12},{"not_picked":["MHz","GreedKing"],"picked":"OSAHOGD","floor":13},{"not_picked":["Disarm","Abandon"],"picked":"Flex","floor":13},{"not_picked":["MHz","WallGazer"],"picked":"Freischutz","floor":14},{"not_picked":["Body Slam","Fire Breathing"],"picked":"Twin Strike","floor":14}],"player_experience":869325,"relics_obtained":[{"floor":9,"key":"Replay:Mystery Machine"},{"floor":11,"key":"Replay:Bottled Eggs"}],"event_choices":[{"damage_healed":0,"gold_gain":175,"player_choice":"AGREE","damage_taken":0,"max_hp_gain":0,"max_hp_loss":0,"event_name":"Liars Game","floor":10,"gold_loss":0,"cards_obtained":["Doubt"]}],"is_beta":false,"boss_relics":[],"items_purged_floors":[],"is_endless":false,"potions_floor_spawned":[1,5,14],"killed_by":"Hexaghost","ascension_level":0}}