{"host":"0pljgn4gjyqmpm94","time":1608638492,"event":{"mods":["BaseMod","Downfall","Marisa£®ÏF”Í°°ƒß¿Ì…≥£©","Minty Spire (QoL Compilation)","StSLib","The Servant 0.9.4"],"gold_per_floor":[99,118,129,129,0,0,25,25,40,57,67,93,18,48,64,160,160,85,100,100,10,10,23,97,423,348,348,368,394,394,406,423,519,519,519,533,546,596,596,624,624,635,660,690,677,677,712,726,741,741,741,770,104,104,104],"floor_reached":56,"playtime":3568,"items_purged":["Strike_MRS","Strike_MRS","Defend_MRS"],"score":1614,"play_id":"d30c573c-0e64-43d6-84e4-f60644ee1d1b","local_time":"20201222200132","is_ascension_mode":false,"campfire_choices":[{"floor":1,"key":"RECALL"},{"data":"PulseMagic","floor":13,"key":"SMITH"},{"data":"MillisecondPulsars","floor":18,"key":"SMITH"},{"data":"EventHorizon","floor":26,"key":"SMITH"},{"data":"MysteriousBeam","floor":30,"key":"SMITH"},{"data":"PulseMagic","floor":35,"key":"SMITH"},{"data":"1","floor":46,"key":"LIFT"},{"data":"Singularity","floor":54,"key":"SMITH"}],"circlet_count":0,"master_deck":["Strike_MRS","Defend_MRS","Defend_MRS","MasterSpark","UpSweep","Bandage Up","PulseMagic+1","FairyDestructionRay","AsteroidBelt","EventHorizon+1","PulseMagic+1","MysteriousBeam+1","SuperPerseids","SprinkleStarSeal","PowerUp","PowerUp","MillisecondPulsars+1","MagicChant+1","EarthLightRay+1","EarthLightRay+1","SporeBomb","MysteriousBeam+1","SporeBomb","DarkMatter","SatelliteIllusion","Singularity+1","IllusionStar+1","Acceleration+1","Acceleration+1","EarthLightRay+1","Acceleration","PowerUp","IllusionStar","MysteriousBeam+1","MysteriousBeam+1","LuminesStrike+1"],"relics":["MiniHakkero","Vajra","downfall:HeartBlessingRed","Mango","Black Star","downfall:HeartBlessingBlue","HandmadeGrimoire","Old Coin","Unceasing Top","downfall:HeartBlessingGreen","BreadOfAWashokuLover","Centennial Puzzle","Runic Pyramid","Girya","Ornamental Fan","Happy Flower","Anchor","MagicBroom","MawBank","AmplifyWand","Ancient Tea Set","Bronze Scales","HornCleat","Toy Ornithopter","Calipers","Orrery"],"acts_visited":["Exordium","TheCity","TheBeyond","TheEnding"],"potions_floor_usage":[16,16],"damage_taken":[{"damage":0,"enemies":"Cultist","floor":2,"turns":4},{"damage":11,"enemies":"Jaw Worm","floor":3,"turns":3},{"damage":5,"enemies":"downfall:FleeingMerchant","floor":5,"turns":4},{"damage":4,"enemies":"2 Louse","floor":9,"turns":3},{"damage":12,"enemies":"Blue Slaver","floor":10,"turns":2},{"damage":14,"enemies":"Red Slaver","floor":11,"turns":5},{"damage":19,"enemies":"3 Sentries","floor":12,"turns":5},{"damage":3,"enemies":"Lagavulin","floor":14,"turns":6},{"damage":0,"enemies":"Exordium Wildlife","floor":15,"turns":2},{"damage":8,"enemies":"downfall:Watcher","floor":16,"turns":7},{"damage":20,"enemies":"3 Byrds","floor":19,"turns":6},{"damage":0,"enemies":"Chosen","floor":20,"turns":1},{"damage":0,"enemies":"downfall:FleeingMerchant","floor":21,"turns":4},{"damage":21,"enemies":"Snake Plant","floor":23,"turns":3},{"damage":54,"enemies":"Gremlin Leader","floor":25,"turns":6},{"damage":3,"enemies":"3 Cultists","floor":28,"turns":3},{"damage":20,"enemies":"Slavers","floor":29,"turns":2},{"damage":0,"enemies":"Centurion and Healer","floor":31,"turns":2},{"damage":15,"enemies":"Snake Plant","floor":32,"turns":2},{"damage":3,"enemies":"downfall:Defect","floor":33,"turns":3},{"damage":2,"enemies":"3 Darklings","floor":36,"turns":3},{"damage":16,"enemies":"3 Shapes","floor":37,"turns":2},{"damage":0,"enemies":"Mind Bloom Boss Battle","floor":38,"turns":5},{"damage":0,"enemies":"Reptomancer","floor":40,"turns":3},{"damage":0,"enemies":"Sphere and 2 Shapes","floor":42,"turns":3},{"damage":8,"enemies":"Nemesis","floor":43,"turns":3},{"damage":3,"enemies":"Writhing Mass","floor":44,"turns":2},{"damage":11,"enemies":"downfall:FleeingMerchant","floor":45,"turns":4},{"damage":0,"enemies":"Reptomancer","floor":47,"turns":2},{"damage":0,"enemies":"Transient","floor":48,"turns":4},{"damage":0,"enemies":"Jaw Worm Horde","floor":49,"turns":2},{"damage":0,"enemies":"downfall:Silent","floor":50,"turns":2},{"damage":0,"enemies":"downfall:CharBossMerchant","floor":52,"turns":2},{"damage":0,"enemies":"downfall:NeowBoss","floor":55,"turns":12}],"seed_played":"-7571905425442234372","potions_obtained":[{"floor":2,"key":"EssenceOfSteel"},{"floor":9,"key":"PowerPotion"},{"floor":11,"key":"SpeedPotion"},{"floor":16,"key":"Strength Potion"},{"floor":19,"key":"BlessingOfTheForge"},{"floor":39,"key":"FearPotion"},{"floor":39,"key":"DuplicationPotion"}],"is_trial":false,"path_per_floor":["R","M","M","?","$","?","T","?","M","M","M","E","R","E","M","B",null,"R","M","M","$","?","M","T","E","R","?","M","E","R","M","M","B",null,"R","M","M","?","?","E","T","M","E","M","$","R","E","M","M","B",null,"E","$","R","B",null],"character_chosen":"MARISA","items_purchased":["EventHorizon","PulseMagic","AmplifyWand","Calipers","PowerUp","IllusionStar","Orrery"],"campfire_rested":0,"item_purchase_floors":[5,5,45,53,53,53,53],"current_hp_per_floor":[75,75,64,64,63,63,63,63,63,55,45,30,30,45,49,45,89,99,79,79,83,83,74,74,36,36,36,49,35,35,51,48,61,99,99,99,90,99,99,99,99,99,95,96,92,92,99,99,99,99,99,99,99,99,99],"gold":104,"neow_bonus":"RANDOM_COLORLESS","is_daily":false,"chose_seed":false,"campfire_upgraded":6,"win_rate":0.0,"timestamp":1608638492,"path_taken":["R","M","?","?","$","?","T","?","M","M","M","E","R","E","M","BOSS","R","M","M","$","?","?","T","E","R","?","M","E","R","?","M","BOSS","R","M","M","?","?","E","T","?","E","M","$","R","E","M","M","BOSS","E","$","R","BOSS"],"items_purchased_type":["Card","Card","Relic","Relic","Card","Card","Relic"],"build_version":"2020-12-13","purchased_purges":3,"victory":true,"max_hp_per_floor":[75,75,75,75,75,75,75,75,75,75,75,75,75,89,89,89,89,99,99,99,99,99,99,99,99,99,99,99,99,99,99,99,99,99,99,99,99,99,99,99,99,99,99,99,99,99,99,99,99,99,99,99,99,99,99],"card_choices":[{"not_picked":["expansioncontent:ChargeUp","Swift Strike"],"picked":"Bandage Up","floor":0},{"not_picked":["EventHorizon","UnstableBomb"],"picked":"PulseMagic","floor":2},{"not_picked":["ShootingEcho","GalacticHalo"],"picked":"FairyDestructionRay","floor":3},{"not_picked":["UnstableBomb","MachineGunSpark"],"picked":"AsteroidBelt","floor":5},{"not_picked":["DoubleSpark","GasGiant"],"picked":"MysteriousBeam","floor":9},{"not_picked":["StarBarrage","WitchOfGreed"],"picked":"SuperPerseids","floor":10},{"not_picked":["WitchLeyline","EnergyFlow"],"picked":"SprinkleStarSeal","floor":11},{"not_picked":["MillisecondPulsars","MilkyWay","DragonMeteor"],"picked":"SKIP","floor":12},{"not_picked":["Robbery","GravityBeat"],"picked":"PowerUp","floor":14},{"not_picked":["DragonMeteor","DC"],"picked":"PowerUp","floor":15},{"not_picked":["TreasureHunter","SuperNova"],"picked":"MillisecondPulsars","floor":16},{"not_picked":["AlicesGift+1","Acceleration"],"picked":"MagicChant+1","floor":19},{"not_picked":["WitchOfGreed","NonDirectionalLaser+1","DoubleSpark+1"],"picked":"SKIP","floor":20},{"not_picked":["EventHorizon","PowerUp"],"picked":"EarthLightRay+1","floor":21},{"not_picked":["WitchLeyline","PulseMagic+1"],"picked":"SporeBomb","floor":23},{"not_picked":["BlazingStar","NonDirectionalLaser"],"picked":"MysteriousBeam","floor":25},{"not_picked":["JA","UnstableBomb"],"picked":"SporeBomb","floor":28},{"not_picked":["WitchOfGreed","RefractionSpark"],"picked":"DarkMatter","floor":29},{"not_picked":["MeteoricShower","BlazeAway","GrandCross"],"picked":"SKIP","floor":31},{"not_picked":["ChargingUp","6A","ManaConvection"],"picked":"SKIP","floor":32},{"not_picked":["SuperNova","FinalSpark"],"picked":"SatelliteIllusion","floor":33},{"not_picked":["GrandCross","GalacticHalo+1","Orbital"],"picked":"SKIP","floor":36},{"not_picked":["BlazeAway+1","GrandCross+1"],"picked":"Singularity","floor":37},{"not_picked":["OpenUniverse","WitchLeyline"],"picked":"IllusionStar+1","floor":38},{"not_picked":["Occultation","BlazeAway+1","ShootingEcho+1"],"picked":"SKIP","floor":40},{"not_picked":["GrandCross+1","AsteroidBelt","Orbital+1"],"picked":"SKIP","floor":42},{"not_picked":["OneTimeOff","UnstableBomb+1","FinalSpark"],"picked":"SKIP","floor":43},{"not_picked":["MagicAbsorber+1","RefractionSpark","DC+1"],"picked":"SKIP","floor":44},{"not_picked":["WitchLeyline","Robbery+1"],"picked":"Acceleration+1","floor":45},{"not_picked":["AsteroidBelt+1","CasketOfStar"],"picked":"Acceleration+1","floor":47},{"not_picked":["GasGiant","DC","GalacticHalo+1"],"picked":"SKIP","floor":48},{"not_picked":["DC","BlazeAway+1"],"picked":"EarthLightRay+1","floor":49},{"not_picked":["GravityBeat","SporeBomb"],"picked":"Acceleration","floor":52},{"not_picked":["GravityBeat+1","DragonMeteor"],"picked":"MysteriousBeam+1","floor":53},{"not_picked":["WitchLeyline","MillisecondPulsars"],"picked":"MysteriousBeam+1","floor":53},{"not_picked":["WitchOfGreed+1","SuperNova"],"picked":"LuminesStrike+1","floor":53}],"player_experience":25924,"relics_obtained":[{"floor":12,"key":"Vajra"},{"floor":14,"key":"Mango"},{"floor":24,"key":"HandmadeGrimoire"},{"floor":25,"key":"Old Coin"},{"floor":25,"key":"Unceasing Top"},{"floor":29,"key":"BreadOfAWashokuLover"},{"floor":29,"key":"Centennial Puzzle"},{"floor":38,"key":"Girya"},{"floor":40,"key":"Ornamental Fan"},{"floor":40,"key":"Happy Flower"},{"floor":41,"key":"Anchor"},{"floor":43,"key":"MagicBroom"},{"floor":43,"key":"MawBank"},{"floor":47,"key":"Ancient Tea Set"},{"floor":47,"key":"Bronze Scales"},{"floor":52,"key":"HornCleat"},{"floor":52,"key":"Toy Ornithopter"}],"event_choices":[{"cards_removed":["Defend_MRS"],"damage_healed":0,"gold_gain":0,"player_choice":"Card Removal","damage_taken":0,"max_hp_gain":0,"max_hp_loss":0,"event_name":"The Cleric","floor":4,"gold_loss":0},{"damage_healed":0,"gold_gain":0,"player_choice":"Copied","damage_taken":0,"max_hp_gain":0,"max_hp_loss":0,"event_name":"Duplicator","floor":22,"gold_loss":0,"cards_obtained":["EarthLightRay"]},{"damage_healed":0,"gold_gain":0,"player_choice":"Forge","damage_taken":0,"max_hp_gain":0,"max_hp_loss":0,"event_name":"Accursed Blacksmith","floor":27,"gold_loss":0,"cards_upgraded":["MysteriousBeam"]},{"damage_healed":0,"gold_gain":0,"player_choice":"Got Potions","damage_taken":0,"max_hp_gain":0,"max_hp_loss":0,"event_name":"Lab","floor":39,"gold_loss":0}],"is_beta":false,"boss_relics":[{"not_picked":["Ectoplasm","Cursed Key"],"picked":"Black Star"},{"not_picked":["Runic Dome","Fusion Hammer"],"picked":"Runic Pyramid"}],"items_purged_floors":[21,45,53],"is_endless":false,"potions_floor_spawned":[2,9,11,15,16,19,28,31,32,38,42,43,44],"ascension_level":0}}