{"host":"hdafziggwnbzqpcb","time":1608604408,"event":{"mods":["BaseMod","Better Vampires","Colored Map","Colored Powertips","Curses Come First","GifTheSpireLib","Minty Spire (QoL Compilation)","Quick Restart","Rare Cards Sparkle","Relic Stats","Spicy Shops","StSLib","The Bug Knight","The Cursed","TheHero"],"gold_per_floor":[112,112,10,10,10,10,39,39,39,70,82,94,106,134,146,255,267,294,306,318,348,373,420,432,472,484,508,295,363,380,397,397,397,397],"floor_reached":33,"playtime":1516,"items_purged":["Strike_B","Defend_B","Strike_B"],"score":368,"play_id":"542ec9c6-e42d-4a71-9767-fb6938cffead","local_time":"20201221183328","is_ascension_mode":true,"campfire_choices":[{"floor":6,"key":"REST"},{"data":"Dualcast","floor":8,"key":"SMITH"},{"floor":13,"key":"REST"},{"data":"FTL","floor":15,"key":"SMITH"},{"data":"Static Discharge","floor":24,"key":"SMITH"},{"data":"Hologram","floor":32,"key":"SMITH"}],"circlet_count":0,"master_deck":["Strike_B","Strike_B","Defend_B+1","Defend_B","Zap+1","Dualcast+1","Sweeping Beam","Conserve Battery+1","FTL+1","Electrodynamics","Self Repair+1","Static Discharge+1","Hologram+1"],"relics":["Cracked Core","Centennial Puzzle","Bag of Marbles","MawBank","Busted Crown","Nunchaku","Dream Catcher","Oddly Smooth Stone","Frozen Egg 2"],"acts_visited":["Exordium","TheCity"],"potions_floor_usage":[10,18,25,25,27,31],"damage_taken":[{"damage":2,"enemies":"Jaw Worm","floor":1,"turns":3},{"damage":26,"enemies":"Lagavulin","floor":7,"turns":8},{"damage":0,"enemies":"Small Slimes","floor":10,"turns":2},{"damage":0,"enemies":"2 Louse","floor":14,"turns":1},{"damage":36,"enemies":"Slime Boss","floor":16,"turns":8},{"damage":18,"enemies":"3 Byrds","floor":18,"turns":3},{"damage":11,"enemies":"Shell Parasite","floor":21,"turns":6},{"damage":0,"enemies":"3 Cultists","floor":22,"turns":3},{"damage":41,"enemies":"Book of Stabbing","floor":23,"turns":4},{"damage":5,"enemies":"HollowMod:Nosk","floor":25,"turns":6},{"damage":8,"enemies":"Snake Plant","floor":27,"turns":4},{"damage":11,"enemies":"Centurion and Healer","floor":30,"turns":4},{"damage":1,"enemies":"Shelled Parasite and Fungi","floor":31,"turns":4},{"damage":72,"enemies":"Collector","floor":33,"turns":6}],"seed_played":"-5928845049562129177","potions_obtained":[{"floor":10,"key":"Fruit Juice"},{"floor":14,"key":"BlessingOfTheForge"},{"floor":18,"key":"FocusPotion"},{"floor":22,"key":"Dexterity Potion"},{"floor":23,"key":"EssenceOfSteel"},{"floor":25,"key":"SkillPotion"}],"is_trial":false,"path_per_floor":["M","?","$","?","?","R","E","R","T","M","$","?","R","M","R","B",null,"M","?","?","M","M","E","R","E","T","M","$","T","M","M","R","B"],"character_chosen":"DEFECT","items_purchased":["Conserve Battery"],"campfire_rested":2,"item_purchase_floors":[3],"current_hp_per_floor":[66,71,71,53,37,61,35,35,35,40,40,33,58,58,58,22,69,51,51,79,78,85,54,54,59,59,61,61,61,60,69,69,0,0],"gold":397,"neow_bonus":"UPGRADE_CARD","is_daily":false,"chose_seed":false,"campfire_upgraded":4,"win_rate":0.0,"timestamp":1608604408,"path_taken":["M","?","$","?","?","R","E","R","T","M","$","?","R","M","R","BOSS","M","?","?","M","M","E","R","E","T","M","$","?","?","M","R","BOSS"],"items_purchased_type":["Card"],"build_version":"2020-12-13","purchased_purges":3,"victory":false,"max_hp_per_floor":[75,80,80,80,80,80,80,80,80,85,85,85,85,85,85,85,85,85,85,85,85,85,85,85,85,85,85,85,85,85,85,85,85,85],"relic_stats":{"Centennial Puzzle":[30],"Nunchaku":[5],"Dream Catcher":0,"Busted Crown":16,"counters":[14,62],"MawBank":228,"obtain_stats":[{"Centennial Puzzle":4,"Nunchaku":23,"Dream Catcher":25,"Busted Crown":17,"Oddly Smooth Stone":26,"Bag of Marbles":7,"Frozen Egg 2":29,"Cracked Core":0,"MawBank":9},{"Centennial Puzzle":1,"Nunchaku":9,"Dream Catcher":10,"Busted Crown":5,"Oddly Smooth Stone":10,"Bag of Marbles":2,"Frozen Egg 2":11,"Cracked Core":0,"MawBank":2},{"Centennial Puzzle":3,"Nunchaku":38,"Dream Catcher":44,"Busted Crown":22,"Oddly Smooth Stone":44,"Bag of Marbles":11,"Frozen Egg 2":48,"Cracked Core":0,"MawBank":11}]},"card_choices":[{"not_picked":["Reinforced Body","Streamline"],"picked":"Sweeping Beam","floor":1},{"not_picked":["Reinforced Body","Coolheaded","Rip and Tear"],"picked":"SKIP","floor":7},{"not_picked":["Go for the Eyes","Hello World"],"picked":"FTL","floor":10},{"not_picked":["Reinforced Body","Genetic Algorithm","Tempest"],"picked":"SKIP","floor":14},{"not_picked":["Machine Learning","Core Surge"],"picked":"Electrodynamics","floor":16},{"not_picked":[],"picked":"Self Repair+1","floor":18},{"not_picked":["Chaos"],"picked":"SKIP","floor":21},{"not_picked":[],"picked":"Static Discharge","floor":22},{"not_picked":["Stack"],"picked":"SKIP","floor":23},{"not_picked":["Go for the Eyes+1"],"picked":"SKIP","floor":25},{"not_picked":[],"picked":"Hologram","floor":27},{"not_picked":["Hologram"],"picked":"SKIP","floor":30},{"not_picked":["Turbo"],"picked":"SKIP","floor":31}],"player_experience":629926,"relics_obtained":[{"floor":7,"key":"Bag of Marbles"},{"floor":9,"key":"MawBank"},{"floor":23,"key":"Nunchaku"},{"floor":25,"key":"Dream Catcher"},{"floor":26,"key":"Oddly Smooth Stone"},{"floor":29,"key":"Frozen Egg 2"}],"event_choices":[{"damage_healed":0,"gold_gain":0,"player_choice":"Donut","damage_taken":0,"max_hp_gain":5,"max_hp_loss":0,"event_name":"Big Fish","floor":2,"gold_loss":0},{"damage_healed":0,"gold_gain":0,"player_choice":"Success","damage_taken":18,"relics_obtained":["Centennial Puzzle"],"max_hp_gain":0,"max_hp_loss":0,"event_name":"Scrap Ooze","floor":4,"gold_loss":0},{"damage_healed":0,"gold_gain":0,"player_choice":"Entered Light","damage_taken":16,"max_hp_gain":0,"max_hp_loss":0,"event_name":"Shining Light","floor":5,"gold_loss":0,"cards_upgraded":["Defend_B","Conserve Battery"]},{"cards_removed":["Defend_B"],"damage_healed":0,"gold_gain":0,"player_choice":"Card Removal","damage_taken":7,"max_hp_gain":0,"max_hp_loss":0,"event_name":"Golden Wing","floor":12,"gold_loss":0},{"damage_healed":0,"gold_gain":0,"player_choice":"Ignored","damage_taken":0,"max_hp_gain":0,"max_hp_loss":0,"event_name":"Ghosts","floor":19,"gold_loss":0},{"damage_healed":28,"gold_gain":0,"player_choice":"Heal","damage_taken":0,"max_hp_gain":0,"max_hp_loss":0,"event_name":"The Library","floor":20,"gold_loss":0}],"is_beta":false,"boss_relics":[{"not_picked":["Cursed Key","Sozu"],"picked":"Busted Crown"}],"items_purged_floors":[3,28,28],"is_endless":false,"potions_floor_spawned":[10,14,18,22,23,25],"killed_by":"Collector","ascension_level":6}}