{"host":"49pjgf1q9ev52n8z","time":1608674332,"event":{"mods":["BaseMod","Bestiary","Colored Map","Minty Spire (QoL Compilation)","Relic Stats","StSLib"],"gold_per_floor":[118,137,137,156,173,201,201,12,12,23,42,7,35,49,49,120,120,140,150,150,166,29,57,57,86,86,86,113,130,144,175,175,175,175],"floor_reached":33,"playtime":3833,"items_purged":[],"score":627,"play_id":"d338ac85-5fbb-42bf-8467-41d24cbe2d9a","local_time":"20201222135852","is_ascension_mode":true,"campfire_choices":[{"floor":7.0,"key":"REST"},{"data":"Dagger Spray","floor":15.0,"key":"SMITH"},{"floor":24,"key":"REST"},{"floor":27,"key":"REST"},{"floor":32,"key":"REST"}],"circlet_count":0,"master_deck":["AscendersBane","Strike_G","Strike_G","Strike_G","Strike_G","Defend_G+1","Defend_G","Defend_G","Defend_G","Defend_G","Survivor+1","Neutralize","Cloak And Dagger+1","Dagger Throw","Poisoned Stab","Choke","Backflip","Dagger Spray+1","Burst","Corpse Explosion","Infinite Blades","PiercingWail","Die Die Die","Accuracy","Noxious Fumes","Blade Dance","PiercingWail","Infinite Blades"],"relics":["WristBlade","Lizard Tail","Strawberry","HornCleat","Ninja Scroll","Black Star","Tiny Chest","Orichalcum","Art of War","Juzu Bracelet","Girya","Blood Vial","War Paint","Toxic Egg 2","Bag of Marbles"],"acts_visited":["Exordium","TheCity"],"potions_floor_usage":[16,16,21,23,23,23,23],"damage_taken":[{"damage":4.0,"enemies":"Jaw Worm","floor":1.0,"turns":4.0},{"damage":0.0,"enemies":"2 Louse","floor":2.0,"turns":3.0},{"damage":0.0,"enemies":"Cultist","floor":4.0,"turns":3.0},{"damage":6.0,"enemies":"Looter","floor":5.0,"turns":3.0},{"damage":10.0,"enemies":"Gremlin Nob","floor":6.0,"turns":4.0},{"damage":3.0,"enemies":"Blue Slaver","floor":10.0,"turns":3.0},{"damage":0.0,"enemies":"Exordium Wildlife","floor":11.0,"turns":3.0},{"damage":14.0,"enemies":"Lagavulin","floor":13.0,"turns":5.0},{"damage":0.0,"enemies":"2 Fungi Beasts","floor":14.0,"turns":1.0},{"damage":25,"enemies":"Slime Boss","floor":16,"turns":11},{"damage":0,"enemies":"Chosen","floor":18,"turns":3},{"damage":7,"enemies":"3 Byrds","floor":19,"turns":5},{"damage":2,"enemies":"Snake Plant","floor":21,"turns":3},{"damage":39,"enemies":"Gremlin Leader","floor":23,"turns":5},{"damage":23,"enemies":"Slavers","floor":25,"turns":3},{"damage":12,"enemies":"Gremlin Leader","floor":28,"turns":5},{"damage":0,"enemies":"Cultist and Chosen","floor":29,"turns":3},{"damage":17,"enemies":"Sentry and Sphere","floor":30,"turns":5},{"damage":43,"enemies":"Book of Stabbing","floor":31,"turns":5},{"damage":63,"enemies":"Automaton","floor":33,"turns":6}],"seed_played":"4799790356868556599","potions_obtained":[{"floor":1.0,"key":"Swift Potion"},{"floor":4.0,"key":"GhostInAJar"},{"floor":5.0,"key":"Block Potion"},{"floor":11.0,"key":"Strength Potion"},{"floor":13.0,"key":"DuplicationPotion"},{"floor":14.0,"key":"Dexterity Potion"},{"floor":18,"key":"BlessingOfTheForge"},{"floor":19,"key":"EntropicBrew"},{"floor":31,"key":"GamblersBrew"}],"is_trial":false,"path_per_floor":["M","M","?","M","M","E","R","$","T","M","M","?","E","M","R","B",null,"M","M","?","M","$","E","R","E","T","R","E","M","M","E","R","B"],"character_chosen":"THE_SILENT","items_purchased":["Strawberry","Dagger Spray","Noxious Fumes","BlessingOfTheForge"],"campfire_rested":4,"item_purchase_floors":[8,8,22,22],"current_hp_per_floor":[55,55,55,55,49,39,58,65,65,62,62,73,59,59,59,34,63,63,56,56,54,54,15,36,13,13,34,22,24,9,20,41,0,0],"gold":175,"neow_bonus":"BOSS_RELIC","is_daily":false,"chose_seed":false,"campfire_upgraded":1,"win_rate":0.0,"timestamp":1608674332,"path_taken":["M","M","?","M","M","E","R","$","T","M","M","?","E","M","R","BOSS","M","M","?","M","$","E","R","E","T","R","E","M","M","E","R","BOSS"],"items_purchased_type":["Relic","Card","Card","Potion"],"build_version":"2020-12-13","purchased_purges":0,"victory":false,"max_hp_per_floor":[66,66,66,66,66,66,66,73,73,73,73,73,73,73,73,73,73,73,73,73,73,73,73,73,73,73,73,73,73,73,73,73,73,73],"relic_stats":{"Blood Vial":8,"Lizard Tail":36,"counters":[20,83],"Tiny Chest":0,"Black Star":4,"Art of War":[0],"Juzu Bracelet":0,"Orichalcum":[54],"War Paint":["Survivor","Defend_G"],"obtain_stats":[{"Girya":26,"Juzu Bracelet":25,"Orichalcum":23,"War Paint":28,"Blood Vial":28,"Lizard Tail":6,"HornCleat":9,"WristBlade":0,"Ninja Scroll":13,"Strawberry":8,"Tiny Chest":23,"Black Star":17,"Art of War":25,"Bag of Marbles":31,"Toxic Egg 2":31,"Ring of the Snake":0},{"Girya":15,"Juzu Bracelet":15,"Orichalcum":14,"War Paint":16,"Blood Vial":16,"Lizard Tail":5,"HornCleat":5,"WristBlade":0,"Ninja Scroll":8,"Strawberry":5,"Tiny Chest":14,"Black Star":10,"Art of War":15,"Bag of Marbles":19,"Toxic Egg 2":19,"Ring of the Snake":0},{"Girya":59,"Juzu Bracelet":59,"Orichalcum":56,"War Paint":64,"Blood Vial":64,"Lizard Tail":17,"HornCleat":17,"WristBlade":0,"Ninja Scroll":28,"Strawberry":17,"Tiny Chest":56,"Black Star":40,"Art of War":59,"Bag of Marbles":77,"Toxic Egg 2":77,"Ring of the Snake":0}]},"card_choices":[{"not_picked":["All Out Attack","Concentrate"],"picked":"Cloak And Dagger","floor":1.0},{"not_picked":["Expertise","Crippling Poison"],"picked":"Dagger Throw","floor":2.0},{"not_picked":["Heel Hook","Expertise"],"picked":"Poisoned Stab","floor":4.0},{"not_picked":["Expertise","Noxious Fumes"],"picked":"Choke","floor":5.0},{"not_picked":["Night Terror","Underhanded Strike"],"picked":"Backflip","floor":6.0},{"not_picked":["Underhanded Strike","Bane","Quick Slash"],"picked":"SKIP","floor":10.0},{"not_picked":["Underhanded Strike","Deflect","Dagger Spray"],"picked":"SKIP","floor":11.0},{"not_picked":["Cloak And Dagger","Dagger Spray"],"picked":"Burst","floor":13.0},{"not_picked":["Setup","Acrobatics","Reflex"],"picked":"SKIP","floor":14.0},{"not_picked":["After Image","Glass Knife"],"picked":"Corpse Explosion","floor":16},{"not_picked":["Deflect","Flying Knee"],"picked":"Infinite Blades","floor":18},{"not_picked":["Expertise","Tactician"],"picked":"PiercingWail","floor":19},{"not_picked":["Eviscerate","Dagger Throw"],"picked":"Accuracy","floor":21},{"not_picked":["Outmaneuver","Backstab"],"picked":"Blade Dance","floor":23},{"not_picked":["Predator","Underhanded Strike","Backstab"],"picked":"SKIP","floor":25},{"not_picked":["Cloak And Dagger","Predator","Poisoned Stab"],"picked":"SKIP","floor":28},{"not_picked":["Poisoned Stab","Acrobatics","Bane"],"picked":"SKIP","floor":29},{"not_picked":["Choke","Cloak And Dagger"],"picked":"PiercingWail","floor":30},{"not_picked":["Endless Agony","Slice+1"],"picked":"Infinite Blades","floor":31}],"player_experience":598293,"relics_obtained":[{"floor":6.0,"key":"Lizard Tail"},{"floor":9.0,"key":"HornCleat"},{"floor":13.0,"key":"Ninja Scroll"},{"floor":23,"key":"Tiny Chest"},{"floor":23,"key":"Orichalcum"},{"floor":25,"key":"Art of War"},{"floor":25,"key":"Juzu Bracelet"},{"floor":26,"key":"Girya"},{"floor":28,"key":"Blood Vial"},{"floor":28,"key":"War Paint"},{"floor":31,"key":"Toxic Egg 2"},{"floor":31,"key":"Bag of Marbles"}],"event_choices":[{"damage_healed":0.0,"max_hp_gain":0.0,"max_hp_loss":0.0,"gold_gain":0.0,"event_name":"Living Wall","player_choice":"Grow","floor":3.0,"gold_loss":0.0,"damage_taken":0.0,"cards_upgraded":["Cloak And Dagger"]},{"damage_healed":18.0,"max_hp_gain":0.0,"max_hp_loss":0.0,"gold_gain":0.0,"event_name":"The Cleric","player_choice":"Healed","floor":12.0,"gold_loss":35.0,"damage_taken":0.0},{"damage_healed":0,"gold_gain":0,"cards_transformed":["Strike_G"],"player_choice":"Transformed","damage_taken":0,"max_hp_gain":0,"max_hp_loss":0,"event_name":"Transmorgrifier","floor":20,"gold_loss":0,"cards_obtained":["Die Die Die"]}],"is_beta":false,"boss_relics":[{"not_picked":["Calling Bell","Snecko Eye"],"picked":"Black Star"}],"items_purged_floors":[],"is_endless":false,"potions_floor_spawned":[1,4,5,11,13,14,18,19,31],"killed_by":"Automaton","ascension_level":17}}