{"host":"njcl8kinlkfw245p","time":1608624167,"event":{"mods":["BaseMod","Block Reminder","Colored Map","KinomotoSakuraMod(????)","Minty Spire (QoL Compilation)","StSLib","The Senshi"],"gold_per_floor":[113,129,304,318,318,2,15,59,85,85,85,105,105,124,124,250,250,275,293,208,227,34,34,34],"floor_reached":23,"playtime":1949,"items_purged":["Doubt"],"score":222,"play_id":"23aa1984-791d-443d-89b9-a885517105ec","local_time":"20201222000247","is_ascension_mode":true,"campfire_choices":[{"data":"WaveOfTheHand","floor":10,"key":"SMITH"},{"data":"Vigilance","floor":13,"key":"SMITH"},{"floor":15,"key":"REST"}],"circlet_count":0,"master_deck":["Strike_P","Strike_P","Defend_P","Defend_P","Defend_P","Eruption","Vigilance+1","Weave+1","DevaForm+1","Weave+1","ThirdEye","WaveOfTheHand+1","CutThroughFate","Wireheading+1","WheelKick","Consecrate","Devotion+1","MasterReality+1","ReachHeaven","JustLucky"],"relics":["Astrolabe","Golden Idol","Frozen Egg 2","Oddly Smooth Stone","Lantern","Philosopher\u0027s Stone","Art of War"],"acts_visited":["Exordium","TheCity"],"potions_floor_usage":[16,19],"damage_taken":[{"damage":2,"enemies":"2 Louse","floor":1,"turns":4},{"damage":12,"enemies":"Jaw Worm","floor":2,"turns":3},{"damage":0,"enemies":"Small Slimes","floor":4,"turns":4},{"damage":7,"enemies":"Exordium Thugs","floor":7,"turns":3},{"damage":5,"enemies":"Lagavulin","floor":8,"turns":7},{"damage":13,"enemies":"Blue Slaver","floor":12,"turns":4},{"damage":22,"enemies":"Exordium Wildlife","floor":14,"turns":4},{"damage":20,"enemies":"The Guardian","floor":16,"turns":10},{"damage":18,"enemies":"3 Byrds","floor":18,"turns":4},{"damage":12,"enemies":"Spheric Guardian","floor":19,"turns":3},{"damage":27,"enemies":"Snake Plant","floor":21,"turns":6},{"damage":18,"enemies":"Slavers","floor":23,"turns":2}],"seed_played":"1820677425512279898","potions_obtained":[{"floor":7,"key":"Energy Potion"},{"floor":8,"key":"Fire Potion"},{"floor":16,"key":"BottledMiracle"},{"floor":18,"key":"Swift Potion"}],"is_trial":false,"path_per_floor":["M","M","?","M","?","$","M","E","T","R","?","M","R","M","R","B",null,"M","M","?","M","$","E"],"character_chosen":"WATCHER","items_purchased":["Frozen Egg 2","Wireheading+1","ReachHeaven","JustLucky"],"campfire_rested":1,"item_purchase_floors":[6,6,22,22],"current_hp_per_floor":[70,58,58,58,40,40,33,28,28,28,52,39,39,17,38,18,72,54,42,42,15,15,0,0],"gold":34,"neow_bonus":"BOSS_RELIC","is_daily":false,"chose_seed":false,"campfire_upgraded":2,"win_rate":0.0,"timestamp":1608624167,"path_taken":["M","M","?","M","?","$","M","E","T","R","?","M","R","M","R","BOSS","M","M","?","M","$","E"],"items_purchased_type":["Relic","Card","Card","Card"],"build_version":"2020-12-13","purchased_purges":1,"victory":false,"max_hp_per_floor":[72,72,72,72,72,72,72,72,72,72,72,72,72,72,72,72,72,72,72,72,72,72,72,72],"card_choices":[{"not_picked":["Evaluate","Prostrate"],"picked":"ThirdEye","floor":1},{"not_picked":["FollowUp","WheelKick"],"picked":"WaveOfTheHand","floor":2},{"not_picked":["Collect","Crescendo"],"picked":"CutThroughFate","floor":4},{"not_picked":["EmptyFist","BattleHymn+1"],"picked":"WheelKick","floor":7},{"not_picked":["Brilliance","ClearTheMind"],"picked":"Consecrate","floor":8},{"not_picked":["ForeignInfluence","FlurryOfBlows","DeceiveReality"],"picked":"SKIP","floor":12},{"not_picked":["InnerPeace","Halt","Vengeance"],"picked":"SKIP","floor":14},{"not_picked":["Scrawl","Omniscience"],"picked":"Devotion+1","floor":16},{"not_picked":["PathToVictory","Adaptation+1","Evaluate"],"picked":"SKIP","floor":18},{"not_picked":["CutThroughFate","FlyingSleeves+1","MentalFortress+1"],"picked":"SKIP","floor":19},{"not_picked":["Consecrate","FollowUp"],"picked":"MasterReality+1","floor":21}],"player_experience":866719,"relics_obtained":[{"floor":8,"key":"Oddly Smooth Stone"},{"floor":9,"key":"Lantern"}],"event_choices":[{"damage_healed":0,"gold_gain":175,"player_choice":"AGREE","damage_taken":0,"max_hp_gain":0,"max_hp_loss":0,"event_name":"Liars Game","floor":3,"gold_loss":0,"cards_obtained":["Doubt"]},{"damage_healed":0,"gold_gain":0,"player_choice":"Take Damage","damage_taken":18,"relics_obtained":["Golden Idol"],"max_hp_gain":0,"max_hp_loss":0,"event_name":"Golden Idol","floor":5,"gold_loss":0},{"damage_healed":24,"gold_gain":0,"player_choice":"Banana","damage_taken":0,"max_hp_gain":0,"max_hp_loss":0,"event_name":"Big Fish","floor":11,"gold_loss":0},{"damage_healed":0,"gold_gain":0,"player_choice":"Obtained Relic","damage_taken":0,"relics_obtained":["Art of War"],"max_hp_gain":0,"max_hp_loss":0,"event_name":"Addict","floor":20,"gold_loss":85}],"is_beta":false,"boss_relics":[{"not_picked":["Cursed Key","Velvet Choker"],"picked":"Philosopher\u0027s Stone"}],"items_purged_floors":[22],"is_endless":false,"potions_floor_spawned":[7,8,16,18],"killed_by":"Slavers","ascension_level":3}}