{"host":"7khtwbkyze7y134w","time":1608643425,"event":{"mods":["AchievementEnabler","BaseMod","Bestiary","Colored Map","Colored Powertips","Highlight Path","Minty Spire (QoL Compilation)","Quick Restart","Relic Stats","StSLib","SuperFastMode"],"gold_per_floor":[117,131,131,131,141,173,173,199,199,199,127,160,174,192,192,192,192],"floor_reached":16,"playtime":419,"items_purged":[],"score":120,"play_id":"adc6c11d-e9a7-4e41-ba43-f4a56f389068","local_time":"20201222132345","is_ascension_mode":false,"campfire_choices":[{"floor":7,"key":"REST"},{"data":"Poisoned Stab","floor":10,"key":"SMITH"},{"floor":15,"key":"REST"}],"circlet_count":0,"master_deck":["Strike_G","Strike_G","Strike_G","Strike_G","Defend_G","Defend_G","Defend_G","Defend_G","Defend_G","Survivor","Neutralize","Poisoned Stab+1","Deadly Poison","Crippling Poison","Envenom","Blade Dance"],"relics":["Ring of the Snake","CaptainsWheel","HornCleat","Lantern","Sundial","Centennial Puzzle"],"acts_visited":[],"potions_floor_usage":[6,8,16],"damage_taken":[{"damage":0,"enemies":"Small Slimes","floor":1,"turns":3},{"damage":0,"enemies":"2 Louse","floor":2,"turns":3},{"damage":6,"enemies":"Cultist","floor":5,"turns":3},{"damage":18,"enemies":"Lagavulin","floor":6,"turns":5},{"damage":24,"enemies":"3 Sentries","floor":8,"turns":9},{"damage":2,"enemies":"Gremlin Nob","floor":12,"turns":4},{"damage":9,"enemies":"Blue Slaver","floor":13,"turns":3},{"damage":27,"enemies":"Large Slime","floor":14,"turns":6},{"damage":30,"enemies":"Slime Boss","floor":16,"turns":6}],"seed_played":"6132864516798950028","potions_obtained":[{"floor":1,"key":"SteroidPotion"},{"floor":6,"key":"BlessingOfTheForge"},{"floor":8,"key":"SteroidPotion"},{"floor":14,"key":"Swift Potion"}],"is_trial":false,"path_per_floor":["M","M","?","$","M","E","R","E","T","R","$","E","M","M","R","B"],"character_chosen":"THE_SILENT","items_purchased":["Crippling Poison"],"campfire_rested":2,"item_purchase_floors":[11],"current_hp_per_floor":[70,70,67,67,61,43,64,40,40,40,40,38,29,2,23,0,0],"gold":192,"neow_bonus":"REMOVE_CARD","is_daily":false,"chose_seed":false,"campfire_upgraded":1,"win_rate":0.0,"timestamp":1608643425,"path_taken":["M","M","?","$","M","E","R","E","T","R","$","E","M","M","R","BOSS"],"items_purchased_type":["Card"],"build_version":"2020-12-13","purchased_purges":0,"victory":false,"max_hp_per_floor":[70,70,70,70,70,70,70,70,70,70,70,70,70,70,70,70,70],"relic_stats":{"Centennial Puzzle":[9],"counters":[9,42],"Sundial":[4],"obtain_stats":[{"CaptainsWheel":3,"Lantern":8,"Centennial Puzzle":12,"HornCleat":6,"Sundial":9,"Ring of the Snake":0},{"CaptainsWheel":2,"Lantern":5,"Centennial Puzzle":6,"HornCleat":4,"Sundial":5,"Ring of the Snake":0},{"CaptainsWheel":6,"Lantern":23,"Centennial Puzzle":27,"HornCleat":14,"Sundial":23,"Ring of the Snake":0}],"Ring of the Snake":[18]},"card_choices":[{"not_picked":["Expertise","Prepared"],"picked":"Poisoned Stab","floor":1},{"not_picked":["Terror","Skewer"],"picked":"Deadly Poison","floor":2},{"not_picked":["Sucker Punch","Dagger Spray","Leg Sweep"],"picked":"SKIP","floor":5},{"not_picked":["Heel Hook","Venomology","Flying Knee"],"picked":"SKIP","floor":6},{"not_picked":["Backstab","Endless Agony","Finisher"],"picked":"SKIP","floor":8},{"not_picked":["Prepared","Flying Knee"],"picked":"Envenom","floor":12},{"not_picked":["Dodge and Roll","Deflect","Caltrops"],"picked":"SKIP","floor":13},{"not_picked":["Well Laid Plans","Backflip"],"picked":"Blade Dance","floor":14}],"player_experience":10622,"relics_obtained":[{"floor":6,"key":"HornCleat"},{"floor":8,"key":"Lantern"},{"floor":9,"key":"Sundial"},{"floor":12,"key":"Centennial Puzzle"}],"event_choices":[{"damage_healed":0,"gold_gain":0,"player_choice":"Success","damage_taken":3,"relics_obtained":["CaptainsWheel"],"max_hp_gain":0,"max_hp_loss":0,"event_name":"Scrap Ooze","floor":3,"gold_loss":0}],"is_beta":false,"boss_relics":[],"items_purged_floors":[],"is_endless":false,"potions_floor_spawned":[1,6,8,14],"killed_by":"Slime Boss","ascension_level":0}}