{"host":"0t7ytk9pge2ncgeb","time":1608621673,"event":{"mods":["2.2 Compatiblity","Act Like it!","Aspiration","BaseMod","BetterRewards","Conspire","Downfall","Googly Eyes","Hubris","Minty Spire (QoL Compilation)","Relic Stats","Shop Mod","Spicy Shops","StSLib","slay the spire mod where everything is the same but ironclad has a cowboy hat"],"gold_per_floor":[99,111,211,222,237,237,237,250,280,292,336,355,355,368,378,479,479,479,497,347,61,61,61,61,61,37,48,48,60,88,88,103,204,204,204,223,238,252,252,264,264,264,274,299,9,9,9,43,61,61],"floor_reached":51,"playtime":5707,"items_purged":["Guardian:Aged"],"score":756,"play_id":"7d811a70-496e-4e82-8bd1-64dc0f84f56c","local_time":"20201222022113","is_ascension_mode":false,"campfire_choices":[{"floor":1.0,"key":"RECALL"},{"data":"Guardian:CurlUp","floor":6.0,"key":"SMITH"},{"floor":13.0,"key":"REST"},{"data":"Guardian:EvasiveProtocol","floor":18.0,"key":"SMITH"},{"data":"Ghostly","floor":23.0,"key":"SMITH"},{"data":"Guardian:ShieldSpikes","floor":25.0,"key":"SMITH"},{"data":"Guardian:ShieldCharger","floor":28.0,"key":"SMITH"},{"data":"Guardian:BaubleBeam","floor":35.0,"key":"SMITH"},{"data":"Guardian:DecasProtection","floor":42,"key":"SMITH"},{"floor":47,"key":"REST"}],"circlet_count":0,"master_deck":["Guardian:Strike_Guardian","Guardian:Strike_Guardian","Guardian:Strike_Guardian","Guardian:Strike_Guardian","Guardian:Defend_Guardian","Guardian:Defend_Guardian","Guardian:Defend_Guardian","Guardian:Defend_Guardian","Guardian:CurlUp+1","Guardian:TwinSlam","Guardian:ShieldCharger+1","Guardian:ShieldSpikes+1","Guardian:TimeBomb","Guardian:EvasiveProtocol+1","Guardian:Repulse","Guardian:WalkerClaw","Guardian:PrismaticBarrier","Guardian:ConstructionForm","Ghostly+1","Guardian:ArmoredProtocol","Guardian:TemporalShield+1","Dark Shackles","Guardian:Harden","Guardian:AncientConstruct","Guardian:DecasProtection+1","Guardian:BaubleBeam+1","Guardian:ChargeUp+1","Guardian:DecasProtection+1","Guardian:ChargeCore+1","Guardian:PiercingHide","Guardian:ConstructionForm","Guardian:ChargeCore","Guardian:ChargeUp+1"],"relics":["Guardian:ModeShifter","Ancient Tea Set","hubris:TenFootPole","Black Star","MerchantsRug","aspiration:RitualStick","Eternal Feather","Bag of Preparation","Regal Pillow","hubris:Stopwatch","Guardian:StasisEgg","Anchor","hubris:GlazedTorus","hubris:Reverence","DollysMirror","Juzu Bracelet"],"acts_visited":["Exordium","TheCity","TheBeyond"],"potions_floor_usage":[44,50,50,50],"damage_taken":[{"damage":5.0,"enemies":"2 Louse","floor":2.0,"turns":3.0},{"damage":0.0,"enemies":"Cultist","floor":4.0,"turns":4.0},{"damage":3.0,"enemies":"conspire:RoseBush","floor":5.0,"turns":3.0},{"damage":3.0,"enemies":"Blue Slaver","floor":8.0,"turns":6.0},{"damage":20.0,"enemies":"3 Sentries","floor":9.0,"turns":7.0},{"damage":5.0,"enemies":"3 Louse","floor":10.0,"turns":3.0},{"damage":30.0,"enemies":"conspire:MimicChest","floor":11.0,"turns":11.0},{"damage":11.0,"enemies":"Exordium Wildlife","floor":12.0,"turns":4.0},{"damage":2.0,"enemies":"Large Slime","floor":14.0,"turns":5.0},{"damage":13.0,"enemies":"Exordium Thugs","floor":15.0,"turns":7.0},{"damage":43.0,"enemies":"downfall:Defect","floor":16.0,"turns":9.0},{"damage":0.0,"enemies":"3 Byrds","floor":19.0,"turns":1.0},{"damage":0.0,"enemies":"downfall:FleeingMerchant","floor":21.0,"turns":4.0},{"damage":5.0,"enemies":"downfall:FleeingMerchant","floor":26.0,"turns":4.0},{"damage":10.0,"enemies":"Shell Parasite","floor":27.0,"turns":9.0},{"damage":7.0,"enemies":"Snake Plant","floor":29.0,"turns":9.0},{"damage":2.0,"enemies":"Book of Stabbing","floor":30.0,"turns":11.0},{"damage":15.0,"enemies":"Centurion and Healer","floor":32.0,"turns":11.0},{"damage":63.0,"enemies":"downfall:Ironclad","floor":33.0,"turns":12.0},{"damage":1.0,"enemies":"3 Shapes","floor":36.0,"turns":4.0},{"damage":11.0,"enemies":"3 Darklings","floor":37.0,"turns":8.0},{"damage":28.0,"enemies":"Maw","floor":38.0,"turns":11.0},{"damage":10,"enemies":"Spire Growth","floor":40,"turns":8},{"damage":1,"enemies":"3 Darklings","floor":43,"turns":9},{"damage":30,"enemies":"Giant Head","floor":44,"turns":11},{"damage":0,"enemies":"downfall:FleeingMerchant","floor":45,"turns":4},{"damage":12,"enemies":"Nemesis","floor":48,"turns":11},{"damage":3,"enemies":"Maw","floor":49,"turns":7},{"damage":73,"enemies":"downfall:Silent","floor":50,"turns":10}],"seed_played":"3306011997747776286","potions_obtained":[{"floor":4.0,"key":"Ancient Potion"},{"floor":5.0,"key":"Weak Potion"},{"floor":9.0,"key":"ColorlessPotion"},{"floor":11.0,"key":"ColorlessPotion"},{"floor":27.0,"key":"SteroidPotion"},{"floor":32.0,"key":"sneckomod:MuddlingPotion"},{"floor":36.0,"key":"SneckoOil"},{"floor":40,"key":"Strength Potion"},{"floor":44,"key":"Swift Potion"},{"floor":48,"key":"EssenceOfSteel"}],"is_trial":false,"path_per_floor":["R","M","?","M","M","R","T","M","E","M","?","M","R","M","M","B",null,"R","M","?","$","?","R","T","R","$","M","R","M","E","?","M","B",null,"R","M","M","M","?","M","T","R","M","E","$","?","R","E","M","B",null],"character_chosen":"GUARDIAN","items_purchased":["MerchantsRug","Guardian:ArmoredProtocol","Guardian:Gem_Red","Dark Shackles","DollysMirror","Guardian:ChargeCore"],"campfire_rested":2,"item_purchase_floors":[21,21,21,26,45,45],"current_hp_per_floor":[88,83,83,83,80,80,90,87,67,62,32,21,50,48,35,6,98,98,98,98,98,88,88,88,98,93,83,95,88,86,86,71,8,98,98,97,86,58,58,48,48,66,65,35,35,35,97,85,82,9],"gold":61,"neow_bonus":"TEN_PERCENT_HP_BONUS","is_daily":false,"chose_seed":false,"campfire_upgraded":7,"win_rate":0.0,"timestamp":1608621673,"path_taken":["R","M","?","M","M","R","T","?","E","M","?","M","R","M","M","BOSS","R","M","?","$","?","R","T","R","?","M","R","M","E","?","M","BOSS","R","M","M","M","?","M","T","R","M","E","$","?","R","E","M","BOSS"],"items_purchased_type":["Relic","Card","Card","Card","Relic","Card"],"build_version":"2020-12-13","purchased_purges":1,"victory":true,"max_hp_per_floor":[88,88,88,88,88,88,98,98,98,98,98,98,98,98,98,98,98,98,98,98,98,98,98,98,98,98,98,98,98,98,98,98,98,98,98,98,98,98,98,98,98,98,98,98,98,98,98,98,98,98],"relic_stats":{"Regal Pillow":15,"counters":[29,202],"Eternal Feather":58,"Black Star":3,"Bag of Preparation":[24],"Juzu Bracelet":0,"obtain_stats":[{"MerchantsRug":21,"Regal Pillow":30,"Pear":7,"Guardian:StasisEgg":39,"Guardian:ModeShifter":0,"Eternal Feather":24,"Bag of Preparation":30,"Juzu Bracelet":48,"Ancient Tea Set":9,"aspiration:RitualStick":22,"Anchor":41,"DollysMirror":45,"hubris:Stopwatch":34,"hubris:TenFootPole":11,"Black Star":17,"hubris:GlazedTorus":44,"hubris:Reverence":44},{"MerchantsRug":13,"Regal Pillow":17,"Pear":3,"Guardian:StasisEgg":22,"Guardian:ModeShifter":0,"Eternal Feather":13,"Bag of Preparation":17,"Juzu Bracelet":27,"Ancient Tea Set":5,"aspiration:RitualStick":13,"Anchor":23,"DollysMirror":26,"hubris:Stopwatch":19,"hubris:TenFootPole":7,"Black Star":11,"hubris:GlazedTorus":25,"hubris:Reverence":25},{"MerchantsRug":64,"Regal Pillow":97,"Pear":10,"Guardian:StasisEgg":142,"Guardian:ModeShifter":0,"Eternal Feather":64,"Bag of Preparation":97,"Juzu Bracelet":185,"Ancient Tea Set":23,"aspiration:RitualStick":64,"Anchor":150,"DollysMirror":174,"hubris:Stopwatch":120,"hubris:TenFootPole":37,"Black Star":59,"hubris:GlazedTorus":170,"hubris:Reverence":170}],"aspiration:RitualStick":[6]},"card_choices":[{"not_picked":["Guardian:Gem_Green","Guardian:Planning"],"picked":"Guardian:Gem_Lightblue","floor":2.0},{"not_picked":["Guardian:Gem_Fragmented","Guardian:TimeCapacitor"],"picked":"Guardian:ShieldCharger","floor":4.0},{"not_picked":["Guardian:PiercingHide","Guardian:ChargeCore"],"picked":"Guardian:ShieldSpikes","floor":5.0},{"not_picked":["Guardian:Reroute","Guardian:TemporalShield"],"picked":"Guardian:TimeBomb","floor":8.0},{"not_picked":["Guardian:Gem_Blue","Guardian:StasisField"],"picked":"Guardian:EvasiveProtocol","floor":9.0},{"not_picked":["Guardian:Incinerate","Guardian:ShieldSpikes"],"picked":"Guardian:Repulse","floor":10.0},{"not_picked":["Guardian:Gem_Red","Guardian:PrimingBeam"],"picked":"Guardian:WalkerClaw","floor":11.0},{"not_picked":["Guardian:VentSteam","Guardian:Recover"],"picked":"Guardian:PrismaticBarrier","floor":12.0},{"not_picked":["Guardian:Emergency","Guardian:Recover","Guardian:Suspension"],"picked":"SKIP","floor":14.0},{"not_picked":["Guardian:WalkerClaw","Guardian:Recover"],"picked":"Guardian:Gem_Purple","floor":15.0},{"not_picked":["Guardian:HyperBeam_Guardian","Guardian:StasisStrike"],"picked":"Guardian:ConstructionForm","floor":16.0},{"not_picked":["Guardian:Planning","Guardian:ShieldCharger+1","Guardian:Recover"],"picked":"SKIP","floor":19.0},{"not_picked":["Guardian:TemporalStrike","Guardian:PolyBeam"],"picked":"Guardian:Gem_Crimson","floor":21.0},{"not_picked":["Guardian:ShieldSpikes+1","Guardian:SentryBeam"],"picked":"Guardian:TemporalShield+1","floor":26.0},{"not_picked":["Guardian:TemporalShield","Guardian:Reroute"],"picked":"Guardian:Gem_Cyan","floor":27.0},{"not_picked":["Guardian:Gem_White","Guardian:Suspension"],"picked":"Guardian:Harden","floor":29.0},{"not_picked":["Guardian:Incinerate","Guardian:PiercingHide+1"],"picked":"Guardian:AncientConstruct","floor":30.0},{"not_picked":["Guardian:ShieldCharger","Guardian:Reroute"],"picked":"Guardian:DecasProtection","floor":32.0},{"not_picked":["Guardian:AncientConstruct","Guardian:TimeSifter"],"picked":"Guardian:BaubleBeam","floor":33.0},{"not_picked":["Guardian:ShieldSpikes","Guardian:WalkerClaw+1"],"picked":"Guardian:ChargeUp+1","floor":36.0},{"not_picked":["Guardian:CrystalBeam","Guardian:VentSteam+1"],"picked":"Guardian:Gem_Crimson","floor":37.0},{"not_picked":["Guardian:PrimingBeam","Guardian:Suspension","Guardian:Gem_Lightblue"],"picked":"SKIP","floor":38.0},{"not_picked":["Guardian:Incinerate+1","Guardian:PrimingBeam+1"],"picked":"Guardian:DecasProtection+1","floor":40},{"not_picked":["Guardian:MultiBeam+1","Guardian:TemporalStrike+1","Guardian:Recover+1"],"picked":"SKIP","floor":43},{"not_picked":["Guardian:WalkerClaw+1","Guardian:Reroute"],"picked":"Guardian:ChargeCore+1","floor":44},{"not_picked":["Guardian:GuardianWhirl+1","Guardian:PrismaticBeam+1"],"picked":"Guardian:PiercingHide","floor":45},{"not_picked":["Guardian:Emergency+1","Guardian:BronzeOrb+1","Guardian:Reroute"],"picked":"SKIP","floor":48},{"not_picked":["Guardian:TemporalShield+1","Guardian:Recover"],"picked":"Guardian:ChargeUp+1","floor":49}],"player_experience":282759,"relics_obtained":[{"floor":7.0,"key":"Pear"},{"floor":9.0,"key":"Ancient Tea Set"},{"floor":11.0,"key":"hubris:TenFootPole"},{"floor":24.0,"key":"Eternal Feather"},{"floor":30.0,"key":"Bag of Preparation"},{"floor":30.0,"key":"Regal Pillow"},{"floor":41,"key":"Anchor"},{"floor":44,"key":"hubris:GlazedTorus"},{"floor":44,"key":"hubris:Reverence"},{"floor":48,"key":"Juzu Bracelet"}],"event_choices":[],"is_beta":false,"boss_relics":[{"not_picked":["hubris:RunicObelisk","Coffee Dripper"],"picked":"Black Star"},{"not_picked":["Fusion Hammer","Busted Crown"],"picked":"hubris:Stopwatch"}],"items_purged_floors":[45],"is_endless":false,"potions_floor_spawned":[4,5,9,11,12,27,32,36,40,44,48],"ascension_level":0}}