{"host":"i09pxcjttd31eh4q","time":1608638069,"event":{"mods":["AchievementEnabler","BaseMod","Colored Map","Keyboard Shortcuts","Minty Spire (QoL Compilation)","StSLib","SuperFastMode"],"gold_per_floor":[118,118,193,143,155,155,190,46,95,113,113,146,158,177,177,274,274,293,311,321,65,84,84,84,110,160,177,177,207,207,207,207,311,311,331,401,401,451,464,464,474,474,497,510,559,276,276,294,294,294],"floor_reached":51,"playtime":1647,"items_purged":["Strike_R","Reckless Charge","Iron Wave"],"score":770,"play_id":"85cc2dde-f023-4261-ad39-1158177df7e7","local_time":"20201222205429","is_ascension_mode":false,"campfire_choices":[{"data":"Whirlwind","floor":6.0,"key":"SMITH"},{"data":"Bash","floor":11.0,"key":"SMITH"},{"data":"Armaments","floor":15.0,"key":"SMITH"},{"data":"Barricade","floor":23.0,"key":"SMITH"},{"data":"Entrench","floor":28.0,"key":"SMITH"},{"floor":32.0,"key":"REST"},{"data":"Body Slam","floor":40,"key":"SMITH"},{"data":"Shrug It Off","floor":42,"key":"SMITH"},{"data":"Brutality","floor":47,"key":"SMITH"},{"data":"Shrug It Off","floor":49,"key":"SMITH"}],"circlet_count":0,"master_deck":["Bash+1","Whirlwind+1","Shrug It Off+1","Brutality+1","Armaments+1","Pommel Strike","Barricade+1","Carnage","Thunderclap","Feed","Entrench+1","Body Slam+1","Shrug It Off+1","Reaper","Seeing Red"],"relics":["Burning Blood","Smiling Mask","Pear","StoneCalendar","Red Skull","Bronze Scales","Akabeko","Pandora\u0027s Box","Toolbox","InkBottle","Anchor","Regal Pillow","Mummified Hand","SacredBark","Dead Branch","Mango","Blood Vial","Boot","Happy Flower"],"acts_visited":["Exordium","TheCity","TheBeyond"],"potions_floor_usage":[36,36,50,50,50],"damage_taken":[{"damage":2.0,"enemies":"Small Slimes","floor":1.0,"turns":4.0},{"damage":17.0,"enemies":"Jaw Worm","floor":5.0,"turns":5.0},{"damage":28.0,"enemies":"Lagavulin","floor":7.0,"turns":7.0},{"damage":0.0,"enemies":"Cultist","floor":10.0,"turns":2.0},{"damage":11.0,"enemies":"3 Sentries","floor":12.0,"turns":3.0},{"damage":0.0,"enemies":"2 Fungi Beasts","floor":13.0,"turns":1.0},{"damage":0.0,"enemies":"3 Louse","floor":14.0,"turns":2.0},{"damage":40.0,"enemies":"Hexaghost","floor":16.0,"turns":7.0},{"damage":0.0,"enemies":"Spheric Guardian","floor":18.0,"turns":2.0},{"damage":22.0,"enemies":"2 Thieves","floor":19.0,"turns":3.0},{"damage":12.0,"enemies":"Chosen and Byrds","floor":20.0,"turns":4.0},{"damage":52.0,"enemies":"Shelled Parasite and Fungi","floor":22.0,"turns":3.0},{"damage":16.0,"enemies":"Slavers","floor":25.0,"turns":4.0},{"damage":1.0,"enemies":"Centurion and Healer","floor":27.0,"turns":2.0},{"damage":20.0,"enemies":"Book of Stabbing","floor":29.0,"turns":6.0},{"damage":16.0,"enemies":"Champ","floor":33.0,"turns":9.0},{"damage":44.0,"enemies":"Orb Walker","floor":35.0,"turns":6.0},{"damage":44,"enemies":"2 Orb Walkers","floor":36,"turns":4},{"damage":25,"enemies":"Mind Bloom Boss Battle","floor":38,"turns":4},{"damage":5,"enemies":"3 Shapes","floor":39,"turns":5},{"damage":3,"enemies":"Jaw Worm Horde","floor":41,"turns":4},{"damage":2,"enemies":"Transient","floor":44,"turns":5},{"damage":4,"enemies":"Writhing Mass","floor":48,"turns":5},{"damage":16,"enemies":"Donu and Deca","floor":50,"turns":12}],"seed_played":"-7799819784957390879","potions_obtained":[{"floor":1.0,"key":"LiquidMemories"},{"floor":10.0,"key":"Regen Potion"},{"floor":12.0,"key":"Fire Potion"},{"floor":13.0,"key":"AttackPotion"},{"floor":20.0,"key":"DistilledChaos"},{"floor":29.0,"key":"SteroidPotion"},{"floor":33.0,"key":"FearPotion"},{"floor":35.0,"key":"Swift Potion"},{"floor":39,"key":"Strength Potion"},{"floor":44,"key":"Ancient Potion"}],"is_trial":false,"path_per_floor":["M","?","?","$","M","R","E","$","T","M","R","E","M","M","R","B",null,"M","M","M","$","M","R","?","E","T","M","R","E","?","T","R","B",null,"M","?","?","?","M","R","M","R","T","M","T","$","R","M","R","B",null],"character_chosen":"IRONCLAD","items_purchased":["Red Skull","Toolbox","Body Slam","Happy Flower","Seeing Red"],"campfire_rested":1,"item_purchase_floors":[8,21,21,46,46],"current_hp_per_floor":[80,83,72,72,61,61,39,39,39,45,45,40,46,52,52,32,90,90,77,71,71,28,28,28,21,21,29,29,18,18,18,64,58,105,67,42,42,37,41,41,54,54,54,60,60,60,60,69,69,65],"gold":294,"neow_bonus":"RANDOM_COMMON_RELIC","is_daily":false,"chose_seed":false,"campfire_upgraded":9,"win_rate":0.0,"timestamp":1608638069,"path_taken":["M","?","?","$","M","R","E","?","T","M","R","E","M","M","R","BOSS","M","M","M","$","M","R","?","E","T","M","R","E","?","?","R","BOSS","M","?","?","?","M","R","M","R","T","M","?","$","R","M","R","BOSS"],"items_purchased_type":["Relic","Relic","Card","Relic","Card"],"build_version":"2020-12-13","purchased_purges":3,"victory":true,"max_hp_per_floor":[80,90,90,90,90,90,90,90,90,90,90,90,90,90,90,90,90,90,93,93,93,96,96,96,99,99,102,102,105,105,105,105,105,105,105,108,108,122,125,125,125,125,125,125,125,125,125,125,125,129],"card_choices":[{"not_picked":["Rage","Rupture"],"picked":"Whirlwind","floor":1.0},{"not_picked":["Carnage","Heavy Blade"],"picked":"Shrug It Off","floor":5.0},{"not_picked":["Rampage","Rupture"],"picked":"Brutality","floor":7.0},{"not_picked":["Clash","Twin Strike","Warcry"],"picked":"SKIP","floor":10.0},{"not_picked":["Double Tap","Headbutt"],"picked":"Armaments","floor":12.0},{"not_picked":["Dark Embrace","Perfected Strike"],"picked":"Pommel Strike","floor":13.0},{"not_picked":["Clothesline","Whirlwind","Pommel Strike"],"picked":"SKIP","floor":14.0},{"not_picked":["Impervious","Fiend Fire"],"picked":"Barricade","floor":16.0},{"not_picked":["Bloodletting","Thunderclap","Warcry"],"picked":"SKIP","floor":18.0},{"not_picked":["Clash","Sentinel","Armaments+1"],"picked":"SKIP","floor":19.0},{"not_picked":["True Grit","Sword Boomerang","Pommel Strike"],"picked":"SKIP","floor":20.0},{"not_picked":["Rampage","Cleave","Perfected Strike"],"picked":"SKIP","floor":22.0},{"not_picked":["Sentinel","Cleave"],"picked":"Reaper","floor":25.0},{"not_picked":["Perfected Strike+1","Hemokinesis","Blood for Blood"],"picked":"SKIP","floor":27.0},{"not_picked":["Havoc","Flex","Barricade"],"picked":"SKIP","floor":29.0},{"not_picked":["Warcry","Thunderclap+1","Infernal Blade+1"],"picked":"SKIP","floor":35.0},{"not_picked":["Flex","Headbutt","Clothesline"],"picked":"SKIP","floor":39},{"not_picked":["Pommel Strike","Iron Wave+1","Inflame+1"],"picked":"SKIP","floor":41},{"not_picked":["Whirlwind+1","Reaper","Dual Wield"],"picked":"SKIP","floor":44},{"not_picked":["Heavy Blade+1","True Grit+1","Headbutt+1"],"picked":"SKIP","floor":48}],"player_experience":756529,"relics_obtained":[{"floor":7.0,"key":"StoneCalendar"},{"floor":9.0,"key":"Bronze Scales"},{"floor":12.0,"key":"Akabeko"},{"floor":25.0,"key":"InkBottle"},{"floor":26.0,"key":"Anchor"},{"floor":29.0,"key":"Regal Pillow"},{"floor":31.0,"key":"Mummified Hand"},{"floor":36,"key":"Dead Branch"},{"floor":38,"key":"Mango"},{"floor":43,"key":"Blood Vial"},{"floor":45,"key":"Boot"}],"event_choices":[{"damage_healed":0.0,"max_hp_gain":0.0,"max_hp_loss":0.0,"gold_gain":0.0,"event_name":"Scrap Ooze","player_choice":"Success","floor":2.0,"gold_loss":0.0,"damage_taken":7.0,"relics_obtained":["Pear"]},{"damage_healed":0.0,"max_hp_gain":0.0,"max_hp_loss":0.0,"gold_gain":75.0,"event_name":"World of Goop","player_choice":"Gather Gold","floor":3.0,"gold_loss":0.0,"damage_taken":11.0},{"damage_healed":0.0,"max_hp_gain":0.0,"max_hp_loss":0.0,"gold_gain":0.0,"cards_transformed":["Reckless Charge","Exhume"],"event_name":"Drug Dealer","player_choice":"Became Test Subject","floor":24.0,"gold_loss":0.0,"damage_taken":0.0,"cards_obtained":["Iron Wave","Shrug It Off"]},{"damage_healed":0.0,"max_hp_gain":0.0,"max_hp_loss":0.0,"gold_gain":0.0,"event_name":"Ghosts","player_choice":"Ignored","floor":30.0,"gold_loss":0.0,"damage_taken":0.0},{"damage_healed":0,"gold_gain":0,"player_choice":"Fight","damage_taken":0,"max_hp_gain":0,"max_hp_loss":0,"event_name":"Mysterious Sphere","floor":36,"gold_loss":0},{"cards_removed":["Sentinel"],"damage_healed":0,"gold_gain":0,"player_choice":"Removed Skill","damage_taken":0,"max_hp_gain":0,"max_hp_loss":0,"event_name":"Falling","floor":37,"gold_loss":0},{"damage_healed":0,"gold_gain":0,"player_choice":"Fight","damage_taken":0,"max_hp_gain":0,"max_hp_loss":0,"event_name":"MindBloom","floor":38,"gold_loss":0}],"is_beta":false,"boss_relics":[{"not_picked":["Mark of Pain","Cursed Key"],"picked":"Pandora\u0027s Box"},{"not_picked":["Runic Dome","Runic Pyramid"],"picked":"SacredBark"}],"items_purged_floors":[4,21,46],"is_endless":false,"potions_floor_spawned":[1,10,12,13,20,29,33,35,39,44,48],"ascension_level":0}}