{"host":"5gc11emcm5chfr5t","time":1608619194,"event":{"mods":["2.2 Compatiblity","AchievementEnabler","BaseMod","Bestiary","Better Note","Colored Map","Colored Powertips","Downfall","Googly Eyes","Minty Spire (QoL Compilation)","Rare Cards Sparkle","StSLib"],"gold_per_floor":[99,99,99,99,99,24,24,74,93,93,111,137,62,91,103,103,103],"floor_reached":16,"playtime":419,"items_purged":[],"score":212,"play_id":"4bda0144-4f7c-4e61-bfcd-597e573fde00","local_time":"20201222013954","is_ascension_mode":true,"campfire_choices":[{"floor":1,"key":"RECALL"},{"data":"sneckomod:SerpentIdol","floor":6,"key":"SMITH"},{"floor":13,"key":"REST"}],"circlet_count":0,"master_deck":["AscendersBane","sneckomod:Strike","sneckomod:Strike","sneckomod:Strike","sneckomod:Defend","sneckomod:Defend","sneckomod:Defend","sneckomod:TailWhip","sneckomod:SnekBite","sneckomod:Unknown","sneckomod:Unknown","sneckomod:UnknownUncommonPower","sneckomod:SerpentIdol+1","sneckomod:WideSting+1","sneckomod:UnknownClassRED","sneckomod:UnknownClassGUARDIAN","sneckomod:Transmogrify","sneckomod:Unknown3Cost","sneckomod:QuickMove"],"relics":["sneckomod:SneckoSoul","downfall:HeartsMalice","downfall:HeartBlessingRed","downfall:HeartBlessingGreen","Bronze Scales","Boot"],"acts_visited":["Exordium"],"potions_floor_usage":[12,12,16],"damage_taken":[{"damage":0,"enemies":"Cultist","floor":2,"turns":1},{"damage":0,"enemies":"downfall:FleeingMerchant","floor":4,"turns":1},{"damage":0,"enemies":"2 Louse","floor":5,"turns":1},{"damage":0,"enemies":"Small Slimes","floor":9,"turns":4},{"damage":0,"enemies":"Gremlin Gang","floor":11,"turns":1},{"damage":17,"enemies":"3 Sentries","floor":12,"turns":3},{"damage":41,"enemies":"Gremlin Nob","floor":14,"turns":4},{"damage":28,"enemies":"2 Fungi Beasts","floor":15,"turns":3},{"damage":44,"enemies":"downfall:Ironclad","floor":16,"turns":8}],"seed_played":"6862899551674736741","potions_obtained":[{"floor":3,"key":"champ:CounterPotion"},{"floor":3,"key":"GamblersBrew"},{"floor":9,"key":"Guardian:BlockOnCardUsePotion"},{"floor":11,"key":"champ:CounterPotion"},{"floor":15,"key":"PowerPotion"}],"is_trial":false,"path_per_floor":["R","M","?","$","M","R","T","?","M","?","M","E","R","E","M","B"],"character_chosen":"THE_SNECKO","items_purchased":[],"campfire_rested":1,"item_purchase_floors":[],"current_hp_per_floor":[75,76,76,76,76,76,76,76,77,77,78,61,86,46,18,0,0],"gold":103,"neow_bonus":"THREE_ENEMY_KILL","is_daily":false,"chose_seed":false,"campfire_upgraded":1,"win_rate":0.0,"timestamp":1608619194,"path_taken":["R","M","?","$","?","R","T","?","M","?","M","E","R","E","M","BOSS"],"items_purchased_type":[],"build_version":"2020-12-13","purchased_purges":0,"victory":false,"max_hp_per_floor":[83,84,84,84,84,84,84,84,85,85,86,86,86,87,87,87,87],"card_choices":[{"not_picked":["sneckomod:UnknownWeak","sneckomod:UnknownCommonSkill"],"picked":"sneckomod:UnknownUncommonPower","floor":2},{"not_picked":["sneckomod:UnknownX","sneckomod:QuickBite"],"picked":"sneckomod:SerpentIdol","floor":4},{"not_picked":["sneckomod:DefensiveFlair","sneckomod:UnknownExhaust"],"picked":"sneckomod:WideSting","floor":5},{"not_picked":["sneckomod:UnknownClassTHE_CHAMP_GRAY","sneckomod:Unknown1Cost"],"picked":"sneckomod:UnknownClassRED","floor":9},{"not_picked":["sneckomod:UnknownExhaust","sneckomod:UnknownCommonAttack"],"picked":"sneckomod:UnknownClassGUARDIAN","floor":11},{"not_picked":["sneckomod:SnekBeam","sneckomod:DiceBoulder"],"picked":"sneckomod:Transmogrify","floor":12},{"not_picked":["sneckomod:UnknownClassPURPLE","sneckomod:IronFang"],"picked":"sneckomod:Unknown3Cost","floor":14},{"not_picked":["sneckomod:QuickBite","sneckomod:UnknownCommonAttack"],"picked":"sneckomod:QuickMove","floor":15}],"player_experience":469698,"relics_obtained":[{"floor":7,"key":"Pantograph"},{"floor":12,"key":"Nunchaku"},{"floor":14,"key":"Bronze Scales"},{"floor":14,"key":"Boot"},{"floor":15,"key":"Pantograph"}],"event_choices":[{"damage_healed":0,"gold_gain":0,"player_choice":"Got Potions","damage_taken":0,"max_hp_gain":0,"max_hp_loss":0,"event_name":"Lab","floor":3,"gold_loss":0},{"damage_healed":0,"gold_gain":0,"player_choice":"Upgraded","damage_taken":0,"max_hp_gain":0,"max_hp_loss":0,"event_name":"Upgrade Shrine","floor":10,"gold_loss":0,"cards_upgraded":["sneckomod:WideSting"]}],"is_beta":false,"boss_relics":[],"items_purged_floors":[],"is_endless":false,"potions_floor_spawned":[9,11,15],"killed_by":"downfall:Ironclad","ascension_level":20}}