{"host":"baymyijz6sxaqj5s","time":1608643621,"event":{"mods":["AchievementEnabler","BaseMod","Colored Map","Colored Powertips","DeckTracker","KOR Keyword Fix","Keyboard Shortcuts","Minty Spire (QoL Compilation)","Quick Restart","StSLib","SuperFastMode"],"gold_per_floor":[116,116,136,149,149,149,183,183,183,26,41,54,64,74,74,174,174,193,39,49,49,63,63,82,82,82,99,99,113,123,123,123,222,272,282,300,318,338,352,352,372,44,98,98,116,116,116,116],"floor_reached":47,"playtime":1405,"items_purged":[],"score":462,"play_id":"aaa84211-d2f6-4a71-aa85-26c6f1f9da07","local_time":"20201222222701","is_ascension_mode":false,"campfire_choices":[{"data":"Spot Weakness","floor":6,"key":"SMITH"},{"data":"Armaments","floor":8,"key":"SMITH"},{"data":"Pommel Strike","floor":15,"key":"SMITH"},{"floor":23,"key":"REST"},{"floor":32,"key":"REST"},{"floor":40,"key":"REST"},{"floor":44,"key":"REST"},{"floor":46,"key":"REST"}],"circlet_count":0,"master_deck":["Strike_R","Strike_R","Strike_R","Strike_R+1","Defend_R","Defend_R","Defend_R","Defend_R","Bash+1","Spot Weakness+1","Armaments+1","Thunderclap","Pommel Strike+1","Shrug It Off","Heavy Blade","Necronomicurse","Twin Strike","Seeing Red+1","Sword Boomerang+1","Barricade","Cleave+1","Parasite","Power Through+1","Ghostly Armor+1","Double Tap","Flame Barrier","Parasite","Body Slam+1"],"relics":["Burning Blood","FossilizedHelix","Vajra","Meat on the Bone","Lee\u0027s Waffle","SlaversCollar","Happy Flower","Necronomicon","Red Skull","Tiny House","Frozen Egg 2","Bag of Marbles"],"acts_visited":["Exordium","TheCity","TheBeyond"],"potions_floor_usage":[7,7,16,16,27,29,35,36,39,41],"damage_taken":[{"damage":0,"enemies":"2 Louse","floor":1,"turns":4},{"damage":1,"enemies":"Jaw Worm","floor":3,"turns":3},{"damage":1,"enemies":"Cultist","floor":4,"turns":3},{"damage":8,"enemies":"Lagavulin","floor":7,"turns":6},{"damage":2,"enemies":"2 Fungi Beasts","floor":11,"turns":4},{"damage":13,"enemies":"Exordium Thugs","floor":12,"turns":4},{"damage":4,"enemies":"Blue Slaver","floor":13,"turns":4},{"damage":2,"enemies":"Large Slime","floor":14,"turns":6},{"damage":45,"enemies":"The Guardian","floor":16,"turns":8},{"damage":25,"enemies":"Spheric Guardian","floor":18,"turns":6},{"damage":29,"enemies":"3 Byrds","floor":20,"turns":9},{"damage":33,"enemies":"Snake Plant","floor":22,"turns":5},{"damage":22,"enemies":"Shelled Parasite and Fungi","floor":24,"turns":7},{"damage":0,"enemies":"3 Cultists","floor":27,"turns":3},{"damage":32,"enemies":"Sentry and Sphere","floor":29,"turns":6},{"damage":32,"enemies":"Snake Plant","floor":30,"turns":5},{"damage":26,"enemies":"Collector","floor":33,"turns":4},{"damage":86,"enemies":"3 Shapes","floor":35,"turns":5},{"damage":0,"enemies":"Orb Walker","floor":36,"turns":2},{"damage":25,"enemies":"Writhing Mass","floor":37,"turns":5},{"damage":0,"enemies":"3 Darklings","floor":38,"turns":2},{"damage":0,"enemies":"4 Shapes","floor":39,"turns":4},{"damage":85,"enemies":"Transient","floor":41,"turns":5},{"damage":42,"enemies":"Writhing Mass","floor":45,"turns":8},{"damage":76,"enemies":"Maw","floor":47,"turns":8}],"seed_played":"-3116216054954105182","potions_obtained":[{"floor":1,"key":"PowerPotion"},{"floor":4,"key":"DistilledChaos"},{"floor":12,"key":"Strength Potion"},{"floor":14,"key":"SneckoOil"},{"floor":24,"key":"Strength Potion"},{"floor":27,"key":"BloodPotion"},{"floor":33,"key":"LiquidBronze"},{"floor":34,"key":"Ancient Potion"},{"floor":37,"key":"Swift Potion"},{"floor":39,"key":"EssenceOfSteel"}],"is_trial":false,"path_per_floor":["M","?","M","M","?","R","E","R","T","$","M","M","M","M","R","B",null,"M","$","M","?","M","R","M","?","T","M","?","M","M","?","R","B",null,"M","M","M","M","M","R","M","$","T","R","M","R","M"],"character_chosen":"IRONCLAD","items_purchased":["Lee\u0027s Waffle","Happy Flower","Flame Barrier","Frozen Egg 2"],"campfire_rested":5,"item_purchase_floors":[10,19,42,42],"current_hp_per_floor":[88,70,75,80,73,73,71,71,71,95,95,88,90,94,94,55,95,76,76,65,65,50,78,62,46,46,64,64,57,43,43,71,63,100,32,50,43,61,67,97,30,30,30,60,36,66,0,0],"gold":116,"neow_bonus":"TEN_PERCENT_HP_BONUS","is_daily":false,"chose_seed":false,"campfire_upgraded":3,"win_rate":0.0,"timestamp":1608643621,"path_taken":["M","?","M","M","?","R","E","R","T","?","M","M","?","M","R","BOSS","M","$","M","?","M","R","M","?","T","M","?","?","M","?","R","BOSS","M","M","M","M","M","R","M","$","T","R","M","R","M"],"items_purchased_type":["Relic","Relic","Card","Relic"],"build_version":"2020-12-13","purchased_purges":0,"victory":false,"max_hp_per_floor":[88,88,88,88,88,88,88,88,88,95,95,95,95,95,95,95,95,95,95,95,95,95,95,95,95,95,95,95,95,95,95,95,95,100,100,100,100,100,100,100,100,100,100,100,100,100,100,100],"card_choices":[{"not_picked":["Disarm","Second Wind","Metallicize"],"picked":"SKIP","floor":1},{"not_picked":["Headbutt","Pommel Strike"],"picked":"Spot Weakness","floor":3},{"not_picked":["Carnage","Anger","Uppercut"],"picked":"SKIP","floor":4},{"not_picked":["Pummel","Bludgeon"],"picked":"Armaments","floor":7},{"not_picked":["Wild Strike","Twin Strike"],"picked":"Thunderclap","floor":11},{"not_picked":["Flex","Reckless Charge","Hemokinesis"],"picked":"SKIP","floor":12},{"not_picked":["Pummel","Clothesline","Headbutt"],"picked":"SKIP","floor":13},{"not_picked":["Iron Wave","Exhume"],"picked":"Pommel Strike","floor":14},{"not_picked":["Dropkick","Anger"],"picked":"Shrug It Off","floor":18},{"not_picked":["Anger","Combust","Armaments"],"picked":"SKIP","floor":20},{"not_picked":["Cleave+1","Rage+1"],"picked":"Heavy Blade","floor":22},{"not_picked":["Disarm","Anger","Metallicize"],"picked":"SKIP","floor":24},{"not_picked":["Perfected Strike","Iron Wave+1"],"picked":"Twin Strike","floor":27},{"not_picked":["Flex+1","Warcry"],"picked":"Seeing Red+1","floor":29},{"not_picked":["Perfected Strike","Juggernaut"],"picked":"Sword Boomerang","floor":30},{"not_picked":["Offering","Feed"],"picked":"Barricade","floor":33},{"not_picked":["Dropkick","Iron Wave+1"],"picked":"Cleave+1","floor":34},{"not_picked":["Burning Pact+1","Carnage","Heavy Blade"],"picked":"SKIP","floor":35},{"not_picked":["Headbutt","Perfected Strike","Havoc"],"picked":"SKIP","floor":36},{"not_picked":["Perfected Strike","Armaments+1"],"picked":"Power Through+1","floor":37},{"not_picked":["Perfected Strike+1","Clash"],"picked":"Ghostly Armor+1","floor":38},{"not_picked":["Ghostly Armor+1","Reckless Charge+1","Heavy Blade"],"picked":"SKIP","floor":39},{"not_picked":["Rampage+1","Whirlwind+1"],"picked":"Double Tap","floor":41},{"not_picked":["Burning Pact","Dark Embrace+1"],"picked":"Body Slam+1","floor":45}],"player_experience":184349,"relics_obtained":[{"floor":7,"key":"Vajra"},{"floor":9,"key":"Meat on the Bone"},{"floor":25,"key":"Necronomicon"},{"floor":26,"key":"Red Skull"},{"floor":43,"key":"Bag of Marbles"}],"event_choices":[{"damage_healed":0,"gold_gain":0,"player_choice":"Entered Light","damage_taken":18,"max_hp_gain":0,"max_hp_loss":0,"event_name":"Shining Light","floor":2,"gold_loss":0,"cards_upgraded":["Strike_R","Bash"]},{"damage_healed":0,"gold_gain":0,"player_choice":"Success","damage_taken":7,"relics_obtained":["FossilizedHelix"],"max_hp_gain":0,"max_hp_loss":0,"event_name":"Scrap Ooze","floor":5,"gold_loss":0},{"damage_healed":0,"gold_gain":0,"player_choice":"Ignored","damage_taken":0,"max_hp_gain":0,"max_hp_loss":0,"event_name":"Ghosts","floor":21,"gold_loss":0},{"damage_healed":0,"gold_gain":0,"player_choice":"Obtained Book","damage_taken":16,"max_hp_gain":0,"max_hp_loss":0,"event_name":"Cursed Tome","floor":25,"gold_loss":0},{"cards_removed":["Strike_R"],"damage_healed":0,"gold_gain":0,"player_choice":"Offered Basic","damage_taken":0,"max_hp_gain":0,"max_hp_loss":0,"event_name":"Bonfire Elementals","floor":28,"gold_loss":0},{"damage_healed":0,"gold_gain":0,"player_choice":"Ignored","damage_taken":0,"max_hp_gain":0,"max_hp_loss":0,"event_name":"The Mausoleum","floor":31,"gold_loss":0}],"is_beta":false,"boss_relics":[{"not_picked":["Runic Pyramid","Mark of Pain"],"picked":"SlaversCollar"},{"not_picked":["Runic Cube","Snecko Eye"],"picked":"Tiny House"}],"items_purged_floors":[],"is_endless":false,"potions_floor_spawned":[1,4,12,14,24,27,33,37,39],"killed_by":"Maw","ascension_level":0}}