{"host":"3ghjvsatr2fxka2l","time":1608611538,"event":{"mods":["2.2 Compatiblity","AchievementEnabler","Act Like it!","Aspiration","BaseMod","Better Third Choice","Better Vampires","BetterRewards","Clawfect","Colored Powertips","Conspire","Curses Come First","Defuse TimeMaze Blight","Displayed Cursed Tome","Energized Spire","Gold Saver","Grow up Mod","Hallownest","Hubris","Infinite Spire","Lobotomy","Marked Mod","Minty Spire (QoL Compilation)","Quick Restart","Replay The Spire","SacredBarkPlus","StSLib","The Blue Laboratory","The Bug Knight","Transform Curses","Uncapped","Waifu the Spire","Wandering Minibosses","vexMod","??????REMEMod"],"gold_per_floor":[110,110,123,143,158,192,192,206,206,206,206],"floor_reached":10,"playtime":1726,"items_purged":[],"score":120,"play_id":"26d2dd67-c3a0-419b-b5a7-691ca2cb731c","local_time":"20201221203218","is_ascension_mode":false,"campfire_choices":[],"circlet_count":0,"master_deck":["Strike_G","Strike_G","Strike_G","Strike_G","Strike_G","Defend_G","Defend_G","Defend_G","Defend_G","Defend_G","Survivor","Neutralize","HollowMod:theNailsmith","MeatLantern","FairyFestival","Cloak And Dagger","VoidDream","Blade Dance","LongBird","Terror","Toxin Wave","OSAHOGD"],"relics":["Ring of the Snake","REME_ComplimentaryCards","CogitoBucket","Hallownest:DreamNailRelic","Art of War","HellTrain","HollowMod:StagPassRelic"],"acts_visited":["Exordium"],"potions_floor_usage":[10],"damage_taken":[{"damage":6,"enemies":"Hallownest:2_Baldur","floor":1,"turns":6},{"damage":7,"enemies":"Hallownest:monsterHuskGuard","floor":3,"turns":4},{"damage":49,"enemies":"Hallownest:2_Tiktiks_and_1_Crawlid","floor":4,"turns":5},{"damage":71,"enemies":"Hallownest:1_Baldur_1_Crawlid_1_Warrior","floor":5,"turns":19},{"damage":9,"enemies":"Hallownest:eliteVengeflyKing","floor":6,"turns":8},{"damage":34,"enemies":"Hallownest:2_Tiktiks_1_Baldur_1_Crawlid","floor":8,"turns":6}],"seed_played":"7463958946894938426","potions_obtained":[{"floor":8,"key":"blueLaboratory:SavagePotion"}],"is_trial":false,"path_per_floor":["M","?","M","M","M","E","R","M","T","E"],"character_chosen":"THE_SILENT","items_purchased":[],"campfire_rested":0,"item_purchase_floors":[],"current_hp_per_floor":[84,94,97,58,18,23,33,11,21,0,0],"gold":206,"neow_bonus":"","is_daily":false,"chose_seed":false,"campfire_upgraded":0,"win_rate":0.0,"timestamp":1608611538,"path_taken":["M","?","M","?","M","E","R","M","T","E"],"items_purchased_type":[],"build_version":"2020-12-13","purchased_purges":0,"victory":false,"max_hp_per_floor":[90,100,110,120,130,140,150,160,170,170,170],"card_choices":[{"not_picked":["Porccubus","LittlePrince","PunishingBird"],"picked":"Singing Bowl","floor":1},{"not_picked":["Prepared","Choke","Deflect"],"picked":"SKIP","floor":1},{"not_picked":["WallGazer","BeautyBeast","SnowQueen"],"picked":"Singing Bowl","floor":3},{"not_picked":["ShyLook","SpiderBud"],"picked":"MeatLantern","floor":3},{"not_picked":["Underhanded Strike","PiercingWail","Dodge and Roll"],"picked":"SKIP","floor":3},{"not_picked":["SpiderBud","SnowQueen"],"picked":"FairyFestival","floor":4},{"not_picked":["conspire:PoisonWeapons","Skewer"],"picked":"Cloak And Dagger","floor":4},{"not_picked":["BlackSwan","Bloodbath","UniverseFragment"],"picked":"Singing Bowl","floor":5},{"not_picked":["OSAHOGD","Rudolta"],"picked":"VoidDream","floor":5},{"not_picked":["Cloak And Dagger","REME_SpectralBlade"],"picked":"Blade Dance","floor":5},{"not_picked":["BeautyBeast","Wellcheers"],"picked":"LongBird","floor":6},{"not_picked":["Dash","Crippling Poison"],"picked":"Terror","floor":6},{"not_picked":["Distraction","REME_GreenPollution"],"picked":"Toxin Wave","floor":8},{"not_picked":["BigBadWolf","Yin"],"picked":"OSAHOGD","floor":8}],"player_experience":278963,"relics_obtained":[{"floor":6,"key":"Art of War"},{"floor":9,"key":"HollowMod:StagPassRelic"}],"event_choices":[],"is_beta":false,"boss_relics":[],"items_purged_floors":[],"is_endless":false,"potions_floor_spawned":[6,8],"killed_by":"Hallownest:eliteCrystalGuardian","ascension_level":0}}