{"host":"cbnfbo28eyz4xcn1","time":1608604698,"event":{"mods":["BaseMod","Colored Map","Colored Powertips","Infinite Spire","Minty Spire (QoL Compilation)","Replay The Spire","StSLib"],"gold_per_floor":[113,124,31,31,44,70,70,100,182,182,198,198,215,246,246,346,346,365,377,393,11,11,11,11,11,11,30,64,80,80,99,99,202,202,220,232,7,19,19,47,47,74,124,147,147,190,190,211,211,211],"floor_reached":51,"playtime":1930,"items_purged":[],"score":1327,"play_id":"d9460923-bbd5-4294-b46c-ea0048df044d","local_time":"20201222033818","is_ascension_mode":true,"campfire_choices":[{"floor":7.0,"key":"REST"},{"floor":10.0,"key":"REST"},{"floor":12.0,"key":"REST"},{"data":"infinitespire:Punishment","floor":15.0,"key":"SMITH"},{"floor":24.0,"key":"REST"},{"floor":30.0,"key":"REST"},{"floor":32.0,"key":"REST"},{"floor":41.0,"key":"REST"},{"floor":45.0,"key":"REST"},{"floor":49.0,"key":"REST"}],"circlet_count":0,"master_deck":["Strike_G","Strike_G","Strike_G+1","Strike_G","Strike_G","Defend_G","Defend_G","Defend_G","Defend_G","Defend_G","Survivor","Neutralize","Strike_P+1","Backflip","Dagger Spray","Flash of Steel","infinitespire:Punishment+1","Riddle With Holes","Distraction","Riddle With Holes","Cloak And Dagger","Acrobatics","Backstab","Envenom","Poisoned Stab","Deflect","Noxious Fumes","Dagger Spray","Slice","Crippling Poison","ReplayTheSpireMod:Black Plague","Dagger Spray+1","Dagger Throw","Footwork","Backstab+1","Poison Darts","Slice+1","Bane+1","Footwork","Dramatic Entrance","Dagger Spray","Footwork+1","Poisoned Stab+1","Footwork+1","Dagger Spray+1","Pot Of Greed","Pot Of Greed","Pot Of Greed","Pot Of Greed","Dodge and Roll+1","infinitespire:UltimateForm","Dagger Throw+1","Pot Of Greed"],"relics":["Ring of the Snake","Basket Of Snakes","ReplayTheSpireMod:Lightbulb","Bottled Flame","Replay:Bottled Steam","Black Star","Sling","Omamori","Du-Vu Doll","Potion Belt","Simple Rune","infinitespire:Cupcake","Ring of Peace","ReplayTheSpireMod:Ring of Collecting","Pen Nib","Pondfish Scales","Ninja Scroll","TungstenRod","Ring of Greed","White Beast Statue","Replay:Wax Seal","Golden Idol","Grinning Jar","Ancient Tea Set"],"acts_visited":["Exordium","TheCity","TheBeyond"],"potions_floor_usage":[50,50,50],"damage_taken":[{"damage":1.0,"enemies":"2 Louse","floor":1.0,"turns":3.0},{"damage":7.0,"enemies":"Small Slimes","floor":2.0,"turns":3.0},{"damage":0.0,"enemies":"Cultist","floor":5.0,"turns":2.0},{"damage":35.0,"enemies":"Lagavulin","floor":6.0,"turns":4.0},{"damage":16.0,"enemies":"Gremlin Nob","floor":8.0,"turns":3.0},{"damage":8.0,"enemies":"Exordium Thugs","floor":11.0,"turns":3.0},{"damage":0.0,"enemies":"Lots of Slimes","floor":13.0,"turns":3.0},{"damage":10.0,"enemies":"3 Sentries","floor":14.0,"turns":4.0},{"damage":21.0,"enemies":"The Guardian","floor":16.0,"turns":9.0},{"damage":29.0,"enemies":"Shell Parasite","floor":18.0,"turns":4.0},{"damage":0.0,"enemies":"3 Byrds","floor":19.0,"turns":4.0},{"damage":16.0,"enemies":"Centurion and Healer","floor":20.0,"turns":3.0},{"damage":10.0,"enemies":"Snecko","floor":27.0,"turns":3.0},{"damage":15.0,"enemies":"Slavers","floor":28.0,"turns":3.0},{"damage":0.0,"enemies":"Snake Plant","floor":29.0,"turns":1.0},{"damage":7.0,"enemies":"Cultist and Chosen","floor":31.0,"turns":4.0},{"damage":62.0,"enemies":"Champ","floor":33.0,"turns":7.0},{"damage":4.0,"enemies":"3 Darklings","floor":35.0,"turns":3.0},{"damage":0.0,"enemies":"Orb Walker","floor":36.0,"turns":1.0},{"damage":16.0,"enemies":"Jaw Worm Horde","floor":38.0,"turns":3.0},{"damage":21.0,"enemies":"Nemesis","floor":40.0,"turns":5.0},{"damage":9.0,"enemies":"Reptomancer","floor":42.0,"turns":3.0},{"damage":28.0,"enemies":"Transient","floor":44.0,"turns":5.0},{"damage":0.0,"enemies":"Giant Head","floor":46.0,"turns":4.0},{"damage":0.0,"enemies":"Sphere and 2 Shapes","floor":48.0,"turns":2.0},{"damage":53,"enemies":"infinitespire:MassOfShapes","floor":50,"turns":11}],"seed_played":"-6574346654439531940","potions_obtained":[{"floor":11.0,"key":"Energy Potion"},{"floor":13.0,"key":"EssenceOfSteel"},{"floor":14.0,"key":"SkillPotion"},{"floor":19.0,"key":"Block Potion"},{"floor":27.0,"key":"PowerPotion"},{"floor":28.0,"key":"Doom Potion"},{"floor":29.0,"key":"Energy Potion"},{"floor":36.0,"key":"Block Potion"},{"floor":38.0,"key":"Fruit Juice"},{"floor":44.0,"key":"FearPotion"},{"floor":46.0,"key":"FearPotion"},{"floor":48.0,"key":"LiquidBronze"}],"is_trial":false,"path_per_floor":["M","M","$","?","M","E","R","E","T","R","M","R","M","E","R","B",null,"M","M","M","$","?","AVR","R","$","T","M","E","M","R","M","R","B",null,"M","M","$","M","?","E","R","E","T","M","R","E","AVR","M","R","B",null],"character_chosen":"THE_SILENT","items_purchased":["Flash of Steel","Noxious Fumes","Dagger Spray","Slice","Sling","Crippling Poison","Footwork","Dramatic Entrance","Dagger Spray","Strength Potion"],"campfire_rested":9,"item_purchase_floors":[3,21,21,21,21,21,37,37,37,37],"current_hp_per_floor":[76,69,69,48,48,13,38,22,22,47,39,64,64,54,54,33,71,42,42,26,26,26,26,51,51,51,41,26,26,51,44,69,7,65,61,61,61,50,50,29,55,46,46,18,44,44,44,44,70,17],"gold":211,"neow_bonus":"TWENTY_PERCENT_HP_BONUS","is_daily":false,"chose_seed":false,"campfire_upgraded":1,"win_rate":0.0,"timestamp":1608604698,"path_taken":["M","M","$","?","M","E","R","E","T","R","M","R","M","E","R","BOSS","M","M","M","$","?","AVR","R","?","T","?","E","?","R","M","R","BOSS","M","M","$","M","?","E","R","E","T","M","R","E","AVR","M","R","BOSS"],"items_purchased_type":["Card","Card","Card","Card","Relic","Card","Card","Card","Card","Potion"],"build_version":"2020-12-13","purchased_purges":0,"victory":true,"max_hp_per_floor":[84,84,84,84,84,84,84,84,84,84,84,84,84,84,84,84,84,84,84,84,84,84,84,84,84,84,84,84,84,84,84,84,84,84,84,84,84,89,89,89,89,89,89,89,89,89,89,89,89,89],"card_choices":[{"not_picked":["Underhanded Strike","ReplayTheSpireMod:Shiv Toss"],"picked":"Backflip","floor":1.0},{"not_picked":["Sucker Punch","Backflip"],"picked":"Dagger Spray","floor":2.0},{"not_picked":["infinitespire:UltimateForm","ReplayTheSpireMod:Black Plague"],"picked":"infinitespire:Punishment","floor":4.0},{"not_picked":["ReplayTheSpireMod:The Works","Infinite Blades"],"picked":"Riddle With Holes","floor":5.0},{"not_picked":["Deadly Poison","Sucker Punch"],"picked":"Distraction","floor":6.0},{"not_picked":["Masterful Stab","Deadly Poison"],"picked":"Riddle With Holes","floor":8.0},{"not_picked":["Caltrops","Tactician"],"picked":"Cloak And Dagger","floor":11.0},{"not_picked":["Deadly Poison","Blur"],"picked":"Acrobatics","floor":13.0},{"not_picked":["Footwork","Skewer"],"picked":"Backstab","floor":14.0},{"not_picked":["Doppelganger","Malaise"],"picked":"Envenom","floor":16.0},{"not_picked":["Deadly Poison","Acrobatics"],"picked":"Poisoned Stab","floor":18.0},{"not_picked":["Sneak Up","Quick Slash"],"picked":"Deflect","floor":19.0},{"not_picked":["Concentrate","Leg Sweep","Expertise+1"],"picked":"SKIP","floor":20.0},{"not_picked":["Blade Dance","Poisoned Stab"],"picked":"Dagger Spray+1","floor":27.0},{"not_picked":["Deflect","Prepared"],"picked":"Dagger Throw","floor":28.0},{"not_picked":["ReplayTheSpireMod:Exploit Weakness","Distraction"],"picked":"Footwork","floor":29.0},{"not_picked":["Blur","Accuracy"],"picked":"Backstab+1","floor":31.0},{"not_picked":["Night Terror","Doppelganger"],"picked":"Poison Darts","floor":33.0},{"not_picked":["Hidden Blade+1","Quick Slash"],"picked":"Slice+1","floor":35.0},{"not_picked":["Acrobatics+1","Dodge and Roll"],"picked":"Bane+1","floor":36.0},{"not_picked":["Deflect+1","Escape Plan"],"picked":"Footwork+1","floor":38.0},{"not_picked":["Sucker Punch","Setup"],"picked":"Poisoned Stab+1","floor":40.0},{"not_picked":["Corpse Explosion","Caltrops+1"],"picked":"Footwork+1","floor":42.0},{"not_picked":["Leg Sweep","Backflip+1"],"picked":"Dagger Spray+1","floor":44.0},{"not_picked":["Bane","All Out Attack+1"],"picked":"Dodge and Roll+1","floor":46.0},{"not_picked":["Sucker Punch+1","Replay:Poison Smokescreen+1"],"picked":"Dagger Throw+1","floor":48.0}],"player_experience":458633,"relics_obtained":[{"floor":6.0,"key":"Basket Of Snakes"},{"floor":8.0,"key":"ReplayTheSpireMod:Lightbulb"},{"floor":9.0,"key":"Bottled Flame"},{"floor":14.0,"key":"Replay:Bottled Steam"},{"floor":26.0,"key":"Du-Vu Doll"},{"floor":28.0,"key":"Potion Belt"},{"floor":28.0,"key":"Simple Rune"},{"floor":39.0,"key":"Ring of Peace"},{"floor":39.0,"key":"ReplayTheSpireMod:Ring of Collecting"},{"floor":40.0,"key":"Pen Nib"},{"floor":40.0,"key":"Pondfish Scales"},{"floor":42.0,"key":"Ninja Scroll"},{"floor":42.0,"key":"TungstenRod"},{"floor":43.0,"key":"Ring of Greed"},{"floor":43.0,"key":"White Beast Statue"},{"floor":43.0,"key":"Replay:Wax Seal"},{"floor":43.0,"key":"Golden Idol"},{"floor":46.0,"key":"Grinning Jar"},{"floor":46.0,"key":"Ancient Tea Set"}],"event_choices":[{"cards_removed":["Strike_P"],"damage_healed":0.0,"max_hp_gain":0.0,"max_hp_loss":0.0,"gold_gain":0.0,"event_name":"Bonfire Elementals","player_choice":"Offered Basic","floor":22.0,"gold_loss":0.0,"damage_taken":0.0}],"is_beta":false,"boss_relics":[{"not_picked":["Kintsugi","Painkiller Herb"],"picked":"Black Star"},{"not_picked":["Tiny House","Astrolabe"],"picked":"infinitespire:Cupcake"}],"items_purged_floors":[],"is_endless":false,"potions_floor_spawned":[11,13,14,19,27,28,29,36,38,44,46,48],"ascension_level":9}}