{"host":"92108ef2q9tm8rod","time":1608647767,"event":{"mods":["BaseMod","Defuse TimeMaze Blight","Minty Spire (QoL Compilation)","StSLib","The Jungle"],"gold_per_floor":[111,128,128,145,70,70,95,95,119,119,119,147,147,209,209,308,358,377,284,299,311,57,57,57,87,110,110,140,170,182,210,222,329,341,372,396,428,452,514,526,158,158,158,158,177,202,51,78,78,78],"floor_reached":51,"playtime":2680,"items_purged":["PiercingWail","Calculated Gamble","Crippling Poison+1"],"score":1201,"play_id":"fb396777-a6e0-47e1-851a-732efbcc1e71","local_time":"20201222143607","daily_mods":["SealedDeck","Green Cards","Heirloom","Flight"],"is_ascension_mode":false,"campfire_choices":[{"data":"Dodge and Roll","floor":6,"key":"SMITH"},{"data":"Ball Lightning","floor":8,"key":"SMITH"},{"data":"Backflip","floor":10,"key":"SMITH"},{"data":"Conserve Battery","floor":11,"key":"SMITH"},{"data":"Gash","floor":13,"key":"SMITH"},{"data":"Static Discharge","floor":15,"key":"SMITH"},{"data":"Madness","floor":23,"key":"SMITH"},{"data":"Adrenaline","floor":24,"key":"SMITH"},{"data":"Acrobatics","floor":27,"key":"SMITH"},{"data":"Crippling Poison","floor":30,"key":"SMITH"},{"data":"Underhanded Strike","floor":32,"key":"SMITH"},{"data":"PiercingWail","floor":40,"key":"SMITH"},{"floor":44,"key":"REST"},{"floor":49,"key":"REST"}],"circlet_count":0,"master_deck":["Dodge and Roll+1","PiercingWail+1","Static Discharge+1","Ball Lightning+1","Conserve Battery+1","Underhanded Strike+1","Acrobatics+1","Backflip+1","Gash+1","Escape Plan+1","Adrenaline+1","Madness+1"],"relics":["Cracked Core","StoneCalendar","Vajra","Happy Flower","Darkstone Periapt","Tiny House","Medical Kit","Eternal Feather","Oddly Smooth Stone","MawBank","Letter Opener","Pocketwatch","HornCleat","Bronze Scales","ClockworkSouvenir","Bag of Marbles"],"acts_visited":["Exordium","Exordium","TheBeyond"],"potions_floor_usage":[38,48,50,50],"damage_taken":[{"damage":0,"enemies":"2 Louse","floor":1,"turns":2},{"damage":0,"enemies":"Jaw Worm","floor":2,"turns":4},{"damage":0,"enemies":"Small Slimes","floor":4,"turns":3},{"damage":12,"enemies":"Gremlin Nob","floor":7,"turns":4},{"damage":0,"enemies":"3 Sentries","floor":12,"turns":5},{"damage":0,"enemies":"Hexaghost","floor":16,"turns":7},{"damage":0,"enemies":"theJungle:MUSHROOMGANG","floor":18,"turns":3},{"damage":0,"enemies":"theJungle:GiantWrat","floor":20,"turns":4},{"damage":9,"enemies":"theJungle:SlimyTreeVines","floor":21,"turns":7},{"damage":0,"enemies":"theJungle:MamaSnecko","floor":25,"turns":5},{"damage":0,"enemies":"theJungle:Cassacara","floor":28,"turns":5},{"damage":0,"enemies":"theJungle:2_Snecko_Cultists","floor":29,"turns":3},{"damage":0,"enemies":"theJungle:Lyon","floor":31,"turns":4},{"damage":0,"enemies":"theJungle:QueenSpyder","floor":33,"turns":5},{"damage":0,"enemies":"3 Darklings","floor":35,"turns":2},{"damage":0,"enemies":"Orb Walker","floor":36,"turns":3},{"damage":0,"enemies":"Jaw Worm Horde","floor":37,"turns":3},{"damage":0,"enemies":"Sphere and 2 Shapes","floor":38,"turns":2},{"damage":0,"enemies":"Mind Bloom Boss Battle","floor":39,"turns":5},{"damage":0,"enemies":"4 Shapes","floor":45,"turns":3},{"damage":0,"enemies":"Nemesis","floor":46,"turns":3},{"damage":0,"enemies":"Giant Head","floor":48,"turns":5},{"damage":0,"enemies":"Awakened One","floor":50,"turns":7}],"seed_played":"-3560528441978282855","potions_obtained":[{"floor":2,"key":"ColorlessPotion"},{"floor":16,"key":"Energy Potion"},{"floor":17,"key":"SpyderVenomPotion"},{"floor":38,"key":"Energy Potion"},{"floor":46,"key":"Strength Potion"},{"floor":48,"key":"DuplicationPotion"}],"is_trial":true,"path_per_floor":["M","M","?","M","$","R","E","R","T","R","R","E","R","?","R","B",null,"M","$","M","M","$","R","R","E","T","R","E","M","R","M","R","B",null,"M","M","M","M","?","R","$","?","T","R","M","E","$","E","R","B",null],"character_chosen":"DEFECT","items_purchased":["Madness","Medical Kit","Letter Opener","ClockworkSouvenir"],"campfire_rested":2,"item_purchase_floors":[19,22,41,47],"current_hp_per_floor":[75,75,75,75,75,75,63,63,63,63,63,63,63,63,63,63,80,80,80,80,71,71,71,71,71,71,77,77,77,80,80,80,80,80,80,80,80,80,80,80,80,80,80,80,80,80,80,80,80,80],"gold":78,"neow_bonus":"","is_daily":false,"chose_seed":false,"campfire_upgraded":12,"win_rate":0.0,"timestamp":1608647767,"path_taken":["M","M","?","M","$","R","E","R","T","R","R","E","R","?","R","BOSS","M","$","M","M","$","R","R","E","T","R","E","M","R","M","R","BOSS","M","M","M","M","?","R","$","?","T","R","M","E","$","E","R","BOSS"],"items_purchased_type":["Card","Relic","Relic","Relic"],"build_version":"2020-12-13","purchased_purges":3,"victory":true,"max_hp_per_floor":[75,75,75,75,75,75,75,75,75,75,75,75,75,75,75,75,80,80,80,80,80,80,80,80,80,80,80,80,80,80,80,80,80,80,80,80,80,80,80,80,80,80,80,80,80,80,80,80,80,80],"card_choices":[{"not_picked":["Turbo","Dagger Spray"],"picked":"Backflip","floor":1},{"not_picked":["Footwork","Beam Cell"],"picked":"Gash","floor":2},{"not_picked":["Turbo","Flechettes","Deflect"],"picked":"SKIP","floor":4},{"not_picked":["Slice","Stack"],"picked":"Escape Plan","floor":7},{"not_picked":["Steam","Sweeping Beam","Self Repair"],"picked":"SKIP","floor":12},{"not_picked":["Amplify","Envenom"],"picked":"Adrenaline","floor":16},{"not_picked":["Deflect","Genetic Algorithm","Sweeping Beam"],"picked":"SKIP","floor":18},{"not_picked":["Deflect","Rebound","Bouncing Flask"],"picked":"SKIP","floor":20},{"not_picked":["Accuracy","Conserve Battery","Coolheaded"],"picked":"SKIP","floor":21},{"not_picked":["Consume","Finisher","Dash"],"picked":"SKIP","floor":25},{"not_picked":["Backflip","Amplify","Dash"],"picked":"SKIP","floor":28},{"not_picked":["White Noise","BootSequence","Leap+1"],"picked":"SKIP","floor":29},{"not_picked":["Accuracy","Go for the Eyes","Calculated Gamble"],"picked":"SKIP","floor":31},{"not_picked":["Blade Dance+1","Stack+1","Leap+1"],"picked":"SKIP","floor":35},{"not_picked":["White Noise","Choke+1","Backflip"],"picked":"SKIP","floor":36},{"not_picked":["Eviscerate","Melter","Caltrops+1"],"picked":"SKIP","floor":37},{"not_picked":["Streamline+1","FTL+1","Choke+1"],"picked":"SKIP","floor":38},{"not_picked":["Scrape+1","All Out Attack+1","Redo"],"picked":"SKIP","floor":45},{"not_picked":["Prepared","PiercingWail","BootSequence+1"],"picked":"SKIP","floor":46},{"not_picked":["Streamline","Steam","Conserve Battery"],"picked":"SKIP","floor":48}],"player_experience":3169645,"relics_obtained":[{"floor":7,"key":"Vajra"},{"floor":9,"key":"Happy Flower"},{"floor":12,"key":"Darkstone Periapt"},{"floor":25,"key":"Eternal Feather"},{"floor":26,"key":"Oddly Smooth Stone"},{"floor":28,"key":"MawBank"},{"floor":43,"key":"HornCleat"},{"floor":46,"key":"Bronze Scales"},{"floor":48,"key":"Bag of Marbles"}],"event_choices":[{"damage_healed":0,"gold_gain":0,"player_choice":"Ignored","damage_taken":0,"max_hp_gain":0,"max_hp_loss":0,"event_name":"Liars Game","floor":3,"gold_loss":0},{"damage_healed":0,"gold_gain":62,"player_choice":"Gained Gold","damage_taken":0,"max_hp_gain":0,"max_hp_loss":0,"event_name":"Golden Wing","floor":14,"gold_loss":0},{"damage_healed":0,"gold_gain":0,"player_choice":"Fight","damage_taken":0,"max_hp_gain":0,"max_hp_loss":0,"event_name":"MindBloom","floor":39,"gold_loss":0},{"damage_healed":0,"gold_gain":0,"player_choice":"Gave Potion","damage_taken":0,"relics_obtained":["Pocketwatch"],"max_hp_gain":0,"max_hp_loss":0,"event_name":"WeMeetAgain","floor":42,"gold_loss":0}],"is_beta":false,"boss_relics":[{"not_picked":["Black Star","SacredBark"],"picked":"Tiny House"},{"not_picked":["Fusion Hammer","Snecko Eye","Velvet Choker"]}],"items_purged_floors":[5,22,41],"is_endless":false,"potions_floor_spawned":[2,16,20,21,33,38,39,46,48],"ascension_level":0}}