{"host":"hfvpa4llnnjpeawn","time":1608672540,"event":{"mods":["2.2 Compatiblity","AchievementEnabler","Act Like it!","Aspiration","Bard","BaseMod","Beaked The Cultist","Better Sensory Stone","Better Skull","Better Third Choice","BetterRewards","CapriCore","Conspire","Downfall","Elementarium","Energized Spire","Hubris","Infinite Spire","Jorbs\u0027s Wanderer Trilogy","Minty Spire (QoL Compilation)","Replay The Spire","Shade Mod","Spicy Shops","StSLib","The Bladedancer","The Factory","The Gatherer","The Jungle","Waifu the Spire","Wandering Minibosses"],"gold_per_floor":[112,112,72,83,94,127,143,143,166,179,205,205,235,235,235,333,333,353,376,396,406,4,17,17,52,78,78,78,78,78,130,130,237,237,268,288,69,69,69,95,95,140,163,163,186,461,475,475],"floor_reached":47,"playtime":2997,"items_purged":[],"score":526,"play_id":"4ea60505-497c-4444-a381-5f68ff0f6b14","local_time":"20201222162900","is_ascension_mode":false,"campfire_choices":[{"data":"Bullet Time","floor":8,"key":"SMITH"},{"floor":15,"key":"REST"},{"floor":29,"key":"REST"},{"data":"hubris:Fate","floor":32,"key":"SMITH"},{"data":"Shade:OfferingToTheBeyond","floor":41,"key":"SMITH"}],"circlet_count":0,"master_deck":["Shade:Strike_Shade","Shade:Strike_Shade+1","Shade:Strike_Shade","Shade:Strike_Shade","Shade:Defend_Shade","Shade:Defend_Shade","Shade:Defend_Shade","Shade:CarefulCut+1","Shade:SpectralStrikes","ReplayTheSpireMod:The Works","Bullet Time+1","Backflip","Shade:FuneraryArmor","Shade:Doomsay","Shade:DangerousRitual","Shade:FleshLikeOak","expansioncontent:DecasProtection","Shade:Frenzy","hubris:Fate+1","Shade:UnbarTheGrave","ReplayTheSpireMod:??????????????????????","Shade:TouchOfTheGrave","Doubt","hubris:Fate+1","Shade:OfferingToTheBeyond+1","Shade:DangerousRitual","Shade:FreshBones","Shade:FleshToFlesh","Shade:PoundOfFlesh","Shade:FleshOffering+1","Regret"],"relics":["Shade:YorickSkull","Juzu Bracelet","Tiny Chest","Happy Flower","PreservedInsect","beaked:SacredDeck","Bag of Marbles","Onion Ring","Anchor","hubris:Towel","Whetstone","hubris:SlimyHat","Replay:Bandana","Elementarium:ElementariumTrophy","hubris:BlackHole","conspire:GiftBox","Replay:Baseball","Nunchaku"],"acts_visited":["Exordium","Exordium","TheBeyond"],"potions_floor_usage":[4,6,10,13,13,18,47,47],"damage_taken":[{"damage":1,"enemies":"Small Slimes","floor":1,"turns":4},{"damage":6,"enemies":"Cultist","floor":4,"turns":4},{"damage":2,"enemies":"Jaw Worm","floor":5,"turns":3},{"damage":12,"enemies":"Gremlin Nob","floor":6,"turns":3},{"damage":0,"enemies":"Red Slaver","floor":7,"turns":5},{"damage":1,"enemies":"Gremlin Gang","floor":10,"turns":2},{"damage":2,"enemies":"Lagavulin","floor":13,"turns":7},{"damage":33,"enemies":"The Guardian","floor":16,"turns":9},{"damage":0,"enemies":"Elementarium:VoidCorruption","floor":18,"turns":1},{"damage":1,"enemies":"Elementarium:Cyclone","floor":20,"turns":4},{"damage":18,"enemies":"Elementarium:VoidBeast","floor":21,"turns":5},{"damage":0,"enemies":"Elementarium:RubyGolem","floor":23,"turns":1},{"damage":11,"enemies":"Elementarium:FIRE_NOBILITY","floor":25,"turns":6},{"damage":29,"enemies":"Elementarium:GoldenDragon","floor":33,"turns":7},{"damage":0,"enemies":"3 Darklings","floor":35,"turns":2},{"damage":0,"enemies":"3 Shapes","floor":36,"turns":2},{"damage":0,"enemies":"Maw","floor":40,"turns":2},{"damage":0,"enemies":"Writhing Mass","floor":42,"turns":2},{"damage":88,"enemies":"Nightmare","floor":47,"turns":8}],"seed_played":"6185564426124913808","potions_obtained":[{"floor":3,"key":"GamblersBrew"},{"floor":3,"key":"Doom Potion"},{"floor":3,"key":"LiquidBronze"},{"floor":4,"key":"DuplicationPotion"},{"floor":10,"key":"SpeedPotion"},{"floor":16,"key":"GamblersBrew"},{"floor":33,"key":"Dexterity Potion"},{"floor":42,"key":"LifebloodPotion"}],"is_trial":false,"path_per_floor":["M","?","?","M","M","E","M","R","T","M","T","?","E","?","R","B",null,"M","T","M","M","$","M","?","E","T","$","?","R","?","T","R","B",null,"M","M","$","?","?","M","R","M","T","T","T","?","NM"],"character_chosen":"SHADE","items_purchased":["Shade:SpectralStrikes","Onion Ring","Anchor","conspire:GiftBox","Shade:FleshToFlesh","Shade:PoundOfFlesh"],"campfire_rested":2,"item_purchase_floors":[0,22,22,37,37,37],"current_hp_per_floor":[64,64,64,58,56,44,44,44,44,43,43,43,41,25,44,11,65,65,65,64,49,49,49,49,38,38,38,41,60,60,60,60,34,65,65,65,65,65,65,65,65,65,65,65,65,65,0,0],"gold":475,"neow_bonus":"","is_daily":false,"chose_seed":false,"campfire_upgraded":3,"win_rate":0.0,"timestamp":1608672540,"path_taken":["M","?","?","?","M","E","M","R","T","M","?","?","E","?","R","BOSS","M","?","M","M","$","M","?","E","T","$","?","R","?","?","R","BOSS","M","M","$","?","?","M","R","M","T","?","?","?","NM"],"items_purchased_type":["Card","Relic","Relic","Relic","Card","Card"],"build_version":"2020-12-13","purchased_purges":0,"victory":false,"max_hp_per_floor":[65,65,65,65,65,65,65,65,65,65,65,65,65,65,65,65,65,65,65,65,65,65,65,65,65,65,65,65,65,65,65,65,65,65,65,65,65,65,65,65,65,65,65,65,65,65,65,65],"card_choices":[{"not_picked":["Shade:CoffinDance","Shade:GreyBargain"],"picked":"Shade:FleshLikeOak","floor":1},{"not_picked":["Shade:Bonestorm","Shade:FreshBones"],"picked":"Shade:FuneraryArmor","floor":4},{"not_picked":["Shade:FuneraryJewels","Shade:FingerOfDeath"],"picked":"Shade:Doomsay","floor":5},{"not_picked":["Shade:Patience","Shade:Premonition"],"picked":"Shade:DangerousRitual","floor":6},{"not_picked":["Shade:Asphyxiate","Shade:CoffinDance"],"picked":"Shade:FleshLikeOak","floor":7},{"not_picked":["Shade:Awaken","Shade:FingerOfDeath","Shade:ExtraLimbs"],"picked":"SKIP","floor":10},{"not_picked":["Shade:Doomsay","Shade:Bonestorm","Shade:SanguineRitual"],"picked":"SKIP","floor":13},{"not_picked":["ReplayTheSpireMod:Chaos Vortex","infinitespire:TheBestDefense"],"picked":"hubris:Fate","floor":14},{"not_picked":["Shade:SoulPierce","Shade:Coordination"],"picked":"Shade:UnbarTheGrave","floor":16},{"not_picked":["Shade:FeralStrike+1","Shade:FuneraryJewels","Shade:WallOfFlesh"],"picked":"SKIP","floor":18},{"not_picked":["Shade:FreshBones","Shade:FingerOfDeath"],"picked":"Shade:TouchOfTheGrave","floor":20},{"not_picked":["Shade:SkeletonHug","Shade:FleshLikeOak+1","Shade:Premonition"],"picked":"SKIP","floor":21},{"not_picked":["Shade:Premonition","Shade:ClawBack","Shade:FreshBones"],"picked":"SKIP","floor":23},{"not_picked":["Shade:Premonition","Shade:ClawBack","Shade:FreshBones"],"picked":"SKIP","floor":23},{"not_picked":["Shade:FleshToFlesh","Shade:Consume","Shade:SanguineRitual+1"],"picked":"SKIP","floor":25},{"not_picked":["Shade:SelfBurial","Shade:OminousRitual"],"picked":"Shade:OfferingToTheBeyond","floor":33},{"not_picked":["Shade:PoundOfFlesh+1","Shade:AuraOfUnlife+1"],"picked":"Shade:DangerousRitual","floor":35},{"not_picked":["Shade:FuneraryArmor","Shade:Premonition"],"picked":"Shade:FreshBones","floor":36},{"not_picked":["Shade:CoffinDance","Shade:Bite_Shade+1"],"picked":"Shade:FleshOffering+1","floor":40},{"not_picked":["Shade:FreshBones+1","Shade:FeralStrike","Shade:WallOfFlesh"],"picked":"SKIP","floor":42}],"player_experience":324039,"relics_obtained":[{"floor":6,"key":"Juzu Bracelet"},{"floor":9,"key":"Tiny Chest"},{"floor":11,"key":"Happy Flower"},{"floor":13,"key":"PreservedInsect"},{"floor":19,"key":"Bag of Marbles"},{"floor":25,"key":"Whetstone"},{"floor":26,"key":"hubris:SlimyHat"},{"floor":31,"key":"Replay:Bandana"},{"floor":44,"key":"Replay:Baseball"},{"floor":45,"key":"Nunchaku"}],"event_choices":[{"damage_healed":0,"gold_gain":0,"player_choice":"Bought 3 Potions","damage_taken":0,"max_hp_gain":0,"max_hp_loss":0,"event_name":"The Woman in Blue","floor":3,"gold_loss":0},{"damage_healed":0,"gold_gain":0,"player_choice":"2 cards matched","damage_taken":0,"max_hp_gain":0,"max_hp_loss":0,"event_name":"Match and Keep!","floor":12,"gold_loss":0,"cards_obtained":["expansioncontent:DecasProtection","Shade:Frenzy"]},{"damage_healed":3,"gold_gain":0,"player_choice":"LEAVE ","damage_taken":0,"relics_obtained":[],"max_hp_gain":0,"max_hp_loss":0,"event_name":"betterSkull:BetterSkull","floor":28,"gold_loss":0,"cards_upgraded":[]},{"damage_healed":0,"gold_gain":0,"player_choice":"Embrace","damage_taken":0,"max_hp_gain":0,"max_hp_loss":0,"event_name":"Elementarium:VoidShrine","floor":30,"gold_loss":0,"cards_obtained":["Doubt","hubris:Fate"]},{"damage_healed":0,"gold_gain":0,"player_choice":"Upgraded","damage_taken":0,"max_hp_gain":0,"max_hp_loss":0,"event_name":"Upgrade Shrine","floor":38,"gold_loss":0,"cards_upgraded":["hubris:Fate"]},{"damage_healed":0,"gold_gain":0,"player_choice":"Full Heal","damage_taken":0,"max_hp_gain":0,"max_hp_loss":0,"event_name":"Wheel of Change","floor":39,"gold_loss":0},{"damage_healed":0,"gold_gain":275,"player_choice":"Desecrate","damage_taken":0,"max_hp_gain":0,"max_hp_loss":0,"event_name":"Golden Shrine","floor":46,"gold_loss":0,"cards_obtained":["Regret"]}],"is_beta":false,"boss_relics":[{"not_picked":["hubris:HollowSoul","conspire:SlowCooker"],"picked":"beaked:SacredDeck"},{"not_picked":["hubris:TerracottaHorce","Philosopher\u0027s Stone"],"picked":"hubris:BlackHole"}],"items_purged_floors":[],"is_endless":false,"potions_floor_spawned":[4,10,16,33,42],"killed_by":"Nightmare","ascension_level":0}}