{"host":"nvwxkcurnqq848ao","time":1608600627,"event":{"mods":["BaseMod","Block Reminder","Downfall","Infinite Spire","Minty Spire (QoL Compilation)","Relic Sorter","Replay The Spire","StSLib"],"gold_per_floor":[99,131,581,42,42,42,42,42,76,1,0,20,39,24,42,140,140,140,153,153,153,78,33,33,59,91,91,102,115,40,60,77,174,174,174,188,188,204,204,54,54,64,7,27,27,55,55,70,90,90,90,120,17,17,17],"floor_reached":56,"playtime":6037,"items_purged":["Slimebound:Icky","Slimebound:Icky"],"score":1503,"play_id":"4b443ca2-5822-4731-b1ff-ace0aad6f152","local_time":"20201221193027","is_ascension_mode":false,"campfire_choices":[{"floor":1.0,"key":"DIG"},{"data":"Apotheosis","floor":5.0,"key":"SMITH"},{"data":"champ:Improvising","floor":10.0,"key":"SMITH"},{"data":"champ:Devastate","floor":18.0,"key":"SMITH"},{"floor":20.0,"key":"RECALL"},{"data":"champ:ShieldWall","floor":22.0,"key":"SMITH"},{"data":"infinitespire:Execution","floor":30.0,"key":"SMITH"},{"data":"champ:VampiricStrike","floor":35.0,"key":"SMITH"},{"data":"champ:IgnorePain","floor":45.0,"key":"SMITH"},{"data":"champ:MurderStrike","floor":47.0,"key":"SMITH"},{"data":"champ:DefensiveStyle","floor":54.0,"key":"SMITH"}],"circlet_count":0,"master_deck":["champ:Defend","champ:Defend","champ:Defend","champ:Defend","champ:Execute","champ:Taunt","champ:Aggression","champ:Devastate+1","Apotheosis+1","champ:RecklessLeap+1","champ:ShieldWall+1","champ:Improvising+1","champ:Control","champ:Aggression","champ:Aggression","champ:SteelEdge","AbeCurse","champ:Control+1","Slimebound:Tackle+1","Slimebound:Tackle+1","Slimebound:Tackle+1","champ:Shatter","ReplayTheSpireMod:Black Plague","champ:Shatter","infinitespire:Execution+1","champ:CalledShot","champ:VampiricStrike+1","expansioncontent:YouAreMine","expansioncontent:HyperBeam","expansioncontent:Collect","champ:CalledShot","infinitespire:FutureSight","champ:EndlessRage","champ:IgnorePain+1","champ:MurderStrike+1","champ:IronFortress+1","champ:DeathBlow","champ:DefensiveStyle+1"],"relics":["champ:ChampionCrown","downfall:HeartsMalice","Lantern","Boot","Frozen Eye","infinitespire:FocusingShard","PreservedInsect","downfall:HeartBlessingGreen","Abe\u0027s Treasure","downfall:HeartBlessingRed","infinitespire:Golems Mask","The Courier","infinitespire:PuzzleCube","Gambling Chip","downfall:HeartBlessingBlue","Empty Cage","infinitespire:Bottled Soul","Darkstone Periapt","Onion Ring"],"acts_visited":["Exordium","TheCity","TheBeyond","TheEnding"],"potions_floor_usage":[],"damage_taken":[{"damage":0.0,"enemies":"Gremlin Nob","floor":2.0,"turns":1.0},{"damage":0.0,"enemies":"downfall:FleeingMerchant","floor":4.0,"turns":1.0},{"damage":0.0,"enemies":"Jaw Worm","floor":8.0,"turns":1.0},{"damage":53.0,"enemies":"3 Sentries","floor":9.0,"turns":7.0},{"damage":33.0,"enemies":"downfall:FleeingMerchant","floor":11.0,"turns":4.0},{"damage":5.0,"enemies":"2 Louse","floor":12.0,"turns":4.0},{"damage":5.0,"enemies":"Small Slimes","floor":13.0,"turns":7.0},{"damage":36.0,"enemies":"downfall:FleeingMerchant","floor":14.0,"turns":5.0},{"damage":43.0,"enemies":"Exordium Thugs","floor":15.0,"turns":5.0},{"damage":83.0,"enemies":"downfall:Ironclad","floor":16.0,"turns":7.0},{"damage":42.0,"enemies":"3 Byrds","floor":19.0,"turns":5.0},{"damage":55.0,"enemies":"downfall:FleeingMerchant","floor":23.0,"turns":4.0},{"damage":39.0,"enemies":"Nightmare","floor":26.0,"turns":5.0},{"damage":9.0,"enemies":"Chosen","floor":28.0,"turns":2.0},{"damage":23.0,"enemies":"Centurion and Healer","floor":29.0,"turns":4.0},{"damage":26.0,"enemies":"Sentry and Sphere","floor":31.0,"turns":3.0},{"damage":3.0,"enemies":"Snake Plant","floor":32.0,"turns":2.0},{"damage":18.0,"enemies":"downfall:Silent","floor":33.0,"turns":4.0},{"damage":21.0,"enemies":"3 Shapes","floor":36.0,"turns":3.0},{"damage":16.0,"enemies":"3 Darklings","floor":38.0,"turns":4.0},{"damage":20.0,"enemies":"Jaw Worm Horde","floor":42.0,"turns":5.0},{"damage":14.0,"enemies":"Writhing Mass","floor":44.0,"turns":4.0},{"damage":47.0,"enemies":"Reptomancer","floor":46.0,"turns":6.0},{"damage":41.0,"enemies":"4 Shapes","floor":48.0,"turns":5.0},{"damage":45.0,"enemies":"Maw","floor":49.0,"turns":4.0},{"damage":63.0,"enemies":"downfall:Defect","floor":50.0,"turns":3.0},{"damage":71.0,"enemies":"downfall:CharBossMerchant","floor":52.0,"turns":4.0},{"damage":113,"enemies":"downfall:NeowBoss","floor":55,"turns":20}],"seed_played":"8146451432657247529","potions_obtained":[{"floor":9.0,"key":"PowerPotion"},{"floor":12.0,"key":"SkillPotion"},{"floor":13.0,"key":"Elixir"},{"floor":16.0,"key":"FearPotion"},{"floor":19.0,"key":"Explosive Potion"},{"floor":28.0,"key":"Swift Potion"},{"floor":29.0,"key":"AttackPotion"},{"floor":32.0,"key":"Block Potion"},{"floor":38.0,"key":"Flashbang"},{"floor":46.0,"key":"Languid Potion"},{"floor":48.0,"key":"Fire Potion"}],"is_trial":false,"path_per_floor":["R","E","?","$","R","?","T","M","E","R","$","M","M","$","M","B",null,"R","M","R","?","R","$","T","T","NM","AVR","M","M","R","M","M","B",null,"R","M","?","M","AVR","?","T","M","$","M","R","E","R","M","M","B",null,"E","$","R","B",null],"character_chosen":"THE_CHAMP","items_purchased":["Apotheosis","champ:RecklessLeap+1","champ:ShieldWall","Frozen Eye","infinitespire:Golems Mask","champ:Shatter","champ:EndlessRage","champ:DefensiveStyle","Explosive Potion"],"campfire_rested":0,"item_purchase_floors":[4,4,4,4,23,23,43,53,53],"current_hp_per_floor":[90,90,90,90,90,90,90,90,62,62,61,61,61,61,60,28,95,95,88,88,88,88,72,72,72,56,56,56,44,54,50,47,41,105,105,104,94,94,94,115,115,106,106,92,92,88,88,110,85,83,115,83,83,83,74],"gold":17,"neow_bonus":"THREE_ENEMY_KILL","is_daily":false,"chose_seed":false,"campfire_upgraded":9,"win_rate":0.0,"timestamp":1608600627,"path_taken":["R","E","?","$","R","?","T","M","E","R","?","M","M","?","M","BOSS","R","M","R","?","R","$","T","?","NM","AVR","M","?","R","M","M","BOSS","R","M","?","M","AVR","?","T","?","$","M","R","E","R","M","M","BOSS","E","$","R","BOSS"],"items_purchased_type":["Card","Card","Card","Relic","Relic","Card","Card","Card","Potion"],"build_version":"2020-12-13","purchased_purges":2,"victory":true,"max_hp_per_floor":[90,90,90,90,90,90,90,90,90,90,90,90,90,90,95,95,95,95,95,95,95,95,95,95,95,95,95,95,95,105,105,105,105,105,105,105,105,105,105,115,115,115,115,115,115,115,115,115,115,115,115,115,115,115,115],"card_choices":[{"not_picked":["champ:Control","champ:CrookedStrike"],"picked":"champ:Aggression","floor":2.0},{"not_picked":["champ:FlashCut","champ:BerserkerStyle"],"picked":"champ:Devastate","floor":4.0},{"not_picked":["champ:PreciseThrust","champ:ShieldSigil"],"picked":"champ:StanceDance","floor":8.0},{"not_picked":["champ:SwordSigil","champ:BerserkersShout"],"picked":"champ:Improvising","floor":9.0},{"not_picked":["champ:SwordSigil","champ:ShieldSigil"],"picked":"champ:Control","floor":11.0},{"not_picked":["champ:BringItOn","champ:ArenaPreparation"],"picked":"champ:Aggression","floor":12.0},{"not_picked":["champ:Backstep","champ:Haymaker","champ:PerfectedStrike"],"picked":"SKIP","floor":13.0},{"not_picked":["champ:HeartStrike","champ:Haymaker"],"picked":"champ:FightOn","floor":14.0},{"not_picked":["champ:PreciseThrust","champ:Duel"],"picked":"champ:Aggression","floor":15.0},{"not_picked":["champ:MurderStrike","champ:SwordThrow"],"picked":"champ:SteelEdge","floor":16.0},{"not_picked":["champ:ShieldSigil","champ:GladiatorsShout"],"picked":"champ:Control+1","floor":19.0},{"not_picked":["champ:ShieldSigil","champ:SwordSigil","champ:TornadoPunch+1"],"picked":"SKIP","floor":23.0},{"not_picked":["infinitespire:SealOfDarkness+","infinitespire:Oblivion"],"picked":"ReplayTheSpireMod:Black Plague","floor":26.0},{"not_picked":["champ:TornadoPunch","champ:StanceDance"],"picked":"champ:Shatter","floor":26.0},{"not_picked":["champ:GladiatorsShout","champ:HeavySlash","champ:FaceSlap"],"picked":"SKIP","floor":28.0},{"not_picked":["champ:RecklessLeap","champ:CrookedStrike","champ:Backstep"],"picked":"SKIP","floor":29.0},{"not_picked":["champ:PerfectedStrike","champ:Riposte","champ:CrookedStrike"],"picked":"SKIP","floor":31.0},{"not_picked":["champ:FanOfKnives","champ:ShieldWall"],"picked":"champ:CalledShot","floor":32.0},{"not_picked":["champ:CrownThrow","champ:CheapShot"],"picked":"champ:VampiricStrike","floor":33.0},{"not_picked":["champ:RageSigil","champ:SwordSigil+1","champ:DefensiveShout+1"],"picked":"SKIP","floor":36.0},{"not_picked":["Replay:SS_fish_2","Replay:SS_fish_1"],"picked":"expansioncontent:YouAreMine","floor":37.0},{"not_picked":["expansioncontent:DarkVoid","expansioncontent:ManipulateTime"],"picked":"expansioncontent:HyperBeam","floor":37.0},{"not_picked":["expansioncontent:DefensiveMode","expansioncontent:AwakenDeath"],"picked":"expansioncontent:Collect","floor":37.0},{"not_picked":["champ:Haymaker+1","champ:FocusedGladiator"],"picked":"champ:CalledShot","floor":38.0},{"not_picked":["champ:HeartStrike+1","champ:Backstep","champ:ShieldSigil+1"],"picked":"SKIP","floor":42.0},{"not_picked":["champ:StanceDance","champ:FlashCut"],"picked":"champ:IgnorePain","floor":44.0},{"not_picked":["champ:Encircle+1","champ:FocusedBerserking+1"],"picked":"champ:MurderStrike","floor":46.0},{"not_picked":["champ:Riposte","champ:StanceDance+1"],"picked":"champ:IronFortress+1","floor":48.0},{"not_picked":["champ:SkillfulDodge+1","champ:Haymaker+1","champ:DeathBlow+1"],"picked":"SKIP","floor":49.0},{"not_picked":["champ:Backstep","champ:PreciseThrust"],"picked":"champ:DeathBlow","floor":52.0}],"player_experience":546454,"relics_obtained":[{"floor":1.0,"key":"Lantern"},{"floor":2.0,"key":"Boot"},{"floor":7.0,"key":"infinitespire:FocusingShard"},{"floor":9.0,"key":"PreservedInsect"},{"floor":24.0,"key":"The Courier"},{"floor":26.0,"key":"infinitespire:PuzzleCube"},{"floor":41.0,"key":"infinitespire:Bottled Soul"},{"floor":46.0,"key":"Darkstone Periapt"},{"floor":52.0,"key":"Onion Ring"}],"event_choices":[],"is_beta":false,"boss_relics":[{"not_picked":["Replay:Bronze Core","Pandora\u0027s Box"],"picked":"Abe\u0027s Treasure"},{"not_picked":["Honey Jar","SacredBark"],"picked":"Empty Cage"}],"items_purged_floors":[4,27],"is_endless":false,"potions_floor_spawned":[9,12,13,16,19,28,29,32,38,46,48],"ascension_level":0}}