{"host":"jqa9y4qkalbx8qgz","time":1608659627,"event":{"mods":["BaseMod","Bestiary","BetterRewards","CCEM","Downfall","Minty Spire (QoL Compilation)","Permanent Neow","Relic Stats","Replay The Spire","StSLib","Wandering Minibosses"],"gold_per_floor":[99,119,134,134,165,69,69,89,189,222,235,248,3,21,41,143,143,68,101,26,57,70,70,96,155,155,22,78,138,192,48,100,240,290,290,340,412,465,465,465,465,390,460,460,517,517,572,11,63,103,103,177,6,6,46],"floor_reached":56,"playtime":6372,"items_purged":["champ:Strike"],"score":1436,"play_id":"0233763f-f582-476f-bc07-6dddd68c3718","local_time":"20201222205347","is_ascension_mode":false,"campfire_choices":[{"data":"champ:Taunt","floor":1.0,"key":"SMITH"},{"floor":18.0,"key":"RECALL"},{"floor":20.0,"key":"REST"},{"floor":26.0,"key":"REST"},{"floor":35.0,"key":"DIG"},{"data":"1","floor":39.0,"key":"LIFT"},{"data":"2","floor":42.0,"key":"LIFT"},{"data":"3","floor":44.0,"key":"LIFT"},{"floor":54,"key":"REST"}],"circlet_count":0,"master_deck":["champ:Strike","champ:Strike","champ:Strike","champ:Defend","champ:Defend","champ:Defend+1","champ:Defend","champ:Execute","champ:Taunt+1","champ:ShieldThrow","champ:FlashCut","champ:RecklessLeap","champ:BladeFlurry","Flash of Steel","champ:TornadoPunch","champ:Duel","champ:GutPunch","champ:StanceDance","champ:ShieldWall","champ:AdrenalArmor+1","expansioncontent:QuickStudy","champ:BerserkerStyle","champ:Backstep","champ:StrikeOfGenius+1","champ:SkillfulDodge","champ:ShieldWall+1","champ:Backstep","champ:Circumvent","champ:DefensiveStyle","expansioncontent:DarkVoid","champ:EndlessRage+1","champ:Circumvent","champ:DefensiveShout","champ:CrookedStrike","champ:FanOfKnives","champ:FanOfKnives","champ:CheapShot","champ:Circumvent","champ:IronFortress","champ:AdrenalArmor+1","champ:RecklessLeap+1","champ:BerserkerStyle+1","champ:IgnorePain","expansioncontent:DefensiveMode","expansioncontent:DashGenerateEvil"],"relics":["champ:ChampionCrown","downfall:ShatteredFragment","Snack Pack","Happy Flower","CCEMRelics:Francisca","Replay:Grab Bag","Fusion Hammer","Black Star","downfall:HeartBlessingGreen","Omamori","Lizard Tail","downfall:HeartBlessingRed","CCEMRelics:DerglesHeadphones","CCEMRelics:PorcelainBowl","downfall:KnowingSkull","Lantern","BargainBundle","Replay:Baseball","Centennial Puzzle","PreservedInsect","Tiny House","Torii","Girya","Blood Vial","downfall:HeartBlessingBlue","Akabeko","Thread and Needle","CCEMRelics:Pendulum","CCEMRelics:FranticForklift","Oddly Smooth Stone","Bottled Lightning"],"acts_visited":["Exordium","TheCity","TheBeyond","TheEnding"],"potions_floor_usage":[55,55],"damage_taken":[{"damage":0.0,"enemies":"2 Louse","floor":2.0,"turns":2.0},{"damage":5.0,"enemies":"Cultist","floor":3.0,"turns":3.0},{"damage":32.0,"enemies":"Replay:BlueRogue","floor":5.0,"turns":5.0},{"damage":35.0,"enemies":"downfall:FleeingMerchant","floor":6.0,"turns":4.0},{"damage":11.0,"enemies":"Jaw Worm","floor":8.0,"turns":2.0},{"damage":22.0,"enemies":"3 Sentries","floor":10.0,"turns":6.0},{"damage":5.0,"enemies":"Blue Slaver","floor":11.0,"turns":2.0},{"damage":0.0,"enemies":"Exordium Thugs","floor":12.0,"turns":3.0},{"damage":35.0,"enemies":"downfall:FleeingMerchant","floor":13.0,"turns":4.0},{"damage":15.0,"enemies":"3 Louse","floor":14.0,"turns":2.0},{"damage":3.0,"enemies":"Blue Slaver","floor":15.0,"turns":1.0},{"damage":58.0,"enemies":"downfall:Silent","floor":16.0,"turns":7.0},{"damage":51.0,"enemies":"Replay:Snechameleon","floor":19.0,"turns":6.0},{"damage":51.0,"enemies":"Slavers","floor":21.0,"turns":5.0},{"damage":35.0,"enemies":"3 Byrds","floor":22.0,"turns":3.0},{"damage":20.0,"enemies":"Spheric Guardian","floor":25.0,"turns":2.0},{"damage":23.0,"enemies":"downfall:FleeingMerchant","floor":27.0,"turns":3.0},{"damage":32.0,"enemies":"Snecko","floor":28.0,"turns":2.0},{"damage":3.0,"enemies":"3 Cultists","floor":29.0,"turns":3.0},{"damage":27.0,"enemies":"Centurion and Healer","floor":30.0,"turns":4.0},{"damage":18.0,"enemies":"Sentry and Sphere","floor":32.0,"turns":3.0},{"damage":19.0,"enemies":"downfall:Watcher","floor":33.0,"turns":7.0},{"damage":30.0,"enemies":"3 Darklings","floor":36.0,"turns":6.0},{"damage":44.0,"enemies":"Reptomancer","floor":37.0,"turns":5.0},{"damage":30.0,"enemies":"3 Shapes","floor":38.0,"turns":10.0},{"damage":21.0,"enemies":"R_Hoarder","floor":43.0,"turns":9.0},{"damage":18.0,"enemies":"Sphere and 2 Shapes","floor":45.0,"turns":10.0},{"damage":29.0,"enemies":"Transient","floor":47.0,"turns":5.0},{"damage":18.0,"enemies":"4 Shapes","floor":49.0,"turns":7.0},{"damage":106.0,"enemies":"downfall:Defect","floor":50.0,"turns":12.0},{"damage":54,"enemies":"downfall:CharBossMerchant","floor":52,"turns":5},{"damage":210,"enemies":"downfall:NeowBoss","floor":55,"turns":23}],"seed_played":"2878404273433844405","potions_obtained":[{"floor":8.0,"key":"EssenceOfSteel"},{"floor":11.0,"key":"Reflective Coating"},{"floor":12.0,"key":"LiquidMemories"},{"floor":16.0,"key":"sneckomod:MuddlingPotion"},{"floor":19.0,"key":"Regen Potion"}],"is_trial":false,"path_per_floor":["R","M","M","?","E","$","T","M","?","E","M","M","$","M","M","B",null,"R","E","R","E","M","?","T","M","R","$","M","M","M","$","M","B",null,"R","M","E","M","R","?","T","R","E","R","M","?","M","$","M","B",null,"E","$","R","B",null],"character_chosen":"THE_CHAMP","items_purchased":["Flash of Steel","champ:AdrenalArmor+1","expansioncontent:QuickStudy","BargainBundle","GamblersBrew","Milkshake","Energy Potion","expansioncontent:DarkVoid","Replay:Baseball","Centennial Puzzle","champ:EndlessRage+1","champ:Circumvent","champ:DefensiveShout","champ:CrookedStrike","champ:TornadoPunch","PreservedInsect","champ:IgnorePain","CCEMRelics:Pendulum","CCEMRelics:FranticForklift","expansioncontent:DefensiveMode","expansioncontent:DashGenerateEvil"],"campfire_rested":3,"item_purchase_floors":[6,13,13,27,27,27,27,27,27,27,27,27,27,27,27,31,48,48,48,48,53],"current_hp_per_floor":[90,90,90,63,46,42,42,38,38,24,26,35,28,32,34,15,90,90,90,90,79,83,74,74,73,95,95,95,95,79,79,90,95,100,100,100,88,74,74,74,74,84,107,107,108,108,110,110,107,81,110,110,110,110,114],"gold":46,"neow_bonus":"ONE_RANDOM_RARE_CARD","is_daily":false,"chose_seed":false,"campfire_upgraded":1,"win_rate":0.0,"timestamp":1608659627,"path_taken":["R","M","M","?","E","$","T","M","?","E","?","M","$","M","M","BOSS","R","E","R","E","M","?","T","?","R","$","?","M","?","$","M","BOSS","R","M","E","M","R","?","T","R","E","R","M","?","?","$","M","BOSS","E","$","R","BOSS"],"items_purchased_type":["Card","Card","Card","Relic","Potion","Potion","Potion","Card","Relic","Relic","Card","Card","Card","Card","Card","Relic","Card","Relic","Relic","Card","Card"],"build_version":"2020-12-13","purchased_purges":1,"victory":true,"max_hp_per_floor":[90,90,90,90,90,90,90,90,90,90,90,90,90,90,90,90,90,90,90,90,90,95,95,95,95,95,95,95,95,95,95,95,95,100,100,100,100,100,100,100,100,110,110,110,110,110,110,110,110,110,110,110,110,110,115],"relic_stats":{"Blood Vial":10,"Lizard Tail":0,"Centennial Puzzle":[45],"Happy Flower":[52],"Torii":6,"counters":[32,171],"PreservedInsect":234,"Black Star":5,"obtain_stats":[{"CCEMRelics:PorcelainBowl":21,"Lantern":24,"Tiny House":34,"Torii":35,"CCEMRelics:Pendulum":48,"champ:ChampionCrown":0,"downfall:HeartBlessingGreen":18,"CCEMRelics:DerglesHeadphones":21,"Blood Vial":37,"Lizard Tail":19,"Centennial Puzzle":27,"downfall:HeartBlessingBlue":42,"downfall:KnowingSkull":23,"Fusion Hammer":17,"CCEMRelics:Francisca":10,"Girya":37,"CCEMRelics:FranticForklift":48,"BargainBundle":27,"downfall:ShatteredFragment":4,"Happy Flower":7,"downfall:HeartBlessingRed":20,"Replay:Grab Bag":17,"Oddly Smooth Stone":52,"Thread and Needle":43,"PreservedInsect":31,"Omamori":19,"Akabeko":43,"Replay:Baseball":27,"Snack Pack":5,"Black Star":17,"Bottled Lightning":52},{"CCEMRelics:PorcelainBowl":14,"Lantern":15,"Tiny House":22,"Torii":22,"CCEMRelics:Pendulum":28,"champ:ChampionCrown":0,"downfall:HeartBlessingGreen":12,"CCEMRelics:DerglesHeadphones":14,"Blood Vial":24,"Lizard Tail":13,"Centennial Puzzle":17,"downfall:HeartBlessingBlue":25,"downfall:KnowingSkull":15,"Fusion Hammer":12,"CCEMRelics:Francisca":6,"Girya":24,"CCEMRelics:FranticForklift":28,"BargainBundle":17,"downfall:ShatteredFragment":2,"Happy Flower":4,"downfall:HeartBlessingRed":13,"Replay:Grab Bag":12,"Oddly Smooth Stone":31,"Thread and Needle":26,"PreservedInsect":20,"Omamori":13,"Akabeko":26,"Replay:Baseball":17,"Snack Pack":3,"Black Star":12,"Bottled Lightning":31},{"CCEMRelics:PorcelainBowl":52,"Lantern":55,"Tiny House":79,"Torii":79,"CCEMRelics:Pendulum":124,"champ:ChampionCrown":0,"downfall:HeartBlessingGreen":41,"CCEMRelics:DerglesHeadphones":52,"Blood Vial":90,"Lizard Tail":47,"Centennial Puzzle":60,"downfall:HeartBlessingBlue":100,"downfall:KnowingSkull":55,"Fusion Hammer":41,"CCEMRelics:Francisca":22,"Girya":90,"CCEMRelics:FranticForklift":124,"BargainBundle":60,"downfall:ShatteredFragment":5,"Happy Flower":14,"downfall:HeartBlessingRed":47,"Replay:Grab Bag":41,"Oddly Smooth Stone":148,"Thread and Needle":109,"PreservedInsect":69,"Omamori":47,"Akabeko":109,"Replay:Baseball":60,"Snack Pack":10,"Black Star":41,"Bottled Lightning":148}]},"card_choices":[{"not_picked":["champ:HeartStrike","champ:PerfectedStrike"],"picked":"champ:FlashCut","floor":2.0},{"not_picked":["champ:Shatter","champ:Encircle"],"picked":"champ:RecklessLeap","floor":3.0},{"not_picked":["champ:Shatter","champ:EnragedBash"],"picked":"champ:BladeFlurry","floor":5.0},{"not_picked":["champ:DeathBlow","champ:Circumvent"],"picked":"champ:FightOn","floor":6.0},{"not_picked":["champ:PerfectedStrike","champ:RecklessLeap"],"picked":"champ:TornadoPunch","floor":8.0},{"not_picked":["champ:ShieldWall","champ:ViciousMockery"],"picked":"champ:Duel","floor":10.0},{"not_picked":["champ:Haymaker","champ:FocusedDefense"],"picked":"champ:GutPunch","floor":11.0},{"not_picked":["champ:DeathBlow","champ:BerserkersShout"],"picked":"champ:StanceDance","floor":12.0},{"not_picked":["champ:FlashCut","champ:EnragedBash"],"picked":"champ:ShieldWall","floor":13.0},{"not_picked":["champ:Circumvent","champ:FaceSlap"],"picked":"champ:BerserkerStyle","floor":14.0},{"not_picked":["champ:BerserkersShout","champ:CrookedStrike"],"picked":"champ:Backstep","floor":15.0},{"not_picked":["champ:ShieldThrow","champ:CheapShot"],"picked":"champ:StrikeOfGenius","floor":16.0},{"not_picked":["champ:EnGarde","champ:BerserkersShout"],"picked":"champ:SkillfulDodge","floor":19.0},{"not_picked":["champ:Shatter","champ:FocusedGladiator"],"picked":"champ:ShieldWall+1","floor":21.0},{"not_picked":["champ:GutPunch","champ:DeathBlow"],"picked":"champ:Backstep","floor":22.0},{"not_picked":["champ:ShieldWall","champ:TornadoPunch"],"picked":"champ:Circumvent","floor":25.0},{"not_picked":["champ:ShieldWall","champ:EnGarde"],"picked":"champ:DefensiveStyle","floor":27.0},{"not_picked":["champ:FaceSlap+1","champ:BerserkersShout"],"picked":"champ:FanOfKnives","floor":28.0},{"not_picked":["champ:EndlessRage","champ:PerfectedStrike"],"picked":"champ:FanOfKnives","floor":29.0},{"not_picked":["champ:DeathBlow+1","champ:Riposte","champ:PerfectedStrike"],"picked":"SKIP","floor":30.0},{"not_picked":["champ:CrookedStrike","champ:BerserkersShout"],"picked":"champ:FightOn","floor":32.0},{"not_picked":["champ:StrikeOfGenius","champ:SwordThrow"],"picked":"champ:CheapShot","floor":33.0},{"not_picked":["champ:FalseCounter","champ:HeartStrike"],"picked":"champ:Circumvent","floor":34.0},{"not_picked":["champ:RapidStrikes","champ:FocusedBerserking"],"picked":"champ:IronFortress","floor":36.0},{"not_picked":["champ:GladiatorsShout","champ:StanceDance+1","champ:PerfectedStrike+1"],"picked":"SKIP","floor":37.0},{"not_picked":["champ:TornadoPunch","champ:FaceSlap","champ:FanOfKnives+1"],"picked":"SKIP","floor":38.0},{"not_picked":["champ:FocusedDefense","champ:Haymaker"],"picked":"champ:AdrenalArmor+1","floor":43.0},{"not_picked":["champ:TornadoPunch","champ:CrookedStrike"],"picked":"champ:RecklessLeap+1","floor":45.0},{"not_picked":["champ:BerserkersShout+1","champ:HeartStrike"],"picked":"champ:BerserkerStyle+1","floor":47.0},{"not_picked":["champ:EnragedBash+1","champ:FlashCut+1","champ:BerserkersShout+1"],"picked":"SKIP","floor":49.0},{"not_picked":["champ:FocusedBerserking+1","champ:RisingSlash","champ:BladeFlurry"],"picked":"SKIP","floor":52}],"player_experience":196312,"relics_obtained":[{"floor":5.0,"key":"Snack Pack"},{"floor":7.0,"key":"Happy Flower"},{"floor":10.0,"key":"CCEMRelics:Francisca"},{"floor":19.0,"key":"Omamori"},{"floor":19.0,"key":"Lizard Tail"},{"floor":21.0,"key":"CCEMRelics:DerglesHeadphones"},{"floor":21.0,"key":"CCEMRelics:PorcelainBowl"},{"floor":24.0,"key":"Lantern"},{"floor":35.0,"key":"Torii"},{"floor":37.0,"key":"Girya"},{"floor":37.0,"key":"Blood Vial"},{"floor":43.0,"key":"Akabeko"},{"floor":43.0,"key":"Thread and Needle"},{"floor":52,"key":"Oddly Smooth Stone"},{"floor":52,"key":"Bottled Lightning"}],"event_choices":[{"cards_removed":["champ:TornadoPunch"],"damage_healed":0.0,"max_hp_gain":0.0,"max_hp_loss":0.0,"gold_gain":0.0,"event_name":"Falling","player_choice":"Removed Attack","floor":40.0,"gold_loss":0.0,"damage_taken":0.0},{"damage_healed":0.0,"max_hp_gain":0.0,"max_hp_loss":0.0,"gold_gain":0.0,"event_name":"Upgrade Shrine","player_choice":"Upgraded","floor":46.0,"gold_loss":0.0,"damage_taken":0.0,"cards_upgraded":["champ:StrikeOfGenius"]}],"is_beta":false,"boss_relics":[{"not_picked":["ChewingGum","Replay:Wanted Poster"],"picked":"Replay:Grab Bag"},{"not_picked":["Cursed Key","Replay:Bronze Core"],"picked":"Fusion Hammer"},{"not_picked":["Pandora\u0027s Box","Calling Bell"],"picked":"Black Star"},{"not_picked":["Runic Dome","Replay:Ancient Bell"],"picked":"Tiny House"}],"items_purged_floors":[27],"is_endless":false,"potions_floor_spawned":[8,11,12,14,15,16,19,28,30,32,47,49,52],"ascension_level":0}}