{"host":"zig6x0mxqzam82fb","time":1608596327,"event":{"mods":["BaseMod","Block Reminder","Colored Map","Colored Powertips","Minty Spire (QoL Compilation)","Relic Stats"],"gold_per_floor":[119,294,148,148,167,167,178,178,178,178,190,190,201,201,201,306,306,317,327,97,107,107,107],"floor_reached":22,"playtime":925,"items_purged":["Parasite"],"score":229,"play_id":"3000381d-eead-4ac9-8398-52e57fa9fb73","local_time":"20201221191847","is_ascension_mode":true,"campfire_choices":[{"floor":6,"key":"DIG"},{"floor":8,"key":"DIG"},{"floor":12,"key":"DIG"},{"floor":15,"key":"DIG"}],"circlet_count":0,"master_deck":["Strike_B","Strike_B+1","Strike_B","Strike_B+1","Defend_B","Defend_B","Defend_B","Defend_B","Zap","Dualcast","Conserve Battery","Hyperbeam","Reprogram","Streamline","Scrape","Streamline","Rebound","Sweeping Beam+1","FTL+1","Leap","Meteor Strike+1","Fusion","Turbo+1","Leap+1"],"relics":["Cracked Core","Shovel","Orrery","Molten Egg 2","Whetstone","Cables","Tiny Chest","Eternal Feather","PreservedInsect","Snecko Eye","Blood Vial"],"acts_visited":["Exordium","TheCity"],"potions_floor_usage":[19,19],"damage_taken":[{"damage":5,"enemies":"Small Slimes","floor":1,"turns":2},{"damage":0,"enemies":"Jaw Worm","floor":5,"turns":2},{"damage":0,"enemies":"2 Louse","floor":7,"turns":2},{"damage":11,"enemies":"Exordium Thugs","floor":11,"turns":3},{"damage":7,"enemies":"Exordium Wildlife","floor":13,"turns":2},{"damage":53,"enemies":"The Guardian","floor":16,"turns":12},{"damage":9,"enemies":"Shell Parasite","floor":18,"turns":3},{"damage":12,"enemies":"3 Byrds","floor":19,"turns":2},{"damage":25,"enemies":"Centurion and Healer","floor":21,"turns":4},{"damage":16,"enemies":"Shelled Parasite and Fungi","floor":22,"turns":2}],"seed_played":"-717109081758659447","potions_obtained":[{"floor":7,"key":"EssenceOfSteel"},{"floor":16,"key":"Strength Potion"},{"floor":18,"key":"DuplicationPotion"}],"is_trial":false,"path_per_floor":["M","?","$","?","M","R","M","R","T","?","M","R","M","?","R","B",null,"M","M","$","M","M"],"character_chosen":"DEFECT","items_purchased":["Orrery","Blood Vial"],"campfire_rested":0,"item_purchase_floors":[3,20],"current_hp_per_floor":[63,63,63,56,56,56,56,56,56,68,57,57,50,50,62,9,53,44,32,32,9,0,0],"gold":107,"neow_bonus":"ONE_RARE_RELIC","is_daily":false,"chose_seed":false,"campfire_upgraded":0,"win_rate":0.0,"timestamp":1608596327,"path_taken":["M","?","?","?","M","R","M","R","T","?","M","R","M","?","R","BOSS","M","M","$","M","M"],"items_purchased_type":["Relic","Relic"],"build_version":"2020-12-13","purchased_purges":1,"victory":false,"max_hp_per_floor":[68,68,68,68,68,68,68,68,68,68,68,68,68,68,68,68,68,68,68,65,65,65,65],"relic_stats":{"Blood Vial":4,"Shovel":4,"counters":[10,34],"Snecko Eye":[18,22,26,21],"Tiny Chest":0,"Eternal Feather":12,"PreservedInsect":0,"Whetstone":["Strike_B","Strike_B"],"obtain_stats":[{"Blood Vial":20,"Shovel":0,"Orrery":3,"Snecko Eye":17,"Molten Egg 2":6,"Tiny Chest":12,"Eternal Feather":14,"PreservedInsect":15,"Whetstone":8,"Cracked Core":0,"Cables":9},{"Blood Vial":8,"Shovel":0,"Orrery":1,"Snecko Eye":6,"Molten Egg 2":2,"Tiny Chest":4,"Eternal Feather":5,"PreservedInsect":5,"Whetstone":3,"Cracked Core":0,"Cables":3},{"Blood Vial":28,"Shovel":0,"Orrery":2,"Snecko Eye":23,"Molten Egg 2":4,"Tiny Chest":9,"Eternal Feather":11,"PreservedInsect":11,"Whetstone":6,"Cracked Core":0,"Cables":6}],"Cables":[20,20,0,0,0]},"card_choices":[{"not_picked":["Streamline","Leap"],"picked":"Conserve Battery","floor":1},{"not_picked":["Aggregate","FTL"],"picked":"Hyperbeam","floor":3},{"not_picked":["Gash","Conserve Battery"],"picked":"Reprogram","floor":3},{"not_picked":["Turbo","Beam Cell"],"picked":"Streamline","floor":3},{"not_picked":["Redo","Coolheaded"],"picked":"Scrape","floor":3},{"not_picked":["Heatsinks","Self Repair"],"picked":"Streamline","floor":3},{"not_picked":["Hologram","Ball Lightning"],"picked":"Rebound","floor":5},{"not_picked":["Amplify","Turbo"],"picked":"Sweeping Beam+1","floor":7},{"not_picked":["Barrage+1","White Noise"],"picked":"FTL+1","floor":11},{"not_picked":["Melter+1","White Noise"],"picked":"Leap","floor":13},{"not_picked":["Electrodynamics","Amplify"],"picked":"Meteor Strike+1","floor":16},{"not_picked":["Chaos+1","Glacier"],"picked":"Fusion","floor":18},{"not_picked":["Compile Driver+1","Coolheaded+1"],"picked":"Turbo+1","floor":19},{"not_picked":["Chill","Ball Lightning+1"],"picked":"Leap+1","floor":21}],"player_experience":294771,"relics_obtained":[{"floor":6,"key":"Molten Egg 2"},{"floor":8,"key":"Whetstone"},{"floor":9,"key":"Cables"},{"floor":12,"key":"Tiny Chest"},{"floor":15,"key":"PreservedInsect"}],"event_choices":[{"damage_healed":0,"gold_gain":175,"player_choice":"AGREE","damage_taken":0,"max_hp_gain":0,"max_hp_loss":0,"event_name":"Liars Game","floor":2,"gold_loss":0,"cards_obtained":["Doubt"]},{"cards_removed":["Doubt"],"damage_healed":0,"gold_gain":0,"player_choice":"Card Removal","damage_taken":7,"max_hp_gain":0,"max_hp_loss":0,"event_name":"Golden Wing","floor":4,"gold_loss":0},{"damage_healed":17,"gold_gain":0,"player_choice":"Healed and dodged fight","damage_taken":0,"max_hp_gain":0,"max_hp_loss":0,"event_name":"Mushrooms","floor":10,"gold_loss":0,"cards_obtained":["Parasite"]},{"damage_healed":0,"gold_gain":0,"player_choice":"Gave Potion","damage_taken":0,"relics_obtained":["Eternal Feather"],"max_hp_gain":0,"max_hp_loss":0,"event_name":"WeMeetAgain","floor":14,"gold_loss":0}],"is_beta":false,"boss_relics":[{"not_picked":["Velvet Choker","Philosopher\u0027s Stone"],"picked":"Snecko Eye"}],"items_purged_floors":[20],"is_endless":false,"potions_floor_spawned":[7,16,18],"killed_by":"Shelled Parasite and Fungi","ascension_level":6}}