{"host":"98ajcw3do3zsggh8","time":1608675410,"event":{"mods":["BaseMod","Minty Spire (QoL Compilation)","Replay The Spire","StSLib"],"gold_per_floor":[110,35,35,56,70,110,130,166,166,166,189,36,75,2,2,128,128,141,51,75,90,106,147,147,172,172,213,338,338,357,407,407,407,407],"floor_reached":33,"playtime":982,"items_purged":["Defend_R"],"score":393,"play_id":"af036639-2707-46f4-800d-07e1cf25c8d6","local_time":"20201222231650","is_ascension_mode":true,"campfire_choices":[{"data":"Rupture","floor":15,"key":"SMITH"},{"data":"ReplayTheSpireMod:LeadingStrike","floor":24,"key":"SMITH"},{"floor":32,"key":"REST"}],"circlet_count":0,"master_deck":["Strike_R","Strike_R","Strike_R","Strike_R","Defend_R","Defend_R","Defend_R+1","Bash","Carnage","ReplayTheSpireMod:LeadingStrike+1","Whirlwind+1","Inflame","Offering+1","Rupture+1","Reaper","Clash+1","Flex+1","Sickly"],"relics":["Burning Blood","NeowsBlessing","Bloody Idol","Red Skull","Toxic Egg 2","Bird Faced Urn","Vajra","Du-Vu Doll","Sozu","Mummified Hand","Boot","Bottled Tornado","Torii","Replay:Bottled Snecko","Ring of Greed","Ring of Hypnosis","Smiling Mask","Tiny Chest"],"acts_visited":["Exordium","TheCity"],"potions_floor_usage":[8,13],"damage_taken":[{"damage":0,"enemies":"Cultist","floor":1,"turns":1},{"damage":0,"enemies":"2 Louse","floor":4,"turns":1},{"damage":0,"enemies":"Jaw Worm","floor":5,"turns":1},{"damage":48,"enemies":"3 Sentries","floor":6,"turns":8},{"damage":14,"enemies":"Red Slaver","floor":7,"turns":2},{"damage":7,"enemies":"Gremlin Nob","floor":8,"turns":3},{"damage":7,"enemies":"Large Slime","floor":11,"turns":4},{"damage":9,"enemies":"Replay:BlueRogue","floor":13,"turns":3},{"damage":6,"enemies":"Slime Boss","floor":16,"turns":5},{"damage":18,"enemies":"Chosen","floor":18,"turns":3},{"damage":9,"enemies":"3 Byrds","floor":20,"turns":3},{"damage":39,"enemies":"Sentry and Sphere","floor":21,"turns":4},{"damage":18,"enemies":"Cultist and Chosen","floor":22,"turns":2},{"damage":33,"enemies":"Slavers","floor":23,"turns":3},{"damage":6,"enemies":"3 Cultists","floor":25,"turns":1},{"damage":36,"enemies":"Replay:Snechameleon","floor":27,"turns":4},{"damage":14,"enemies":"Colosseum Slavers","floor":28,"turns":2},{"damage":17,"enemies":"Colosseum Nobs","floor":28,"turns":3},{"damage":29,"enemies":"Snecko","floor":30,"turns":4},{"damage":85,"enemies":"Champ","floor":33,"turns":7}],"seed_played":"-6941424865765295439","potions_obtained":[{"floor":6,"key":"GamblersBrew"},{"floor":7,"key":"ColorlessPotion"},{"floor":11,"key":"Regen Potion"}],"is_trial":false,"path_per_floor":["M","$","?","M","M","E","M","E","T","?","M","$","E","$","R","B",null,"M","?","M","M","M","E","R","M","T","E","?","?","M","?","R","B"],"character_chosen":"IRONCLAD","items_purchased":["Vajra","Rupture"],"campfire_rested":1,"item_purchase_floors":[12,14],"current_hp_per_floor":[80,80,60,66,72,30,22,21,21,21,20,20,28,28,28,32,80,78,78,77,48,40,47,47,47,47,33,51,51,35,40,64,0,0],"gold":407,"neow_bonus":"THREE_ENEMY_KILL","is_daily":false,"chose_seed":false,"campfire_upgraded":2,"win_rate":0.0,"timestamp":1608675410,"path_taken":["M","?","?","M","M","E","M","E","T","?","M","$","E","$","R","BOSS","M","?","M","M","?","E","R","M","T","E","?","?","M","?","R","BOSS"],"items_purchased_type":["Relic","Card"],"build_version":"2020-12-13","purchased_purges":1,"victory":false,"max_hp_per_floor":[80,80,80,80,80,80,80,80,80,80,80,80,80,80,80,80,80,80,80,80,80,80,80,80,80,80,80,80,80,80,80,80,80,80],"card_choices":[{"not_picked":["Replay:Undeath\u0027s Touch","Sword Boomerang","Fire Breathing"],"picked":"SKIP","floor":1},{"not_picked":["Perfected Strike","Thunderclap","Disarm"],"picked":"SKIP","floor":4},{"not_picked":["Battle Trance","Perfected Strike"],"picked":"Carnage","floor":5},{"not_picked":["Wild Strike","Shockwave","Barricade"],"picked":"SKIP","floor":6},{"not_picked":["Clothesline","Thunderclap"],"picked":"ReplayTheSpireMod:Stacked","floor":7},{"not_picked":["Power Through+1","Cleave"],"picked":"ReplayTheSpireMod:LeadingStrike","floor":8},{"not_picked":["Twin Strike","Battle Trance+1"],"picked":"Inflame","floor":11},{"not_picked":["Dropkick","Rupture"],"picked":"Offering+1","floor":13},{"not_picked":["Bludgeon","Corruption"],"picked":"Reaper","floor":16},{"not_picked":["Replay:Undeath\u0027s Touch","Rage+1","Run Through"],"picked":"SKIP","floor":18},{"not_picked":["Pommel Strike","Armaments+1"],"picked":"Clash+1","floor":20},{"not_picked":["Havoc+1","Infernal Blade+1"],"picked":"Flex+1","floor":21},{"not_picked":["Run Through","Body Slam","ReplayTheSpireMod:Corrosion Curse+1"],"picked":"SKIP","floor":22},{"not_picked":["ReplayTheSpireMod:Corrosion Curse+1","ReplayTheSpireMod:Limb From Limb","Eclipse+1"],"picked":"SKIP","floor":23},{"not_picked":["Headbutt","Rage+1","Shrug It Off+1"],"picked":"SKIP","floor":25},{"not_picked":["Warcry+1","Iron Wave","Sword Boomerang"],"picked":"SKIP","floor":27},{"not_picked":["Cleave","Clothesline+1","Whirlwind+1"],"picked":"SKIP","floor":30}],"player_experience":168405,"relics_obtained":[{"floor":6,"key":"Red Skull"},{"floor":8,"key":"Toxic Egg 2"},{"floor":9,"key":"Bird Faced Urn"},{"floor":13,"key":"Du-Vu Doll"},{"floor":23,"key":"Mummified Hand"},{"floor":26,"key":"Boot"},{"floor":27,"key":"Bottled Tornado"},{"floor":28,"key":"Torii"},{"floor":28,"key":"Replay:Bottled Snecko"},{"floor":31,"key":"Ring of Greed"},{"floor":31,"key":"Ring of Hypnosis"},{"floor":31,"key":"Smiling Mask"},{"floor":31,"key":"Tiny Chest"}],"event_choices":[{"damage_healed":0,"gold_gain":0,"player_choice":"Take Damage","damage_taken":20,"relics_obtained":["Golden Idol"],"max_hp_gain":0,"max_hp_loss":0,"event_name":"Golden Idol","floor":3,"gold_loss":0},{"cards_removed":["Strike_R"],"damage_healed":0,"gold_gain":0,"player_choice":"Upgrade and Remove","damage_taken":0,"max_hp_gain":0,"max_hp_loss":0,"event_name":"Designer","floor":19,"gold_loss":90,"cards_upgraded":["Defend_R"]},{"damage_healed":0,"gold_gain":0,"player_choice":"Fight","damage_taken":0,"max_hp_gain":0,"max_hp_loss":0,"event_name":"Colosseum","floor":28,"gold_loss":0},{"damage_healed":0,"gold_gain":0,"player_choice":"Fought Nobs","damage_taken":0,"max_hp_gain":0,"max_hp_loss":0,"event_name":"Colosseum","floor":28,"gold_loss":0},{"damage_healed":0,"gold_gain":0,"player_choice":"Gave Idol","damage_taken":0,"relics_obtained":["Bloody Idol"],"max_hp_gain":0,"max_hp_loss":0,"event_name":"Forgotten Altar","floor":29,"relics_lost":["Golden Idol"],"gold_loss":0}],"is_beta":false,"boss_relics":[{"not_picked":["Black Star","Ring of Chaos"],"picked":"Sozu"}],"items_purged_floors":[2],"is_endless":false,"potions_floor_spawned":[6,7,11,18,21,25,27,28,28],"killed_by":"Champ","ascension_level":2}}