{"host":"csap8gk29nkluet0","time":1608634658,"event":{"mods":["BaseMod","Downfall","Minty Spire (QoL Compilation)","StSLib"],"gold_per_floor":[99,99,59,59,59,44,44,44,55,74,74,88,88,100,115,215,215,215,227,237,248,198,298,298,314,314,314,314],"floor_reached":26,"playtime":2210,"items_purged":[],"score":198,"play_id":"0ce9cff3-360c-4d49-b980-d00fa43dea3e","local_time":"20201222185738","is_ascension_mode":false,"campfire_choices":[{"data":"Guardian:TwinSlam","floor":1,"key":"SMITH"},{"data":"Guardian:CrystalBeam","floor":11,"key":"SMITH"},{"data":"Guardian:CurlUp","floor":18,"key":"SMITH"}],"circlet_count":0,"master_deck":["Guardian:Strike_Guardian","Guardian:Strike_Guardian","Guardian:Strike_Guardian","Guardian:Defend_Guardian","Guardian:Defend_Guardian","Guardian:Defend_Guardian","Guardian:Defend_Guardian","Guardian:CurlUp+1","Guardian:TwinSlam+1","Guardian:CrystalBeam+1","Guardian:ShieldSpikes","Guardian:ChargeUp","Guardian:ExploitGems","Guardian:Gem_Green","Guardian:Gem_Crimson","Guardian:Gem_Fragmented","Guardian:Gem_Green","Guardian:Gem_Orange","Guardian:PiercingHide+1","Guardian:Incinerate+1","Guardian:PrimingBeam","Guardian:EvasiveProtocol+1","Guardian:Planning+1","Guardian:Suspension+1"],"relics":["Guardian:ModeShifter","downfall:HeartsMalice","Guardian:PickAxe","SacredBark","Prayer Wheel","Bottled Lightning"],"acts_visited":["Exordium","TheCity"],"potions_floor_usage":[23,26],"damage_taken":[{"damage":0,"enemies":"Small Slimes","floor":2,"turns":1},{"damage":0,"enemies":"downfall:FleeingMerchant","floor":3,"turns":1},{"damage":0,"enemies":"Jaw Worm","floor":5,"turns":1},{"damage":0,"enemies":"downfall:FleeingMerchant","floor":6,"turns":4},{"damage":2,"enemies":"Cultist","floor":9,"turns":4},{"damage":7,"enemies":"Lots of Slimes","floor":10,"turns":5},{"damage":0,"enemies":"2 Fungi Beasts","floor":12,"turns":4},{"damage":8,"enemies":"Exordium Wildlife","floor":14,"turns":4},{"damage":0,"enemies":"3 Louse","floor":15,"turns":3},{"damage":47,"enemies":"downfall:Silent","floor":16,"turns":16},{"damage":10,"enemies":"3 Byrds","floor":19,"turns":6},{"damage":26,"enemies":"Shell Parasite","floor":20,"turns":10},{"damage":4,"enemies":"Centurion and Healer","floor":21,"turns":9},{"damage":43,"enemies":"downfall:Defect","floor":23,"turns":8},{"damage":6,"enemies":"Snake Plant","floor":25,"turns":4},{"damage":30,"enemies":"3 Cultists","floor":26,"turns":6}],"seed_played":"7505983239625917042","potions_obtained":[{"floor":9,"key":"Fire Potion"},{"floor":10,"key":"SpeedPotion"},{"floor":12,"key":"hexamod:EctoCoolerPotion"}],"is_trial":false,"path_per_floor":["R","M","$","?","M","$","T","?","M","M","R","M","R","M","M","B",null,"R","M","M","M","?","?","T","M","M"],"character_chosen":"GUARDIAN","items_purchased":["Guardian:ShieldSpikes"],"campfire_rested":0,"item_purchase_floors":[3],"current_hp_per_floor":[80,80,80,80,80,80,80,80,78,71,71,71,71,63,63,16,80,80,70,44,40,70,27,27,21,0,0,0],"gold":314,"neow_bonus":"THREE_ENEMY_KILL","is_daily":false,"chose_seed":false,"campfire_upgraded":3,"win_rate":0.0,"timestamp":1608634658,"path_taken":["R","M","$","?","M","$","T","?","?","M","R","?","R","M","M","BOSS","R","M","M","M","?","?","T","M","M"],"items_purchased_type":["Card"],"build_version":"2020-12-13","purchased_purges":0,"victory":false,"max_hp_per_floor":[80,80,80,80,80,80,80,80,80,80,80,80,80,80,80,80,80,80,80,80,80,80,80,80,80,80,80,80],"card_choices":[{"not_picked":["Guardian:TimeBomb","Guardian:PiercingHide"],"picked":"Guardian:CrystalBeam","floor":2},{"not_picked":["Guardian:ShieldCharger","Guardian:Incinerate"],"picked":"Guardian:Gem_Green","floor":3},{"not_picked":["Guardian:Gem_Cyan","Guardian:GuardianWhirl"],"picked":"Guardian:Gem_Red","floor":5},{"not_picked":["Guardian:CrystalBeam","Guardian:MultiBeam","Guardian:Clone"],"picked":"SKIP","floor":6},{"not_picked":["Guardian:Gem_White","Guardian:Gem_Crimson"],"picked":"Guardian:ChargeUp","floor":9},{"not_picked":["Guardian:Planning","Guardian:Gem_Red"],"picked":"Guardian:Gem_Green","floor":10},{"not_picked":["Guardian:Gem_Green","Guardian:ShieldSpikes"],"picked":"Guardian:ExploitGems","floor":12},{"not_picked":["Guardian:TemporalStrike","Guardian:Clone"],"picked":"Guardian:Gem_Fragmented","floor":14},{"not_picked":["Guardian:TemporalShield","Guardian:Recover"],"picked":"Guardian:Gem_Green","floor":15},{"not_picked":["Guardian:BaubleBeam","Guardian:Gem_Synthetic"],"picked":"Guardian:Gem_Orange","floor":16},{"not_picked":["Guardian:TimeBomb","Guardian:Gem_Lightblue"],"picked":"Guardian:PiercingHide+1","floor":19},{"not_picked":["Guardian:RollAttack","Guardian:Gem_White"],"picked":"Guardian:Incinerate+1","floor":20},{"not_picked":["Guardian:Gem_Lightblue","Guardian:RollAttack"],"picked":"Guardian:PrimingBeam","floor":21},{"not_picked":["Guardian:Planning","Guardian:Gem_Orange"],"picked":"Guardian:EvasiveProtocol+1","floor":23},{"not_picked":["Guardian:SentryBeam","Guardian:GuardianWhirl"],"picked":"Guardian:Planning+1","floor":25},{"not_picked":["Guardian:TemporalStrike","Guardian:Planning"],"picked":"Guardian:Suspension+1","floor":25}],"player_experience":116712,"relics_obtained":[{"floor":7,"key":"Guardian:PickAxe"},{"floor":23,"key":"Prayer Wheel"},{"floor":23,"key":"Bottled Lightning"}],"event_choices":[{"cards_removed":["Guardian:Strike_Guardian"],"damage_healed":0,"gold_gain":0,"player_choice":"Card Removal","damage_taken":0,"max_hp_gain":0,"max_hp_loss":0,"event_name":"The Cleric","floor":4,"gold_loss":0}],"is_beta":false,"boss_relics":[{"not_picked":["Fusion Hammer","Calling Bell"],"picked":"SacredBark"}],"items_purged_floors":[],"is_endless":false,"potions_floor_spawned":[9,10,12,14,21],"killed_by":"3 Cultists","ascension_level":0}}