{"host":"373g0ui1bgeshz9m","time":1608669500,"event":{"mods":["Act Like it!","Aspiration","BaseMod","Beaked The Cultist","Better Third Choice","Colored Map","Conspire","Downfall","Halation","Hermit","Hubris","Infinite Spire","Jorbs\u0027s Wanderer Trilogy","Minty Spire (QoL Compilation)","Pale of the Ancients","Permanent Neow","Quick Restart","Replay The Spire","Shade Mod","Shop Mod","Spikes Relics","StSLib","The Animator","The Bladedancer","The Bug Knight","The Construct","The Cursed","The Factory","The Florist","The Judge","The Jungle","The Necromancer","The Sage","The Wild Card","Trackpad","vexMod"],"gold_per_floor":[115,115,115,126,126,161,161,195,245,245,256,256,282,293,293,414,414,436,436,116,128,182,182,221,184,184,221,244,244,244,279,279,287,287],"floor_reached":33,"playtime":1758,"items_purged":[],"score":335,"play_id":"1ac66ebc-d817-4f71-a8b6-5a91ca6e6151","local_time":"20201222153820","is_ascension_mode":true,"campfire_choices":[{"floor":7,"key":"REST"},{"floor":10,"key":"RECALL"},{"data":"infinitespire:Oblivion","floor":12,"key":"SMITH"},{"data":"Sadistic Nature","floor":23,"key":"SMITH"},{"data":"Life_Drain","floor":23,"key":"SMITH"},{"data":"Siphon_Strength","floor":30,"key":"SMITH"},{"data":"Acid_Javelin","floor":30,"key":"SMITH"},{"data":"Negative_Energy_Arrows","floor":32,"key":"SMITH"},{"data":"Slay_Living","floor":32,"key":"SMITH"}],"circlet_count":0,"master_deck":["Strike_W","Strike_W","Strike_W","Strike_W+1","Defend_W","Defend_W","Defend_W","Defend_W","Negative_Energy_Arrows+1","Bone_Wall","Necrotic_Claws","infinitespire:Oblivion+1","Scare","Acid_Javelin+1","Siphon_Strength+1","Bone_Bullets","Vampiric_Strike","Plague_Bolt","CurseOfTheBell","Life_Drain+1","Slay_Living+1","Sadistic Nature+1","Jack Of All Trades+1","Shackles_Of_Pain","Shackles_Of_Pain","expansioncontent:PolyBeam+1","WordoMod:Sickness"],"relics":["Vampire_Amulet","aspiration:Nostalgia","sagemod:Flying_Carpet","hubris:TenFootPole","ReplayTheSpireMod:TigerMarble","halation:IllGainedPizza","Calling Bell","infinitespire:Lucky Rock","Replay:Bottled Steam","halation:PenCase","PrismaticShard","trackpad:PetRock","conspire:TopHat","Darkstone Periapt","infinitespire:PuzzleCube","Anchor","ShockBauble","halation:KoshaPiece"],"acts_visited":["Exordium","TheCity"],"potions_floor_usage":[33,33],"damage_taken":[{"damage":0,"enemies":"Small Slimes","floor":1,"turns":5},{"damage":0,"enemies":"2 Louse","floor":4,"turns":3},{"damage":22,"enemies":"3 Sentries","floor":6,"turns":6},{"damage":5,"enemies":"Gremlin Nob","floor":8,"turns":3},{"damage":0,"enemies":"Cultist","floor":11,"turns":2},{"damage":6,"enemies":"Lagavulin","floor":13,"turns":4},{"damage":0,"enemies":"Looter","floor":14,"turns":2},{"damage":32,"enemies":"The Guardian","floor":16,"turns":7},{"damage":8,"enemies":"Shell Parasite","floor":18,"turns":4},{"damage":0,"enemies":"Spheric Guardian","floor":21,"turns":3},{"damage":13,"enemies":"conspire:SneckoGhost","floor":24,"turns":7},{"damage":10,"enemies":"HollowMod:Nosk","floor":27,"turns":5},{"damage":7,"enemies":"Snake Plant","floor":28,"turns":3},{"damage":23,"enemies":"Book of Stabbing","floor":31,"turns":5},{"damage":65,"enemies":"Automaton","floor":33,"turns":6}],"seed_played":"-5420247087558436735","potions_obtained":[{"floor":6,"key":"Elixir"},{"floor":11,"key":"SkillPotion"},{"floor":14,"key":"construct:ShiftPotion"}],"is_trial":false,"path_per_floor":["M","?","?","M","?","E","R","E","T","R","M","R","E","M","R_BF","B",null,"M","?","$","M","T","R","E","$","T","E","M","AVR","R","E","R","B"],"character_chosen":"NECROMANCER","items_purchased":["Sadistic Nature","trackpad:PetRock","Shackles_Of_Pain"],"campfire_rested":1,"item_purchase_floors":[20,20,25],"current_hp_per_floor":[75,57,62,66,66,50,72,69,69,69,71,71,67,69,69,41,75,72,68,68,70,70,70,68,68,68,66,67,67,67,54,54,0,0],"gold":287,"neow_bonus":"NOSTALGIA","is_daily":false,"chose_seed":false,"campfire_upgraded":7,"win_rate":0.0,"timestamp":1608669500,"path_taken":["M","?","?","?","?","E","R","E","T","R","M","R","E","M","R_BF","BOSS","M","?","$","M","?","R","E","?","T","E","M","AVR","R","E","R","BOSS"],"items_purchased_type":["Card","Relic","Card"],"build_version":"2020-12-13","purchased_purges":0,"victory":false,"max_hp_per_floor":[75,75,75,75,75,75,75,75,75,75,75,75,75,75,75,75,75,75,75,75,75,75,75,75,75,75,75,75,75,75,75,75,75,75],"card_choices":[{"not_picked":["Blood_Whip","Death_March_Dance"],"picked":"Necrotic_Claws","floor":1},{"not_picked":["Necrotic_Claws","Blood_Whip"],"picked":"Death_March_Dance","floor":1},{"not_picked":["ReplayTheSpireMod:Book of Names","hubris:Rewind"],"picked":"infinitespire:Oblivion","floor":2},{"not_picked":["Death_Knell","Bone_Shift"],"picked":"Scare","floor":4},{"not_picked":["Consume_Illness","Negative_Energy_Shield"],"picked":"Acid_Javelin","floor":6},{"not_picked":["Detonate_Bones","Bone_Armor"],"picked":"Siphon_Strength","floor":8},{"not_picked":["Deaths_Shadow","Bones_to_Steel"],"picked":"Bone_Bullets","floor":11},{"not_picked":["Summon_Undead","Bones_to_Steel"],"picked":"Vampiric_Strike","floor":13},{"not_picked":["Finger_Of_Death","Scare"],"picked":"Plague_Bolt","floor":14},{"not_picked":["Bone_Spikes+1","Bone_Bullets"],"picked":"Life_Drain","floor":18},{"not_picked":["Bone_Bullets","Deaths_Shadow"],"picked":"Slay_Living","floor":19},{"not_picked":["stsjorbsmod:Cyclone","stsjorbsmod:Channel"],"picked":"Jack Of All Trades+1","floor":21},{"not_picked":["Coolheaded","construct:PointDefense","blademaster:CombatPrep"],"picked":"SKIP","floor":24},{"not_picked":["hexamod:InspiringFlames","animator:Viivi"],"picked":"expansioncontent:PolyBeam+1","floor":27},{"not_picked":["EmptyBody","Guardian:VentSteam"],"picked":"WordoMod:Sickness","floor":28},{"not_picked":["Replay:Bootleg Shield Generator","hermit:Coalescence+1","ConjureBlade"],"picked":"SKIP","floor":31}],"player_experience":311648,"relics_obtained":[{"floor":6,"key":"hubris:TenFootPole"},{"floor":8,"key":"ReplayTheSpireMod:TigerMarble"},{"floor":13,"key":"halation:IllGainedPizza"},{"floor":17,"key":"infinitespire:Lucky Rock"},{"floor":17,"key":"Replay:Bottled Steam"},{"floor":17,"key":"halation:PenCase"},{"floor":19,"key":"PrismaticShard"},{"floor":22,"key":"conspire:TopHat"},{"floor":24,"key":"Darkstone Periapt"},{"floor":26,"key":"infinitespire:PuzzleCube"},{"floor":27,"key":"Anchor"},{"floor":31,"key":"halation:KoshaPiece"}],"event_choices":[{"cards_removed":["Death_March_Dance"],"damage_healed":5,"gold_gain":0,"player_choice":"Offered Common","damage_taken":0,"max_hp_gain":0,"max_hp_loss":0,"event_name":"Bonfire Elementals","floor":3,"gold_loss":0},{"cards_removed":["Death_March_Dance"],"damage_healed":5,"gold_gain":0,"player_choice":"Offered Special","damage_taken":0,"max_hp_gain":0,"max_hp_loss":0,"event_name":"Bonfire Elementals","floor":3,"gold_loss":0}],"is_beta":false,"boss_relics":[{"not_picked":["hubris:BlackHole","trackpad:Coffee"],"picked":"Calling Bell"}],"items_purged_floors":[],"is_endless":false,"potions_floor_spawned":[6,11,14,16,18,21],"killed_by":"Automaton","ascension_level":1}}