{"host":"hi7fki77kkmhrce8","time":1608667011,"event":{"mods":["AchievementEnabler","Act Like it!","BaseMod","Beaked The Cultist","Colored Powertips","Downfall","Halation","Hallownest","Jedi Mod","Mad Scientist","Minty Spire (QoL Compilation)","Relic Stats","Replay The Spire","StSLib","SuperFastMode","The Blackbeard","The Construct","The Hierophant","The Necromancer","The Servant 0.9.4","The Witch"],"gold_per_floor":[116,130,149,25,25,60,73,106,106,138,138,152,327,327,327,327,327],"floor_reached":16,"playtime":596,"items_purged":[],"score":152,"play_id":"3c458bd2-598c-41e0-9884-3e6738589019","local_time":"20201222145651","is_ascension_mode":true,"campfire_choices":[{"floor":11,"key":"REST"},{"data":"BestPractice","floor":15,"key":"SMITH"}],"circlet_count":0,"master_deck":["Strike_S","Strike_S","Strike_S","Strike_S+1","Defend_S","Defend_S","Defend_S","Defend_S","KidneyShot","Exchange","Unruled","BestPractice+1","KillingDoll","Rearm","DoubleEdge","Hightail","Misdirection","Spin","DoubleEdge","Doubt","Barrier+1"],"relics":["Uniform","NeowsBlessing","Strawberry","jedi:crownofsimplicity","Letter Opener","Replay:WaspNest"],"acts_visited":["Exordium"],"potions_floor_usage":[16,16,16],"damage_taken":[{"damage":0,"enemies":"Jaw Worm","floor":1,"turns":1},{"damage":0,"enemies":"2 Louse","floor":2,"turns":1},{"damage":0,"enemies":"Small Slimes","floor":3,"turns":1},{"damage":26,"enemies":"Gremlin Nob","floor":6,"turns":5},{"damage":7,"enemies":"2 Fungi Beasts","floor":7,"turns":4},{"damage":0,"enemies":"Lagavulin","floor":8,"turns":6},{"damage":15,"enemies":"Gremlin Nob","floor":10,"turns":5},{"damage":2,"enemies":"Large Slime","floor":12,"turns":4},{"damage":59,"enemies":"Fading Forest","floor":16,"turns":8}],"seed_played":"-2911778376224457135","potions_obtained":[{"floor":2,"key":"ColorlessPotion"},{"floor":3,"key":"Energy Potion"},{"floor":6,"key":"Explosive Potion"},{"floor":10,"key":"Weak Potion"}],"is_trial":false,"path_per_floor":["M","M","M","$","?","E","M","E","T","E","R","M","?","?","R","B"],"character_chosen":"THE_SERVANT","items_purchased":["KillingDoll","Rearm"],"campfire_rested":1,"item_purchase_floors":[4,4],"current_hp_per_floor":[65,65,65,65,65,46,39,39,39,24,45,43,43,43,43,0,0],"gold":327,"neow_bonus":"THREE_ENEMY_KILL","is_daily":false,"chose_seed":false,"campfire_upgraded":1,"win_rate":0.0,"timestamp":1608667011,"path_taken":["M","M","M","$","?","E","M","E","T","E","R","M","?","?","R","BOSS"],"items_purchased_type":["Card","Card"],"build_version":"2020-12-13","purchased_purges":0,"victory":false,"max_hp_per_floor":[65,65,65,65,65,72,72,72,72,72,72,72,72,72,72,72,72],"relic_stats":{"counters":[9,35],"Letter Opener":[5],"obtain_stats":[{"NeowsBlessing":0,"Strawberry":6,"Replay:WaspNest":10,"Uniform":0,"jedi:crownofsimplicity":8,"Letter Opener":9},{"NeowsBlessing":0,"Strawberry":4,"Replay:WaspNest":7,"Uniform":0,"jedi:crownofsimplicity":6,"Letter Opener":6},{"NeowsBlessing":0,"Strawberry":8,"Replay:WaspNest":23,"Uniform":0,"jedi:crownofsimplicity":18,"Letter Opener":18}]},"card_choices":[{"not_picked":["Starlight","Snipe"],"picked":"Unruled","floor":1},{"not_picked":["MoonPhase","WasteNot"],"picked":"Defy","floor":2},{"not_picked":["Rearm","Reset"],"picked":"BestPractice","floor":3},{"not_picked":["WasteNot","SpecialFormula"],"picked":"DoubleEdge","floor":6},{"not_picked":["Unruled","Alleviate"],"picked":"Hightail","floor":7},{"not_picked":["Sunlight","Desolation"],"picked":"Misdirection","floor":8},{"not_picked":["InstantArmor","Rearm"],"picked":"Spin","floor":10},{"not_picked":["Defy","TimeWarp"],"picked":"DoubleEdge","floor":12}],"player_experience":138354,"relics_obtained":[{"floor":6,"key":"Strawberry"},{"floor":8,"key":"jedi:crownofsimplicity"},{"floor":9,"key":"Letter Opener"},{"floor":10,"key":"Replay:WaspNest"}],"event_choices":[{"damage_healed":0,"gold_gain":175,"player_choice":"AGREE","damage_taken":0,"max_hp_gain":0,"max_hp_loss":0,"event_name":"Liars Game","floor":13,"gold_loss":0,"cards_obtained":["Doubt"]}],"is_beta":false,"boss_relics":[],"items_purged_floors":[],"is_endless":false,"potions_floor_spawned":[2,3,6,10],"killed_by":"Fading Forest","ascension_level":1}}