{"host":"baymyijz6sxaqj5s","time":1608625418,"event":{"mods":["AchievementEnabler","BaseMod","Colored Map","Colored Powertips","DeckTracker","KOR Keyword Fix","Keyboard Shortcuts","Minty Spire (QoL Compilation)","Quick Restart","StSLib","SuperFastMode"],"gold_per_floor":[111,124,138,138,150,150,164,164,164,164,164,164,164,178,178,280,280,291,279,279,296,296,296,311,64,91,111,131,131,131,147,147,248,248,268,268,285,305,7,7,7,22,22,32,32,52,68,68,68],"floor_reached":48,"playtime":1987,"items_purged":[],"score":505,"play_id":"86b2491d-fec0-42ad-8dcb-a5600ed6e199","local_time":"20201222172338","is_ascension_mode":false,"campfire_choices":[{"data":"Barricade","floor":6,"key":"SMITH"},{"data":"Flame Barrier","floor":12,"key":"SMITH"},{"floor":15,"key":"REST"},{"data":"Body Slam","floor":23,"key":"SMITH"},{"floor":32,"key":"REST"},{"data":"Power Through","floor":40,"key":"SMITH"},{"floor":45,"key":"REST"}],"circlet_count":0,"master_deck":["Strike_R+1","Strike_R+1","Strike_R+1","Strike_R+1","Defend_R+1","Defend_R+1","Defend_R+1","Defend_R+1","Bash","Flame Barrier+1","Headbutt","Thunderclap","Heavy Blade","Barricade+1","Double Tap","Power Through+1","Cleave","Body Slam+1","Bloodletting+1","Shrug It Off","Entrench","Armaments","Entrench+1","Parasite","Bludgeon","Shrug It Off","Shrug It Off+1","Reaper","Body Slam"],"relics":["Burning Blood","Champion Belt","WingedGreaves","Velvet Choker","MutagenicStrength","Gremlin Horn","Toy Ornithopter","SlaversCollar","Boot","Prayer Wheel","Bird Faced Urn"],"acts_visited":["Exordium","TheCity","TheBeyond"],"potions_floor_usage":[5,7,14,16,16,24,31,33,37,38,42],"damage_taken":[{"damage":11,"enemies":"Jaw Worm","floor":1,"turns":5},{"damage":0,"enemies":"Small Slimes","floor":2,"turns":3},{"damage":6,"enemies":"2 Louse","floor":3,"turns":3},{"damage":16,"enemies":"Exordium Thugs","floor":5,"turns":7},{"damage":10,"enemies":"Looter","floor":7,"turns":3},{"damage":19,"enemies":"Exordium Wildlife","floor":14,"turns":7},{"damage":43,"enemies":"Hexaghost","floor":16,"turns":11},{"damage":2,"enemies":"Chosen","floor":18,"turns":8},{"damage":4,"enemies":"2 Thieves","floor":19,"turns":4},{"damage":14,"enemies":"Snake Plant","floor":21,"turns":6},{"damage":6,"enemies":"Cultist and Chosen","floor":24,"turns":7},{"damage":34,"enemies":"Snecko","floor":27,"turns":6},{"damage":15,"enemies":"Snake Plant","floor":28,"turns":6},{"damage":4,"enemies":"Shelled Parasite and Fungi","floor":31,"turns":3},{"damage":0,"enemies":"Automaton","floor":33,"turns":9},{"damage":19,"enemies":"3 Darklings","floor":35,"turns":6},{"damage":3,"enemies":"3 Shapes","floor":37,"turns":4},{"damage":24,"enemies":"Writhing Mass","floor":38,"turns":7},{"damage":15,"enemies":"Maw","floor":42,"turns":9},{"damage":29,"enemies":"3 Darklings","floor":44,"turns":6},{"damage":37,"enemies":"Sphere and 2 Shapes","floor":46,"turns":7},{"damage":24,"enemies":"Transient","floor":47,"turns":5},{"damage":30,"enemies":"Spire Growth","floor":48,"turns":6}],"seed_played":"3171888461556070246","potions_obtained":[{"floor":2,"key":"SkillPotion"},{"floor":3,"key":"EntropicBrew"},{"floor":16,"key":"Explosive Potion"},{"floor":18,"key":"SteroidPotion"},{"floor":19,"key":"Energy Potion"},{"floor":35,"key":"ColorlessPotion"},{"floor":37,"key":"AttackPotion"},{"floor":38,"key":"LiquidMemories"}],"is_trial":false,"path_per_floor":["M","M","M","?","M","R","M","?","T","T","?","R","$","M","R","B",null,"M","M","?","M","?","R","M","$","T","M","M","?","?","M","R","B",null,"M","T","M","M","$","R","?","M","T","M","R","M","M","M"],"character_chosen":"IRONCLAD","items_purchased":["Gremlin Horn","Prayer Wheel"],"campfire_rested":3,"item_purchase_floors":[25,39],"current_hp_per_floor":[75,80,80,85,75,75,71,71,71,71,54,54,54,58,83,46,85,85,85,85,77,77,77,77,77,77,49,40,40,40,47,72,83,85,72,72,80,67,67,67,67,63,63,42,67,38,20,0,0],"gold":68,"neow_bonus":"THREE_CARDS","is_daily":false,"chose_seed":false,"campfire_upgraded":4,"win_rate":0.0,"timestamp":1608625418,"path_taken":["M","M","M","?","M","R","M","?","T","?","?","R","?","M","R","BOSS","M","M","?","M","?","R","M","?","T","M","M","?","?","M","R","BOSS","M","?","M","M","$","R","?","M","T","M","R","?","M","M"],"items_purchased_type":["Relic","Relic"],"build_version":"2020-12-13","purchased_purges":0,"victory":false,"max_hp_per_floor":[80,80,80,85,85,85,85,85,85,85,85,85,85,85,85,85,85,85,85,85,85,85,85,85,85,85,85,85,85,85,85,85,85,85,85,85,85,85,85,85,85,85,85,85,85,85,85,85,85],"card_choices":[{"not_picked":["Perfected Strike","Thunderclap"],"picked":"Flame Barrier","floor":0},{"not_picked":["Perfected Strike","Combust"],"picked":"Headbutt","floor":1},{"not_picked":["Cleave","Clothesline"],"picked":"Thunderclap","floor":2},{"not_picked":["Feel No Pain","Wild Strike"],"picked":"Heavy Blade","floor":3},{"not_picked":["Body Slam","Heavy Blade"],"picked":"Barricade","floor":5},{"not_picked":["Sever Soul","Intimidate","Flex"],"picked":"SKIP","floor":7},{"not_picked":["Pummel","Havoc","Intimidate"],"picked":"SKIP","floor":14},{"not_picked":["Immolate","Reaper"],"picked":"Double Tap","floor":16},{"not_picked":["Flame Barrier","Iron Wave+1"],"picked":"Power Through","floor":18},{"not_picked":["Evolve","Pummel+1"],"picked":"Cleave","floor":19},{"not_picked":["Dark Embrace","Metallicize","Thunderclap"],"picked":"SKIP","floor":21},{"not_picked":["Searing Blow","Flex"],"picked":"Bloodletting+1","floor":24},{"not_picked":["Pommel Strike","True Grit"],"picked":"Shrug It Off","floor":27},{"not_picked":["Immolate","Wild Strike+1","Intimidate+1"],"picked":"SKIP","floor":28},{"not_picked":["Headbutt","True Grit"],"picked":"Entrench","floor":31},{"not_picked":["Disarm","Iron Wave+1"],"picked":"Armaments","floor":35},{"not_picked":["Wild Strike+1","Fire Breathing"],"picked":"Entrench+1","floor":37},{"not_picked":["Thunderclap","Perfected Strike+1","Iron Wave+1"],"picked":"SKIP","floor":38},{"not_picked":["Havoc+1","Rampage+1","Headbutt"],"picked":"SKIP","floor":42},{"not_picked":["Flex","Iron Wave","Perfected Strike+1"],"picked":"SKIP","floor":42},{"not_picked":["Metallicize","Wild Strike+1"],"picked":"Shrug It Off+1","floor":44},{"not_picked":["Warcry+1","Fiend Fire","Pommel Strike+1"],"picked":"SKIP","floor":44},{"not_picked":["Clothesline","Wild Strike","Sword Boomerang"],"picked":"SKIP","floor":46},{"not_picked":["Sword Boomerang+1","Rampage","True Grit+1"],"picked":"SKIP","floor":46},{"not_picked":["Thunderclap+1","Dropkick"],"picked":"Reaper","floor":47},{"not_picked":["Clash","Anger"],"picked":"Body Slam","floor":47}],"player_experience":174224,"relics_obtained":[{"floor":9,"key":"Champion Belt"},{"floor":10,"key":"WingedGreaves"},{"floor":26,"key":"Toy Ornithopter"},{"floor":36,"key":"Boot"},{"floor":43,"key":"Bird Faced Urn"}],"event_choices":[{"damage_healed":0,"gold_gain":0,"player_choice":"Donut","damage_taken":0,"max_hp_gain":5,"max_hp_loss":0,"event_name":"Big Fish","floor":4,"gold_loss":0},{"damage_healed":0,"gold_gain":0,"player_choice":"Ignored","damage_taken":0,"max_hp_gain":0,"max_hp_loss":0,"event_name":"Liars Game","floor":8,"gold_loss":0},{"damage_healed":0,"gold_gain":0,"player_choice":"Entered Light","damage_taken":17,"max_hp_gain":0,"max_hp_loss":0,"event_name":"Shining Light","floor":11,"gold_loss":0,"cards_upgraded":["Strike_R","Defend_R"]},{"damage_healed":0,"gold_gain":0,"player_choice":"Read","damage_taken":0,"max_hp_gain":0,"max_hp_loss":0,"event_name":"The Library","floor":20,"gold_loss":0,"cards_obtained":["Body Slam"]},{"damage_healed":0,"gold_gain":0,"player_choice":"Inject Mutagens","damage_taken":0,"relics_obtained":["MutagenicStrength"],"max_hp_gain":0,"max_hp_loss":0,"event_name":"Drug Dealer","floor":22,"gold_loss":0},{"damage_healed":0,"gold_gain":0,"player_choice":"Simplicity","damage_taken":0,"max_hp_gain":0,"max_hp_loss":0,"event_name":"Back to Basics","floor":29,"gold_loss":0,"cards_upgraded":["Strike_R","Strike_R","Strike_R","Strike_R","Defend_R","Defend_R","Defend_R"]},{"cards_removed":["Strike_R"],"damage_healed":0,"gold_gain":0,"player_choice":"Offered Basic","damage_taken":0,"max_hp_gain":0,"max_hp_loss":0,"event_name":"Bonfire Elementals","floor":30,"gold_loss":0},{"damage_healed":0,"gold_gain":0,"player_choice":"2 cards matched","damage_taken":0,"max_hp_gain":0,"max_hp_loss":0,"event_name":"Match and Keep!","floor":41,"gold_loss":0,"cards_obtained":["Bludgeon","Shrug It Off"]}],"is_beta":false,"boss_relics":[{"not_picked":["Fusion Hammer","Runic Dome"],"picked":"Velvet Choker"},{"not_picked":["Coffee Dripper","Runic Cube"],"picked":"SlaversCollar"}],"items_purged_floors":[],"is_endless":false,"potions_floor_spawned":[2,3,7,16,18,19,35,37,38],"killed_by":"Spire Growth","ascension_level":0}}