{"host":"dpbezu80jg8zk7un","time":1608668269,"event":{"mods":["BaseMod","Colored Map","Colored Powertips","Custom Start","DeckTracker","Minty Spire (QoL Compilation)","Quick Restart","StSLib","SuperFastMode"],"gold_per_floor":[115,127,202,202,202,202,234,234,258,283,283,313,323,335,335,335,335],"floor_reached":16,"playtime":300,"items_purged":[],"score":236,"play_id":"8ce700c5-46c1-48d7-9a40-8b90be68301e","local_time":"20201223051749","is_ascension_mode":true,"campfire_choices":[{"data":"Eruption","floor":6.0,"key":"SMITH"},{"data":"CrushJoints","floor":8.0,"key":"SMITH"},{"floor":11.0,"key":"REST"},{"data":"Meditate","floor":15,"key":"SMITH"}],"circlet_count":0,"master_deck":["AscendersBane","Strike_P","Strike_P","Strike_P","Defend_P","Defend_P","Defend_P","Eruption+1","Vigilance","CrushJoints+1","Meditate+1","InnerPeace"],"relics":["PureWater","Akabeko","Sundial","Tiny Chest","CaptainsWheel","Boot"],"acts_visited":["Exordium"],"potions_floor_usage":[],"damage_taken":[{"damage":0.0,"enemies":"Cultist","floor":1.0,"turns":2.0},{"damage":0.0,"enemies":"Small Slimes","floor":2.0,"turns":2.0},{"damage":20.0,"enemies":"3 Sentries","floor":7.0,"turns":5.0},{"damage":11.0,"enemies":"Gremlin Nob","floor":10.0,"turns":3.0},{"damage":20.0,"enemies":"Lagavulin","floor":12.0,"turns":6.0},{"damage":4.0,"enemies":"Jaw Worm","floor":13.0,"turns":3.0},{"damage":0,"enemies":"Gremlin Gang","floor":14,"turns":3},{"damage":11,"enemies":"Hexaghost","floor":16,"turns":4}],"seed_played":"969441835147984726","potions_obtained":[{"floor":1.0,"key":"Fire Potion"},{"floor":2.0,"key":"Energy Potion"}],"is_trial":false,"path_per_floor":["M","M","?","?","?","R","E","R","T","E","R","E","M","M","R","B"],"character_chosen":"WATCHER","items_purchased":[],"campfire_rested":1,"item_purchase_floors":[],"current_hp_per_floor":[61,61,50,43,43,43,23,23,23,12,32,12,8,8,8,0,0],"gold":335,"neow_bonus":"RANDOM_COMMON_RELIC","is_daily":false,"chose_seed":false,"campfire_upgraded":3,"win_rate":0.0,"timestamp":1608668269,"path_taken":["M","M","?","?","?","R","E","R","T","E","R","E","M","?","R","BOSS"],"items_purchased_type":[],"build_version":"2020-12-13","purchased_purges":0,"victory":false,"max_hp_per_floor":[68,68,68,68,68,68,68,68,68,68,68,68,68,68,68,68,68],"card_choices":[{"not_picked":["Indignation","ClearTheMind","Weave"],"picked":"SKIP","floor":1.0},{"not_picked":["PathToVictory","FlyingSleeves"],"picked":"CrushJoints","floor":2.0},{"not_picked":["Pray","Collect"],"picked":"Meditate","floor":7.0},{"not_picked":["Study","Meditate","JustLucky"],"picked":"SKIP","floor":10.0},{"not_picked":["Crescendo","PathToVictory","FollowUp"],"picked":"SKIP","floor":12.0},{"not_picked":["Prostrate","JustLucky","FollowUp"],"picked":"SKIP","floor":13.0},{"not_picked":["EmptyBody","Consecrate"],"picked":"InnerPeace","floor":14}],"player_experience":2770720,"relics_obtained":[{"floor":7.0,"key":"Sundial"},{"floor":9.0,"key":"Tiny Chest"},{"floor":10.0,"key":"CaptainsWheel"},{"floor":12.0,"key":"Boot"}],"event_choices":[{"damage_healed":0.0,"max_hp_gain":0.0,"max_hp_loss":0.0,"gold_gain":75.0,"event_name":"World of Goop","player_choice":"Gather Gold","floor":3.0,"gold_loss":0.0,"damage_taken":11.0},{"cards_removed":["Defend_P"],"damage_healed":0.0,"max_hp_gain":0.0,"max_hp_loss":0.0,"gold_gain":0.0,"event_name":"Golden Wing","player_choice":"Card Removal","floor":4.0,"gold_loss":0.0,"damage_taken":7.0},{"cards_removed":["Strike_P"],"damage_healed":0.0,"max_hp_gain":0.0,"max_hp_loss":0.0,"gold_gain":0.0,"event_name":"Wheel of Change","player_choice":"Card Removal","floor":5.0,"gold_loss":0.0,"damage_taken":0.0}],"is_beta":false,"boss_relics":[],"items_purged_floors":[],"is_endless":false,"potions_floor_spawned":[1,2],"killed_by":"Hexaghost","ascension_level":20}}