{"host":"daa8jqyg4gqfaysm","time":1608638639,"event":{"mods":["BaseMod","Colored Powertips","Minty Spire (QoL Compilation)","StSLib"],"gold_per_floor":[109,128,146,54,66,66,95,95,119,154,154,173,173,189,189,189,189],"floor_reached":16,"playtime":391,"items_purged":[],"score":224,"play_id":"f80bc89b-8665-4210-b8d4-6cdcb375a2d2","local_time":"20201222200359","is_ascension_mode":true,"campfire_choices":[{"data":"Neutralize","floor":6,"key":"SMITH"},{"floor":11,"key":"REST"},{"data":"Dodge and Roll","floor":13,"key":"SMITH"},{"data":"Dash","floor":15,"key":"SMITH"}],"circlet_count":0,"master_deck":["AscendersBane","Strike_G","Strike_G","Strike_G","Strike_G","Strike_G","Defend_G","Defend_G","Defend_G","Defend_G","Defend_G","Survivor","Neutralize+1","Eviscerate+1","Dash+1","Backflip","Blur","Dodge and Roll+1"],"relics":["Busted Crown","Ancient Tea Set","Regal Pillow","Anchor"],"acts_visited":["Exordium"],"potions_floor_usage":[5,7],"damage_taken":[{"damage":0,"enemies":"Jaw Worm","floor":1,"turns":6},{"damage":0,"enemies":"Cultist","floor":2,"turns":5},{"damage":0,"enemies":"2 Louse","floor":3,"turns":3},{"damage":0,"enemies":"Looter","floor":5,"turns":3},{"damage":28,"enemies":"Gremlin Nob","floor":7,"turns":5},{"damage":15,"enemies":"3 Sentries","floor":10,"turns":8},{"damage":0,"enemies":"Exordium Wildlife","floor":12,"turns":2},{"damage":0,"enemies":"3 Louse","floor":14,"turns":5},{"damage":57,"enemies":"Slime Boss","floor":16,"turns":10}],"seed_played":"-5814192646464975066","potions_obtained":[{"floor":1,"key":"Poison Potion"},{"floor":2,"key":"Ancient Potion"},{"floor":5,"key":"PowerPotion"}],"is_trial":false,"path_per_floor":["M","M","M","$","M","R","E","?","T","E","R","M","R","M","R","B"],"character_chosen":"THE_SILENT","items_purchased":["Dash","Backflip"],"campfire_rested":1,"item_purchase_floors":[4,4],"current_hp_per_floor":[59,59,59,59,59,59,31,31,31,16,50,50,50,50,50,0,0],"gold":189,"neow_bonus":"BOSS_RELIC","is_daily":false,"chose_seed":false,"campfire_upgraded":3,"win_rate":0.0,"timestamp":1608638639,"path_taken":["M","M","M","$","M","R","E","?","T","E","R","?","R","M","R","BOSS"],"items_purchased_type":["Card","Card"],"build_version":"2020-12-13","purchased_purges":0,"victory":false,"max_hp_per_floor":[66,66,66,66,66,66,66,66,66,66,66,66,66,66,66,66,66],"card_choices":[{"not_picked":["Endless Agony"],"picked":"SKIP","floor":1},{"not_picked":["Underhanded Strike"],"picked":"SKIP","floor":2},{"not_picked":[],"picked":"Eviscerate","floor":3},{"not_picked":["Sucker Punch"],"picked":"SKIP","floor":5},{"not_picked":[],"picked":"Blur","floor":7},{"not_picked":[],"picked":"Dodge and Roll","floor":10},{"not_picked":["Cloak And Dagger"],"picked":"SKIP","floor":12},{"not_picked":["Concentrate"],"picked":"SKIP","floor":14}],"player_experience":716433,"relics_obtained":[{"floor":7,"key":"Ancient Tea Set"},{"floor":9,"key":"Regal Pillow"},{"floor":10,"key":"Anchor"}],"event_choices":[{"damage_healed":0,"gold_gain":0,"player_choice":"Upgraded","damage_taken":0,"max_hp_gain":0,"max_hp_loss":0,"event_name":"Upgrade Shrine","floor":8,"gold_loss":0,"cards_upgraded":["Eviscerate"]}],"is_beta":false,"boss_relics":[],"items_purged_floors":[],"is_endless":false,"potions_floor_spawned":[1,2,3,5],"killed_by":"Slime Boss","ascension_level":20}}