{"host":"00tqcjwpycel7e54","time":1608639554,"event":{"mods":["ATMod(阿瑾Mod)","BaseMod","Colored Powertips","Displayed Cursed Tome","Downfall","Hermit","Highlight Path","Luminous","Marisa（F雨　魔理沙）","Minty Spire (QoL Compilation)","Remilia（蕾米莉亚）","Replay The Spire","Robot Space Explorer","Shop Mod","Spicy Shops","StSLib","The Administrix","The Bug Knight","The Cursed","The Dragon Tamer","The Gatherer","The Hierophant","The Runesmith","The Senshi","The Servant 0.9.4","WarShipGirlsR/战舰少女R mod","Youmu（魂魄妖梦）","Yuyuko","【东方二次创作】八云紫mod","【遗物卡牌】REMEMod"],"gold_per_floor":[113,133,147,162,312,342,354,354,354,354,354],"floor_reached":10,"playtime":350,"items_purged":[],"score":133,"play_id":"9a6d272d-16d3-405a-8012-3486f03d1f99","local_time":"20201222201914","is_ascension_mode":true,"campfire_choices":[{"floor":8,"key":"REST"}],"circlet_count":0,"master_deck":["AscendersBane","Strike_G","Strike_G","Strike_G","Strike_G+1","Strike_G","Defend_G+1","Defend_G","Defend_G","Defend_G","Defend_G","Survivor","Neutralize","AT_ChampionKick","Choke","Dagger Spray","Backflip","Leg Sweep","Doubt","Skewer","Cloak And Dagger"],"relics":["Ring of the Snake","AT_ATBox","REME_ComplimentaryCards","NeowsBlessing","Simple Rune","HollowMod:LifeEnderRelic"],"acts_visited":["Exordium"],"potions_floor_usage":[10,10],"damage_taken":[{"damage":0,"enemies":"Small Slimes","floor":1,"turns":1},{"damage":0,"enemies":"Jaw Worm","floor":2,"turns":1},{"damage":0,"enemies":"Cultist","floor":3,"turns":1},{"damage":1,"enemies":"Looter","floor":4,"turns":3},{"damage":27,"enemies":"3 Sentries","floor":6,"turns":6},{"damage":9,"enemies":"Large Slime","floor":7,"turns":7},{"damage":50,"enemies":"Gremlin Nob","floor":10,"turns":4}],"seed_played":"-629335967742000553","potions_obtained":[{"floor":1,"key":"Elixir"},{"floor":2,"key":"Toxic Potion"},{"floor":4,"key":"FearPotion"},{"floor":6,"key":"PowerPotion"}],"is_trial":false,"path_per_floor":["M","M","M","M","?","E","M","R","T","E"],"character_chosen":"THE_SILENT","items_purchased":[],"campfire_rested":1,"item_purchase_floors":[],"current_hp_per_floor":[59,59,59,58,58,31,22,41,41,0,0],"gold":354,"neow_bonus":"THREE_ENEMY_KILL","is_daily":false,"chose_seed":false,"campfire_upgraded":0,"win_rate":0.0,"timestamp":1608639554,"path_taken":["M","M","M","M","?","E","M","R","T","E"],"items_purchased_type":[],"build_version":"2020-12-13","purchased_purges":0,"victory":false,"max_hp_per_floor":[66,66,66,66,66,66,66,66,66,66,66],"card_choices":[{"not_picked":["Acrobatics","Flying Knee"],"picked":"Choke","floor":1},{"not_picked":["AT_KneejerkReflex","Flechettes"],"picked":"Dagger Spray","floor":2},{"not_picked":["Hidden Blade","Outmaneuver"],"picked":"Backflip","floor":3},{"not_picked":["Deadly Poison","AT_WomanClash"],"picked":"Leg Sweep","floor":4},{"not_picked":["Deadly Poison","Slice"],"picked":"Skewer","floor":6},{"not_picked":["Prepared","Blur"],"picked":"Cloak And Dagger","floor":7}],"player_experience":687411,"relics_obtained":[{"floor":6,"key":"Simple Rune"},{"floor":9,"key":"HollowMod:LifeEnderRelic"}],"event_choices":[{"damage_healed":0,"gold_gain":150,"player_choice":"AGREE","damage_taken":0,"max_hp_gain":0,"max_hp_loss":0,"event_name":"Liars Game","floor":5,"gold_loss":0,"cards_obtained":["Doubt"]}],"is_beta":false,"boss_relics":[],"items_purged_floors":[],"is_endless":false,"potions_floor_spawned":[1,2,4,6],"killed_by":"Gremlin Nob","ascension_level":18}}