{"host":"gfybn4j1d26rvz5e","time":1608606834,"event":{"mods":["BaseMod","Better Altar","Better Match","Better Note","Better Sensory Stone","Better Skull","Better Third Choice","BetterRewards","Highlight Path","Minty Spire (QoL Compilation)","Random Character Button","Relic Stats","StSLib"],"gold_per_floor":[113,38,48,62,76,86,86,118,142,142,177,193,203,220,220,325,325,343,343,363,24,24,24,39,71,123,123,135,135,63,63,63],"floor_reached":31,"playtime":1601,"items_purged":["Strike_B","Strike_B"],"score":282,"play_id":"314a4b9d-3d7c-4fa6-a0b2-b70d9f0e4cd1","local_time":"20201221211354","is_ascension_mode":true,"campfire_choices":[{"data":"Sunder","floor":7,"key":"SMITH"},{"data":"Go for the Eyes","floor":15,"key":"SMITH"},{"data":"Seek","floor":23,"key":"SMITH"},{"data":"All For One","floor":27,"key":"SMITH"}],"circlet_count":0,"master_deck":["Strike_B","Strike_B","Defend_B","Defend_B","Defend_B","Defend_B","Zap","Dualcast","Go for the Eyes+1","Sweeping Beam","Sunder+1","Cold Snap","BootSequence","Rebound","Ball Lightning","Seek+1","All For One+1","White Noise","Defragment"],"relics":["Cracked Core","Toy Ornithopter","PreservedInsect","Centennial Puzzle","Snecko Eye","Bottled Lightning","Dream Catcher","Juzu Bracelet"],"acts_visited":["Exordium","TheCity"],"potions_floor_usage":[],"damage_taken":[{"damage":1,"enemies":"2 Louse","floor":1,"turns":3},{"damage":0,"enemies":"Cultist","floor":3,"turns":3},{"damage":1,"enemies":"Jaw Worm","floor":4,"turns":4},{"damage":2,"enemies":"Exordium Thugs","floor":5,"turns":4},{"damage":12,"enemies":"Looter","floor":6,"turns":3},{"damage":15,"enemies":"Lagavulin","floor":8,"turns":5},{"damage":8,"enemies":"3 Sentries","floor":11,"turns":4},{"damage":0,"enemies":"Lots of Slimes","floor":12,"turns":3},{"damage":0,"enemies":"Large Slime","floor":13,"turns":4},{"damage":0,"enemies":"Looter","floor":14,"turns":2},{"damage":29,"enemies":"Hexaghost","floor":16,"turns":9},{"damage":13,"enemies":"2 Thieves","floor":18,"turns":4},{"damage":0,"enemies":"Chosen","floor":20,"turns":3},{"damage":26,"enemies":"Sentry and Sphere","floor":24,"turns":5},{"damage":7,"enemies":"Slavers","floor":25,"turns":2},{"damage":36,"enemies":"3 Cultists","floor":28,"turns":4},{"damage":0,"enemies":"Colosseum Slavers","floor":29,"turns":2},{"damage":16,"enemies":"Book of Stabbing","floor":31,"turns":3}],"seed_played":"4280616923046060877","potions_obtained":[{"floor":3,"key":"SpeedPotion"},{"floor":5,"key":"Fire Potion"},{"floor":10,"key":"EssenceOfDarkness"}],"is_trial":false,"path_per_floor":["M","$","M","M","M","M","R","E","T","?","E","M","M","M","R","B",null,"M","?","M","$","?","R","M","E","T","R","M","?","$","E"],"character_chosen":"DEFECT","items_purchased":["Bottled Lightning","Defragment"],"campfire_rested":0,"item_purchase_floors":[21,30],"current_hp_per_floor":[81,81,81,80,78,66,66,51,51,51,43,43,43,43,43,14,82,69,69,69,69,82,82,56,49,49,49,13,13,13,0,0],"gold":63,"neow_bonus":"TEN_PERCENT_HP_BONUS","is_daily":false,"chose_seed":false,"campfire_upgraded":4,"win_rate":0.0,"timestamp":1608606834,"path_taken":["M","$","M","M","M","M","R","E","T","?","E","M","M","?","R","BOSS","M","?","M","$","?","R","M","E","T","R","M","?","$","E"],"items_purchased_type":["Relic","Card"],"build_version":"2020-12-13","purchased_purges":2,"victory":false,"max_hp_per_floor":[82,82,82,82,82,82,82,82,82,82,82,82,82,82,82,82,82,82,82,82,82,82,82,82,82,82,82,82,82,82,82,82],"relic_stats":{"Centennial Puzzle":[18],"Dream Catcher":0,"counters":[39,167],"Snecko Eye":[44,51,56,30],"PreservedInsect":110,"Juzu Bracelet":1,"obtain_stats":[{"Ice Cream":0,"Potion Belt":9,"Regal Pillow":46,"The Specimen":26,"Enchiridion":29,"HoveringKite":34,"PreservedInsect":9,"Juzu Bracelet":26,"Letter Opener":25,"Boot":43,"Mercury Hourglass":46,"Sozu":17,"Centennial Puzzle":11,"Dream Catcher":25,"Matryoshka":28,"Ninja Scroll":23,"Snecko Eye":17,"Prayer Wheel":47,"Art of War":43,"Bottled Lightning":21,"InkBottle":7,"Toy Ornithopter":8,"Ring of the Snake":0},{"Ice Cream":0,"Potion Belt":3,"Regal Pillow":18,"The Specimen":12,"Enchiridion":13,"HoveringKite":15,"PreservedInsect":27,"Juzu Bracelet":36,"Letter Opener":12,"Boot":18,"Mercury Hourglass":18,"Sozu":6,"Centennial Puzzle":28,"Dream Catcher":36,"Matryoshka":13,"Ninja Scroll":10,"Snecko Eye":32,"Prayer Wheel":19,"Art of War":18,"Bottled Lightning":34,"InkBottle":2,"Toy Ornithopter":27,"Ring of the Snake":0},{"Ice Cream":0,"Potion Belt":13,"Regal Pillow":81,"The Specimen":52,"Enchiridion":56,"HoveringKite":69,"PreservedInsect":122,"Juzu Bracelet":158,"Letter Opener":52,"Boot":81,"Mercury Hourglass":81,"Sozu":25,"Centennial Puzzle":126,"Dream Catcher":158,"Matryoshka":56,"Ninja Scroll":42,"Snecko Eye":144,"Prayer Wheel":85,"Art of War":81,"Bottled Lightning":151,"InkBottle":11,"Toy Ornithopter":122,"Ring of the Snake":0}],"Toy Ornithopter":0},"card_choices":[{"not_picked":["Self Repair","Coolheaded"],"picked":"Go for the Eyes","floor":1},{"not_picked":["Stack","Blizzard","Compile Driver"],"picked":"SKIP","floor":3},{"not_picked":["Compile Driver","Conserve Battery"],"picked":"Sweeping Beam","floor":4},{"not_picked":["Melter","Conserve Battery"],"picked":"Sunder","floor":5},{"not_picked":["Sweeping Beam","BootSequence"],"picked":"Cold Snap","floor":6},{"not_picked":["Steam Power","Reprogram"],"picked":"BootSequence","floor":8},{"not_picked":["Genetic Algorithm","Recycle"],"picked":"Rebound","floor":11},{"not_picked":["Go for the Eyes","Coolheaded"],"picked":"Ball Lightning","floor":12},{"not_picked":["Aggregate","Ball Lightning","Thunder Strike"],"picked":"SKIP","floor":13},{"not_picked":["Conserve Battery","Loop","FTL"],"picked":"SKIP","floor":14},{"not_picked":["Creative AI","Core Surge"],"picked":"Seek","floor":16},{"not_picked":["Turbo","Genetic Algorithm","Loop"],"picked":"SKIP","floor":18},{"not_picked":["Gash","Beam Cell","Scrape"],"picked":"SKIP","floor":20},{"not_picked":["Ball Lightning","Compile Driver"],"picked":"All For One","floor":24},{"not_picked":["Barrage","Hologram"],"picked":"White Noise","floor":25},{"not_picked":["Go for the Eyes","Beam Cell","Compile Driver"],"picked":"SKIP","floor":28}],"player_experience":638948,"relics_obtained":[{"floor":8,"key":"Toy Ornithopter"},{"floor":9,"key":"PreservedInsect"},{"floor":11,"key":"Centennial Puzzle"},{"floor":25,"key":"Dream Catcher"},{"floor":26,"key":"Juzu Bracelet"}],"event_choices":[{"damage_healed":0,"gold_gain":0,"player_choice":"Got Potions","damage_taken":0,"max_hp_gain":0,"max_hp_loss":0,"event_name":"Lab","floor":10,"gold_loss":0},{"cards_removed":["Defend_B"],"damage_healed":0,"gold_gain":0,"player_choice":"Give","damage_taken":0,"max_hp_gain":0,"max_hp_loss":0,"event_name":"betterNote:BetterNote","floor":19,"gold_loss":0,"cards_obtained":["Defend_G"]},{"damage_healed":13,"gold_gain":0,"player_choice":"Full Heal","damage_taken":0,"max_hp_gain":0,"max_hp_loss":0,"event_name":"Wheel of Change","floor":22,"gold_loss":0},{"damage_healed":0,"gold_gain":0,"player_choice":"Fight","damage_taken":0,"max_hp_gain":0,"max_hp_loss":0,"event_name":"Colosseum","floor":29,"gold_loss":0},{"damage_healed":0,"gold_gain":0,"player_choice":"Fled From Nobs","damage_taken":0,"max_hp_gain":0,"max_hp_loss":0,"event_name":"Colosseum","floor":29,"gold_loss":0}],"is_beta":false,"boss_relics":[{"not_picked":["Black Star","FrozenCore"],"picked":"Snecko Eye"}],"items_purged_floors":[2,21],"is_endless":false,"potions_floor_spawned":[3,5,11,12,16,18,20,29],"killed_by":"Book of Stabbing","ascension_level":1}}