{"host":"0luxfixkkfk9wck3","time":1608605182,"event":{"mods":["BaseMod","Downfall","Highlight Path","Minty Spire (QoL Compilation)","StSLib"],"gold_per_floor":[199,199,214,225,243,287,287,212,246,246,59,44,101,201,211,211,211],"floor_reached":16,"playtime":1146,"items_purged":[],"score":110,"play_id":"2613105c-0584-45f0-9aa7-bcc57407bcb2","local_time":"20201221204622","is_ascension_mode":true,"campfire_choices":[{"data":"sneckomod:SnekBite","floor":1,"key":"SMITH"},{"data":"sneckomod:Cheat","floor":8,"key":"SMITH"},{"data":"sneckomod:SoulCleanse","floor":10,"key":"SMITH"}],"circlet_count":0,"master_deck":["sneckomod:Strike","sneckomod:Strike","sneckomod:Defend","sneckomod:Defend","sneckomod:Defend","sneckomod:TailWhip","sneckomod:SnekBite+1","sneckomod:Unknown","sneckomod:Unknown","sneckomod:Cheat+1","sneckomod:UnknownStrength","sneckomod:IronFang","sneckomod:UnknownClassSLIMEBOUND","sneckomod:SoulCleanse+1","sneckomod:Restock","sneckomod:SoulExchange","expansioncontent:DashGenerateEvil","sneckomod:IronFang","sneckomod:Nope"],"relics":["sneckomod:SneckoSoul","downfall:HeartBlessingBlue","FossilizedHelix","Question Card"],"acts_visited":["Exordium"],"potions_floor_usage":[16,16],"damage_taken":[{"damage":5,"enemies":"2 Louse","floor":3,"turns":3},{"damage":0,"enemies":"Cultist","floor":4,"turns":3},{"damage":2,"enemies":"Jaw Worm","floor":5,"turns":2},{"damage":21,"enemies":"2 Fungi Beasts","floor":6,"turns":4},{"damage":22,"enemies":"Lagavulin","floor":9,"turns":8},{"damage":0,"enemies":"downfall:FleeingMerchant","floor":11,"turns":4},{"damage":0,"enemies":"downfall:FleeingMerchant","floor":12,"turns":4},{"damage":9,"enemies":"Gremlin Nob","floor":13,"turns":7},{"damage":8,"enemies":"3 Louse","floor":15,"turns":3},{"damage":62,"enemies":"downfall:Defect","floor":16,"turns":6}],"seed_played":"605259167561166055","potions_obtained":[{"floor":5,"key":"ColorlessPotion"},{"floor":13,"key":"hexamod:EctoCoolerPotion"},{"floor":15,"key":"LiquidBronze"}],"is_trial":false,"path_per_floor":["R","?","M","M","M","M","T","R","E","R","$","$","?","?","M","B"],"character_chosen":"THE_SNECKO","items_purchased":["expansioncontent:DashGenerateEvil"],"campfire_rested":0,"item_purchase_floors":[11],"current_hp_per_floor":[90,90,86,86,85,83,83,93,75,75,75,79,70,70,62,0,0],"gold":211,"neow_bonus":"HUNDRED_GOLD","is_daily":false,"chose_seed":false,"campfire_upgraded":3,"win_rate":0.0,"timestamp":1608605182,"path_taken":["R","?","M","?","M","M","T","R","E","R","?","$","?","?","M","BOSS"],"items_purchased_type":["Card"],"build_version":"2020-12-13","purchased_purges":0,"victory":false,"max_hp_per_floor":[90,90,91,91,92,92,92,102,102,102,102,102,102,102,102,102,102],"card_choices":[{"not_picked":["sneckomod:WideSting","sneckomod:RainOfDice"],"picked":"sneckomod:UnknownStrength","floor":3},{"not_picked":["sneckomod:UnknownEthereal","sneckomod:UnknownBlock"],"picked":"sneckomod:IronFang","floor":4},{"not_picked":["sneckomod:WideSting","sneckomod:UnknownVulnerable"],"picked":"sneckomod:UnknownClassSLIMEBOUND","floor":5},{"not_picked":["sneckomod:UnknownBlock","sneckomod:SnekBeam"],"picked":"sneckomod:SoulCleanse","floor":6},{"not_picked":["sneckomod:UnknownBlock","sneckomod:DiceCrush"],"picked":"sneckomod:Restock","floor":9},{"not_picked":["sneckomod:ImprovisedGuard","sneckomod:Unknown2Cost"],"picked":"sneckomod:SoulExchange","floor":11},{"not_picked":["sneckomod:UnknownClassHEXA_GHOST_PURPLE","sneckomod:UnknownCommonAttack","sneckomod:MixItUp"],"picked":"SKIP","floor":12},{"not_picked":["sneckomod:UnknownClassGREEN","sneckomod:UnknownStrength"],"picked":"sneckomod:IronFang","floor":13},{"not_picked":["sneckomod:DiceCrush","sneckomod:RainOfDice","sneckomod:UnknownWeak"],"picked":"sneckomod:Nope","floor":15}],"player_experience":10521925,"relics_obtained":[{"floor":9,"key":"FossilizedHelix"},{"floor":13,"key":"Question Card"}],"event_choices":[{"damage_healed":0,"gold_gain":0,"cards_transformed":["sneckomod:Strike"],"player_choice":"Transformed","damage_taken":0,"max_hp_gain":0,"max_hp_loss":0,"event_name":"Transmorgrifier","floor":2,"gold_loss":0,"cards_obtained":["sneckomod:Cheat"]}],"is_beta":false,"boss_relics":[],"items_purged_floors":[],"is_endless":false,"potions_floor_spawned":[5,13,15],"killed_by":"downfall:Defect","ascension_level":2}}