{"host":"yo9wwslrag05lh37","time":1608603291,"event":{"mods":["AchievementEnabler","BaseMod","Block Reminder","Colored Map","Colored Powertips","GifTheSpireLib","HexUI Lib","Highlight Path","Minty Spire (QoL Compilation)","Rare Cards Sparkle","Relic Stats","StSLib","everything is the same but u backflip on backflip"],"gold_per_floor":[110,121,121,9,9,9,159,159,159,1,36,56,99,123,123,217,217,238,256,269,319,333,333,333,333],"floor_reached":24,"playtime":913,"items_purged":["Regret","Doubt"],"score":412,"play_id":"472a58db-caeb-4556-96a1-3308c2a686ff","local_time":"20201222031451","is_ascension_mode":true,"campfire_choices":[{"data":"Carnage","floor":6.0,"key":"SMITH"},{"data":"Cleave","floor":8.0,"key":"SMITH"},{"floor":15.0,"key":"REST"},{"floor":23.0,"key":"REST"}],"circlet_count":0,"master_deck":["AscendersBane","Strike_R","Strike_R","Strike_R","Strike_R","Strike_R","Defend_R","Defend_R","Defend_R","Defend_R","Bash+1","Cleave+1","Carnage+1","Shrug It Off","Metallicize+1","Anger","Reaper","Hemokinesis","Reaper","Armaments+1"],"relics":["Burning Blood","Golden Idol","Eternal Feather","Frozen Egg 2","Mummified Hand","Snecko Eye"],"acts_visited":["Exordium","TheCity"],"potions_floor_usage":[24],"damage_taken":[{"damage":4.0,"enemies":"Cultist","floor":1.0,"turns":3.0},{"damage":18.0,"enemies":"Jaw Worm","floor":2.0,"turns":4.0},{"damage":32.0,"enemies":"Gremlin Nob","floor":11.0,"turns":4.0},{"damage":0.0,"enemies":"2 Louse","floor":12.0,"turns":3.0},{"damage":11.0,"enemies":"3 Sentries","floor":13.0,"turns":5.0},{"damage":12.0,"enemies":"Lots of Slimes","floor":14.0,"turns":3.0},{"damage":42.0,"enemies":"The Guardian","floor":16.0,"turns":12.0},{"damage":33.0,"enemies":"2 Thieves","floor":18.0,"turns":4.0},{"damage":2.0,"enemies":"Spheric Guardian","floor":19.0,"turns":1.0},{"damage":29.0,"enemies":"3 Cultists","floor":20.0,"turns":6.0},{"damage":39.0,"enemies":"Centurion and Healer","floor":22.0,"turns":9.0},{"damage":75,"enemies":"Book of Stabbing","floor":24,"turns":5}],"seed_played":"-7882405036964986661","potions_obtained":[{"floor":11.0,"key":"EntropicBrew"},{"floor":13.0,"key":"Fire Potion"},{"floor":16.0,"key":"Energy Potion"},{"floor":18.0,"key":"Fruit Juice"},{"floor":20.0,"key":"Weak Potion"}],"is_trial":false,"path_per_floor":["M","M","?","$","?","R","?","R","T","$","E","M","E","M","R","B",null,"M","M","M","?","M","R","E"],"character_chosen":"IRONCLAD","items_purchased":["Carnage","Shrug It Off"],"campfire_rested":2,"item_purchase_floors":[4,10],"current_hp_per_floor":[84,72,72,72,41,41,41,41,41,41,15,21,16,10,45,9,69,46,50,39,39,22,60,0,0],"gold":333,"neow_bonus":"TWENTY_PERCENT_HP_BONUS","is_daily":false,"chose_seed":false,"campfire_upgraded":2,"win_rate":0.0,"timestamp":1608603291,"path_taken":["M","M","?","$","?","R","?","R","T","$","E","?","E","M","R","BOSS","M","M","?","?","M","R","E"],"items_purchased_type":["Card","Card"],"build_version":"2020-12-13","purchased_purges":2,"victory":false,"max_hp_per_floor":[89,89,89,89,89,89,89,89,89,89,89,89,89,89,89,89,89,89,89,89,89,89,89,94,94],"relic_stats":{"counters":[12,59],"Golden Idol":58,"Mummified Hand":[3],"Snecko Eye":[41,36,45,50],"Eternal Feather":21,"obtain_stats":[{"Golden Idol":5,"Mummified Hand":13,"Snecko Eye":17,"Eternal Feather":9,"Frozen Egg 2":11,"Burning Blood":0},{"Golden Idol":2,"Mummified Hand":5,"Snecko Eye":7,"Eternal Feather":2,"Frozen Egg 2":3,"Burning Blood":0},{"Golden Idol":7,"Mummified Hand":19,"Snecko Eye":34,"Eternal Feather":7,"Frozen Egg 2":11,"Burning Blood":0}],"Burning Blood":66},"card_choices":[{"not_picked":["Perfected Strike","Clash","Body Slam"],"picked":"SKIP","floor":1.0},{"not_picked":["Clothesline","Battle Trance"],"picked":"Cleave","floor":2.0},{"not_picked":["Combust+1","Pummel"],"picked":"Metallicize+1","floor":11.0},{"not_picked":["Wild Strike","Blood for Blood","Pummel"],"picked":"SKIP","floor":12.0},{"not_picked":["Havoc","Dark Embrace+1","Shrug It Off"],"picked":"SKIP","floor":13.0},{"not_picked":["Clash","Second Wind"],"picked":"Anger","floor":14.0},{"not_picked":["Bludgeon","Fiend Fire"],"picked":"Reaper","floor":16.0},{"not_picked":["Armaments","Thunderclap"],"picked":"Hemokinesis","floor":18.0},{"not_picked":["Twin Strike","Searing Blow","Intimidate"],"picked":"SKIP","floor":19.0},{"not_picked":["Thunderclap+1","Havoc"],"picked":"Reaper","floor":20.0},{"not_picked":["Sentinel","Uppercut"],"picked":"Armaments+1","floor":22.0}],"player_experience":1377587,"relics_obtained":[{"floor":9.0,"key":"Eternal Feather"},{"floor":11.0,"key":"Frozen Egg 2"},{"floor":13.0,"key":"Mummified Hand"}],"event_choices":[{"damage_healed":0.0,"max_hp_gain":0.0,"max_hp_loss":0.0,"gold_gain":0.0,"event_name":"Living Wall","player_choice":"Grow","floor":3.0,"gold_loss":0.0,"damage_taken":0.0,"cards_upgraded":["Bash"]},{"damage_healed":0.0,"max_hp_gain":0.0,"max_hp_loss":0.0,"gold_gain":0.0,"event_name":"Golden Idol","player_choice":"Take Damage","floor":5.0,"gold_loss":0.0,"damage_taken":31.0,"relics_obtained":["Golden Idol"]},{"damage_healed":0.0,"max_hp_gain":0.0,"max_hp_loss":0.0,"gold_gain":150.0,"event_name":"Liars Game","player_choice":"AGREE","floor":7.0,"gold_loss":0.0,"damage_taken":0.0,"cards_obtained":["Doubt"]},{"damage_healed":0.0,"max_hp_gain":0.0,"max_hp_loss":0.0,"gold_gain":100.0,"event_name":"The Joust","player_choice":"Bet on Murderer","floor":21.0,"gold_loss":50.0,"damage_taken":0.0}],"is_beta":false,"boss_relics":[{"not_picked":["SacredBark","Black Blood"],"picked":"Snecko Eye"}],"items_purged_floors":[4,10],"is_endless":false,"potions_floor_spawned":[11,13,16,18,20],"killed_by":"Book of Stabbing","ascension_level":20}}