{"host":"knoo6yq0od847mqf","time":1608666758,"event":{"mods":["BaseMod","Bestiary","CatGirl Mod","Displayed Cursed Tome","Downfall","Hubris","Marisa????????","Minty Spire (QoL Compilation)","Replay The Spire","StSLib","The Alterego","The Bug Knight","The Dragon Tamer"],"gold_per_floor":[364,364,381,237,249,249,249,260,260,291,291,303,316,333,333,333,333],"floor_reached":16,"playtime":665,"items_purged":[],"score":104,"play_id":"462a2928-d1c0-46e2-bb53-bc18491cad37","local_time":"20201222205238","is_ascension_mode":false,"campfire_choices":[{"data":"HollowMod:SlysStrikes","floor":6,"key":"SMITH"},{"data":"HollowMod:ChannelNail","floor":11,"key":"SMITH"},{"data":"HollowMod:QuirrelsAssistance","floor":15,"key":"SMITH"}],"circlet_count":0,"master_deck":["HollowMod:NailStrikeStart","HollowMod:NailStrikeStart","HollowMod:NailStrikeStart","HollowMod:QuickDashStart","HollowMod:QuickDashStart","HollowMod:QuickDashStart","HollowMod:QuickDashStart","HollowMod:FocusHealStart","HollowMod:PogoStrike+1","HollowMod:PerfectDash","HollowMod:SoulVessel","HollowMod:MantisMark","HollowMod:SlysStrikes+1","HollowMod:ChannelNail","HollowMod:SoulEater","HollowMod:QuirrelsAssistance+1","HollowMod:ChannelNail+1","HollowMod:FastStrike","HollowMod:FastStrike"],"relics":["HollowMod:VesselMask","Orrery","HollowMod:KingsBrand"],"acts_visited":["Exordium"],"potions_floor_usage":[10,13],"damage_taken":[{"damage":7,"enemies":"2 Louse","floor":1,"turns":3},{"damage":1,"enemies":"Small Slimes","floor":3,"turns":4},{"damage":1,"enemies":"Cultist","floor":5,"turns":4},{"damage":3,"enemies":"2 Fungi Beasts","floor":8,"turns":5},{"damage":9,"enemies":"Lagavulin","floor":10,"turns":6},{"damage":14,"enemies":"3 Louse","floor":12,"turns":3},{"damage":13,"enemies":"Blue Slaver","floor":13,"turns":4},{"damage":10,"enemies":"2 Fungi Beasts","floor":14,"turns":4},{"damage":28,"enemies":"Slime Boss","floor":16,"turns":6}],"seed_played":"-2836113884790186770","potions_obtained":[{"floor":1,"key":"Swift Potion"},{"floor":5,"key":"Toxic Potion"},{"floor":8,"key":"Weak Potion"},{"floor":12,"key":"Swift Potion"}],"is_trial":false,"path_per_floor":["M","?","M","$","M","R","?","M","T","E","R","M","M","M","R","B"],"character_chosen":"THE_BUGKNIGHT","items_purchased":["Orrery"],"campfire_rested":0,"item_purchase_floors":[4],"current_hp_per_floor":[67,67,68,68,67,67,67,68,68,65,65,51,38,28,28,0,0],"gold":333,"neow_bonus":"TWO_FIFTY_GOLD","is_daily":false,"chose_seed":false,"campfire_upgraded":3,"win_rate":0.0,"timestamp":1608666758,"path_taken":["M","?","M","$","M","R","?","?","T","E","R","M","M","M","R","BOSS"],"items_purchased_type":["Relic"],"build_version":"2020-12-13","purchased_purges":0,"victory":false,"max_hp_per_floor":[68,68,68,68,68,68,68,68,68,68,68,68,68,68,68,68,68],"card_choices":[{"not_picked":["HollowMod:AbyssShriek","HollowMod:InfectedAttack"],"picked":"HollowMod:PerfectDash","floor":1},{"not_picked":["HollowMod:ShadowDash","HollowMod:FallenFury"],"picked":"HollowMod:SoulVessel","floor":3},{"not_picked":["HollowMod:DesolateDive","HollowMod:QuirrelsAssistance"],"picked":"HollowMod:MantisMark","floor":4},{"not_picked":["HollowMod:CloakDash","HollowMod:MantisMark"],"picked":"HollowMod:SlysStrikes","floor":4},{"not_picked":["HollowMod:CornifersMapStart","HollowMod:InfectedCysts"],"picked":"HollowMod:ChannelNail","floor":4},{"not_picked":["HollowMod:SoulStrike","HollowMod:SiblingsShadow"],"picked":"HollowMod:SoulEater","floor":4},{"not_picked":["HollowMod:FallenFury","HollowMod:CornifersMapStart"],"picked":"HollowMod:QuirrelsAssistance","floor":4},{"not_picked":["HollowMod:DescendingDark","HollowMod:CrystalDash","HollowMod:TaintedHusks"],"picked":"SKIP","floor":5},{"not_picked":["HollowMod:MothsMistake","HollowMod:HeavyBlow","HollowMod:NewJinnsSoul"],"picked":"SKIP","floor":8},{"not_picked":["HollowMod:VengefulVoid","HollowMod:SiblingsShadow"],"picked":"HollowMod:ChannelNail","floor":10},{"not_picked":["HollowMod:SharpenedShadows","HollowMod:InfectedCysts","HollowMod:CycloneSlash"],"picked":"SKIP","floor":12},{"not_picked":["HollowMod:SoulVessel","HollowMod:TaintedHusks"],"picked":"HollowMod:FastStrike","floor":13},{"not_picked":["HollowMod:GrimmsGift","HollowMod:HeavyBlow"],"picked":"HollowMod:FastStrike","floor":14}],"player_experience":198867,"relics_obtained":[{"floor":10,"key":"HollowMod:KingsBrand"}],"event_choices":[{"damage_healed":0,"gold_gain":0,"player_choice":"Grow","damage_taken":0,"max_hp_gain":0,"max_hp_loss":0,"event_name":"Living Wall","floor":2,"gold_loss":0,"cards_upgraded":["HollowMod:PogoStrike"]},{"cards_removed":["HollowMod:NailStrikeStart"],"damage_healed":0,"gold_gain":0,"player_choice":"Purged","damage_taken":0,"max_hp_gain":0,"max_hp_loss":0,"event_name":"Purifier","floor":7,"gold_loss":0}],"is_beta":false,"boss_relics":[],"items_purged_floors":[],"is_endless":false,"potions_floor_spawned":[1,5,8,12],"killed_by":"Slime Boss","ascension_level":0}}