{"host":"gy28cvaawxgarp7n","time":1608681033,"event":{"mods":["BaseMod","Conspire","Downfall","Minty Spire (QoL Compilation)","Replay The Spire","StSLib"],"gold_per_floor":[99,99,111,111,124,124,124,158,108,139,149,183,183,12,58,163,263,188,220,220,264,280,280,358,386,396,306,319,339,470,491,507,626,626,626,668,678,720,795,795,818,672,825,825,901,901,932,1021,1039,1062],"floor_reached":51,"playtime":3411,"items_purged":["Pain","ReplayTheSpireMod:Doomed"],"score":815,"play_id":"6940ac51-324e-4f3f-a329-c4d5b768a38a","local_time":"20201223075033","is_ascension_mode":false,"campfire_choices":[{"data":"ReplayTheSpireMod:Brewmster","floor":1.0,"key":"SMITH"},{"data":"hexamod:GhostflameBarrier","floor":6.0,"key":"SMITH"},{"data":"hexamod:SearingWound","floor":13.0,"key":"SMITH"},{"data":"hexamod:TimeWarp","floor":18,"key":"SMITH"},{"data":"hexamod:NightmareGuise","floor":23,"key":"SMITH"},{"data":"hexamod:TimeOfNeed","floor":35,"key":"SMITH"},{"data":"hexamod:EmpoweringStance","floor":40,"key":"SMITH"},{"data":"hexamod:WildfireWeapon","floor":44,"key":"SMITH"},{"data":"hexamod:CrushingStance","floor":46,"key":"SMITH"}],"circlet_count":0,"master_deck":["hexamod:Defend","hexamod:Defend","hexamod:Defend","hexamod:Defend","hexamod:Sear","hexamod:Float","ReplayTheSpireMod:Brewmster+1","hexamod:AdvancingGuard","hexamod:GhostflameBarrier+1","hexamod:SearingWound+1","conspire:SpireCoStock+1","hexamod:AdvancingGuard","hexamod:NightmareGuise+1","hexamod:WildfireWeapon+1","hexamod:SpectersWail","hexamod:SpectersWail","hexamod:TimeWarp+1","hexamod:ThermalTransfer+1","Bite","Bite","Bite","Bite","Bite","hexamod:InspiringFlames+1","hexamod:SpectralAdrenaline+1","hexamod:RadiantFlame","hexamod:HeatMetal+1","hexamod:CrushingStance+1","hexamod:EtherealExpedition","hexamod:Hexaguard+1","hexamod:GhostOfSpireFuture+1","hexamod:Incineration+1","hexamod:TimeOfNeed+1","Clumsy","Slimebound:Icky","hexamod:SecondSeal","hexamod:EmpoweringStance+1","hexamod:EtherealExpedition","ReplayTheSpireMod:Necrogeddon+1","hexamod:WildfireWeapon+1","hexamod:HeatCrush+1","hexamod:SpectersWail+1","ReplayTheSpireMod:Splinters","hexamod:Sear","expansioncontent:Flail+1","hexamod:StepThrough+1","hexamod:SpectersWail+1","hexamod:HeatShield+1"],"relics":["hexamod:SpiritBrand","HornCleat","WarpedTongs","Pear","Anchor","Guide Book","Replay:Wanted Poster","downfall:HeartBlessingGreen","Mercury Hourglass","downfall:CloakOfManyFaces","CultistMask","FaceOfCleric","NlothsMask","GremlinMask","SsserpentHead","Replay:Ancient Bell","ReplayFunnel","hexamod:InflammatoryLetter","Unceasing Top","Replay:Wax Seal","Molten Egg 2","downfall:GremlinSack"],"acts_visited":["Exordium","TheCity","TheBeyond"],"potions_floor_usage":[19,21,22,22,22,25,26,27,27,31,33,33,38,42,42,42,47,49,50,50,50,50],"damage_taken":[{"damage":11.0,"enemies":"Jaw Worm","floor":3.0,"turns":4.0},{"damage":2.0,"enemies":"conspire:RoseBush","floor":5.0,"turns":3.0},{"damage":22.0,"enemies":"Replay:BlueRogue","floor":8.0,"turns":7.0},{"damage":3.0,"enemies":"Cultist","floor":10.0,"turns":4.0},{"damage":2.0,"enemies":"2 Fungi Beasts","floor":11.0,"turns":4.0},{"damage":1.0,"enemies":"Gremlin Nob","floor":12.0,"turns":3.0},{"damage":4.0,"enemies":"downfall:FleeingMerchant","floor":14.0,"turns":4.0},{"damage":2.0,"enemies":"Exordium Wildlife","floor":15.0,"turns":4.0},{"damage":36.0,"enemies":"downfall:Silent","floor":16.0,"turns":10.0},{"damage":14,"enemies":"3 Byrds","floor":19,"turns":4},{"damage":11,"enemies":"Centurion and Healer","floor":21,"turns":7},{"damage":0,"enemies":"downfall:FleeingMerchant","floor":22,"turns":4},{"damage":20,"enemies":"conspire:HollyBat","floor":25,"turns":9},{"damage":5,"enemies":"Cultist and Chosen","floor":26,"turns":6},{"damage":5,"enemies":"downfall:FleeingMerchant","floor":27,"turns":4},{"damage":12,"enemies":"Sentry and Sphere","floor":28,"turns":6},{"damage":5,"enemies":"Snake Plant","floor":29,"turns":3},{"damage":3,"enemies":"downfall:FaceTrader","floor":30,"turns":6},{"damage":7,"enemies":"Chosen and Byrds","floor":31,"turns":5},{"damage":0,"enemies":"Cultist and Chosen","floor":32,"turns":5},{"damage":15,"enemies":"downfall:Ironclad","floor":33,"turns":7},{"damage":0,"enemies":"3 Darklings","floor":36,"turns":6},{"damage":9,"enemies":"3 Shapes","floor":37,"turns":3},{"damage":19,"enemies":"Maw","floor":38,"turns":8},{"damage":17,"enemies":"downfall:FleeingMerchant","floor":42,"turns":3},{"damage":8,"enemies":"downfall:FleeingMerchant","floor":43,"turns":4},{"damage":12,"enemies":"3 Darklings","floor":45,"turns":4},{"damage":7,"enemies":"Spire Growth","floor":47,"turns":6},{"damage":20,"enemies":"Jaw Worm Horde","floor":48,"turns":4},{"damage":0,"enemies":"Sphere and 2 Shapes","floor":49,"turns":4},{"damage":18,"enemies":"downfall:Watcher","floor":50,"turns":9}],"seed_played":"-58474008000331881","potions_obtained":[{"floor":3.0,"key":"Adrenaline Potion"},{"floor":8.0,"key":"Fire Potion"},{"floor":12.0,"key":"EntropicBrew"},{"floor":15.0,"key":"LifebloodPotion"},{"floor":28,"key":"champ:CounterPotion"},{"floor":43,"key":"Fire Potion"},{"floor":45,"key":"PowerPotion"},{"floor":47,"key":"Fruit Juice"},{"floor":49,"key":"Weak Potion"}],"is_trial":false,"path_per_floor":["R","?","M","?","M","R","T","E","?","M","M","E","R","$","M","B",null,"R","M","?","M","$","R","T","M","M","$","M","M","?","M","M","B",null,"R","M","M","M","T","R","T","$","?","R","M","R","M","M","M","B",null],"character_chosen":"THE_SPIRIT","items_purchased":["Guide Book","Molten Egg 2","ReplayTheSpireMod:Necrogeddon+1"],"campfire_rested":0,"item_purchase_floors":[14,42,42],"current_hp_per_floor":[63,60,49,49,47,47,57,35,35,32,30,29,29,27,27,8,73,73,59,59,64,73,73,73,71,73,72,69,73,73,67,75,71,76,76,77,69,65,65,65,65,54,47,47,41,41,46,31,36,45],"gold":1062,"neow_bonus":"RANDOM_COLORLESS_2","is_daily":false,"chose_seed":false,"campfire_upgraded":9,"win_rate":0.0,"timestamp":1608681033,"path_taken":["R","?","M","?","?","R","T","E","?","M","M","E","R","?","M","BOSS","R","M","?","M","$","R","T","M","M","$","M","M","?","M","M","BOSS","R","M","M","M","?","R","T","$","?","R","?","R","M","?","M","BOSS"],"items_purchased_type":["Relic","Relic","Card"],"build_version":"2020-12-13","purchased_purges":2,"victory":true,"max_hp_per_floor":[63,63,63,63,63,63,73,73,73,73,73,73,73,73,73,73,73,73,73,73,73,73,73,73,73,73,73,73,73,73,74,75,76,76,76,77,78,79,79,79,79,80,81,81,82,82,88,89,90,91],"card_choices":[{"not_picked":["The Bomb","Thinking Ahead"],"picked":"ReplayTheSpireMod:Brewmster","floor":0.0},{"not_picked":["hexamod:BurningTouch","hexamod:GhostLash"],"picked":"hexamod:AdvancingGuard","floor":3.0},{"not_picked":["hexamod:GhostOfSpirePresent","hexamod:SkipABeat"],"picked":"hexamod:GhostflameBarrier","floor":5.0},{"not_picked":["hexamod:EmpoweredFlame","hexamod:HeatShield"],"picked":"hexamod:SearingWound","floor":8.0},{"not_picked":["hexamod:GhostOfSpirePast","hexamod:BacktrackSmack"],"picked":"hexamod:AdvancingGuard","floor":10.0},{"not_picked":["hexamod:ChargedBarrage","hexamod:BacktrackSmack"],"picked":"hexamod:NightmareGuise","floor":11.0},{"not_picked":["hexamod:GhostOfSpireFuture","hexamod:FourthSeal"],"picked":"hexamod:WildfireWeapon","floor":12.0},{"not_picked":["hexamod:PhantomFireball","hexamod:NightmareGuise"],"picked":"hexamod:SpectersWail","floor":14.0},{"not_picked":["hexamod:RainOfEmbers","hexamod:FastForward"],"picked":"hexamod:SpectersWail","floor":15.0},{"not_picked":["hexamod:SearingWound","hexamod:TurnItUp"],"picked":"hexamod:TimeWarp","floor":16.0},{"not_picked":["hexamod:Firestarter+1","hexamod:NecessarySacrifice"],"picked":"hexamod:ThermalTransfer+1","floor":19},{"not_picked":["hexamod:SpectralAdrenaline","hexamod:FirstSeal"],"picked":"hexamod:InspiringFlames+1","floor":21},{"not_picked":["hexamod:Rewind+1","hexamod:GhostOfSpirePast"],"picked":"hexamod:SpectralAdrenaline+1","floor":22},{"not_picked":["hexamod:ExtraCrispy","hexamod:GhostOfSpireFuture+1"],"picked":"hexamod:RadiantFlame","floor":25},{"not_picked":["hexamod:AdvancingGuard+1","hexamod:FastForward"],"picked":"hexamod:HeatMetal+1","floor":26},{"not_picked":["hexamod:GhostShield+1","hexamod:PhantomCloak"],"picked":"hexamod:CrushingStance","floor":27},{"not_picked":["hexamod:AdvancingGuard","hexamod:SwordOfDarkness"],"picked":"hexamod:EtherealExpedition","floor":28},{"not_picked":["hexamod:ThermalTransfer","hexamod:BurningTouch"],"picked":"hexamod:Hexaguard+1","floor":29},{"not_picked":["hexamod:InspiringFlames","hexamod:AdvancingGuard"],"picked":"hexamod:GhostOfSpireFuture+1","floor":30},{"not_picked":["hexamod:Haunt","hexamod:BurningTouch+1"],"picked":"hexamod:Incineration+1","floor":31},{"not_picked":["hexamod:HeatCrush","hexamod:Haunt","hexamod:InspiringFlames"],"picked":"SKIP","floor":32},{"not_picked":["hexamod:ParanormalForm","hexamod:HexaLevel"],"picked":"hexamod:TimeOfNeed","floor":33},{"not_picked":["hexamod:Haunted","Voices"],"picked":"Clumsy","floor":34},{"not_picked":["Normality","Replay:Hysterical Blindness"],"picked":"ReplayTheSpireMod:Doomed","floor":34},{"not_picked":["Overencumbered","Replay:Hysterical Blindness"],"picked":"Slimebound:Icky","floor":34},{"not_picked":["hexamod:FastForward","hexamod:ShieldOfDarkness"],"picked":"hexamod:SecondSeal","floor":36},{"not_picked":["hexamod:SwordOfDarkness+1","hexamod:ThermalTransfer+1","hexamod:GhostShield+1"],"picked":"SKIP","floor":37},{"not_picked":["hexamod:AdvancingGuard","hexamod:Haunt"],"picked":"hexamod:EmpoweringStance","floor":38},{"not_picked":["hexamod:BurningTouch","hexamod:Firestarter+1"],"picked":"hexamod:EtherealExpedition","floor":42},{"not_picked":["hexamod:FastForward+1","hexamod:ThermalTransfer+1"],"picked":"hexamod:StepThrough+1","floor":43},{"not_picked":["hexamod:FastForward+1","hexamod:PhantomCloak"],"picked":"hexamod:SpectersWail+1","floor":45},{"not_picked":["hexamod:Firestarter+1","hexamod:GhostLash+1"],"picked":"hexamod:HeatShield+1","floor":47},{"not_picked":["hexamod:RainOfEmbers+1","hexamod:GhostOfSpirePresent","hexamod:SpectersWail+1"],"picked":"SKIP","floor":48},{"not_picked":["hexamod:NightmareStrike+1","hexamod:HauntingEcho+1","hexamod:SearingWound"],"picked":"SKIP","floor":49}],"player_experience":160425,"relics_obtained":[{"floor":7.0,"key":"Pear"},{"floor":8.0,"key":"Anchor"},{"floor":12.0,"key":"Blood Vial"},{"floor":24,"key":"Mercury Hourglass"},{"floor":30,"key":"downfall:CloakOfManyFaces"},{"floor":41,"key":"Replay:Wax Seal"},{"floor":43,"key":"downfall:GremlinSack"}],"event_choices":[{"damage_healed":0.0,"max_hp_gain":0.0,"max_hp_loss":0.0,"gold_gain":0.0,"event_name":"Scrap Ooze","player_choice":"Success","floor":2.0,"gold_loss":0.0,"damage_taken":3.0,"relics_obtained":["HornCleat"]},{"damage_healed":0.0,"max_hp_gain":0.0,"max_hp_loss":0.0,"gold_gain":0.0,"event_name":"Accursed Blacksmith","player_choice":"Rummage","floor":4.0,"gold_loss":0.0,"damage_taken":0.0,"relics_obtained":["WarpedTongs"],"cards_obtained":["Pain"]},{"damage_healed":0.0,"max_hp_gain":0.0,"max_hp_loss":0.0,"gold_gain":0.0,"event_name":"conspire:Investor","player_choice":"Invest 1","floor":9.0,"gold_loss":0.0,"damage_taken":0.0},{"damage_healed":0,"gold_gain":0,"player_choice":"Became a vampire (Vial)","damage_taken":0,"max_hp_gain":0,"max_hp_loss":0,"event_name":"Vampires","floor":20,"relics_lost":["Blood Vial"],"gold_loss":0,"cards_obtained":["Bite","Bite","Bite","Bite","Bite"]}],"is_beta":false,"boss_relics":[{"not_picked":["conspire:SlowCooker","Tiny House"],"picked":"Replay:Wanted Poster"},{"not_picked":["Black Star","Replay:Drink Me"],"picked":"Replay:Ancient Bell"},{"not_picked":["Happy Flower","Dream Catcher"],"picked":"ReplayFunnel"},{"not_picked":["Mummified Hand","Matryoshka"],"picked":"hexamod:InflammatoryLetter"},{"not_picked":["Gambling Chip","conspire:InfiniteJournal"],"picked":"Unceasing Top"}],"items_purged_floors":[27,42],"is_endless":false,"potions_floor_spawned":[3,8,12,15,16,19,25,28,29,31,32,38,43,45,47,49],"ascension_level":0}}