{"host":"Fun","time":1608670242,"event":{"mods":["BaseMod","Colored Map","Filter the Spire","Minty Spire (QoL Compilation)","Relic Stats","StSLib"],"gold_per_floor":[14,14,14,33,33,68,68,68,68],"floor_reached":8,"playtime":367,"items_purged":[],"score":89,"play_id":"38dc960a-7f46-4f88-9e8f-db0dabd6966c","local_time":"20201222155042","is_ascension_mode":true,"campfire_choices":[{"floor":7,"key":"REST"}],"circlet_count":0,"master_deck":["AscendersBane","Strike_G","Strike_G","Strike_G","Strike_G","Defend_G","Defend_G","Defend_G","Defend_G","Defend_G","Survivor","Neutralize","Venomology","Deadly Poison+1","Bane","Bullet Time","Catalyst"],"relics":["Ring of the Snake","WarpedTongs","Question Card","Blue Candle"],"acts_visited":["Exordium"],"potions_floor_usage":[6,6,8],"damage_taken":[{"damage":0,"enemies":"Small Slimes","floor":1,"turns":4},{"damage":0,"enemies":"2 Louse","floor":4,"turns":4},{"damage":33,"enemies":"3 Sentries","floor":6,"turns":12},{"damage":50,"enemies":"Gremlin Nob","floor":8,"turns":4}],"seed_played":"3853593498241391947","potions_obtained":[{"floor":6,"key":"LiquidBronze"}],"is_trial":false,"path_per_floor":["M","?","?","M","?","E","R","E"],"character_chosen":"THE_SILENT","items_purchased":[],"campfire_rested":1,"item_purchase_floors":[],"current_hp_per_floor":[63,63,60,60,60,27,48,0,0],"gold":68,"neow_bonus":"THREE_RARE_CARDS","is_daily":false,"chose_seed":false,"campfire_upgraded":0,"win_rate":0.0,"timestamp":1608670242,"path_taken":["M","?","?","M","?","E","R","E"],"items_purchased_type":[],"build_version":"2020-12-18","purchased_purges":0,"victory":false,"max_hp_per_floor":[70,70,70,70,70,70,70,70,70],"relic_stats":{"counters":[4,24],"Blue Candle":[0],"Question Card":2,"obtain_stats":[{"Blue Candle":6,"Question Card":3,"Ring of the Snake":0,"WarpedTongs":0},{"Blue Candle":3,"Question Card":1,"Ring of the Snake":0,"WarpedTongs":0},{"Blue Candle":20,"Question Card":4,"Ring of the Snake":0,"WarpedTongs":0}],"Ring of the Snake":[8],"WarpedTongs":[22]},"card_choices":[{"not_picked":["Grand Finale","Doppelganger"],"picked":"Venomology","floor":0},{"not_picked":["Dodge and Roll","Sucker Punch"],"picked":"Deadly Poison","floor":1},{"not_picked":["Concentrate","Caltrops","Eviscerate"],"picked":"Bane","floor":4},{"not_picked":["Eviscerate","Distraction","Dagger Spray"],"picked":"Catalyst","floor":6}],"player_experience":89939,"relics_obtained":[{"floor":6,"key":"Blue Candle"}],"event_choices":[{"damage_healed":0,"gold_gain":0,"player_choice":"Grow","damage_taken":0,"max_hp_gain":0,"max_hp_loss":0,"event_name":"Living Wall","floor":2,"gold_loss":0,"cards_upgraded":["Deadly Poison"]},{"damage_healed":0,"gold_gain":0,"player_choice":"Success","damage_taken":3,"relics_obtained":["Question Card"],"max_hp_gain":0,"max_hp_loss":0,"event_name":"Scrap Ooze","floor":3,"gold_loss":0},{"damage_healed":0,"gold_gain":0,"cards_transformed":["Strike_G"],"player_choice":"Transformed","damage_taken":0,"max_hp_gain":0,"max_hp_loss":0,"event_name":"Transmorgrifier","floor":5,"gold_loss":0,"cards_obtained":["Bullet Time"]}],"is_beta":true,"boss_relics":[],"items_purged_floors":[],"is_endless":false,"potions_floor_spawned":[6],"killed_by":"Gremlin Nob","ascension_level":13}}