{"host":"26je6g5b6jsd0prz","time":1608632451,"event":{"mods":["AchievementEnabler","BaseMod","Colored Map","Minty Spire (QoL Compilation)"],"gold_per_floor":[111,111,191,207,207,207,207,207,286,52,87,99,99,29,29,127,127,138,138,153,169,0,0,0,0,0],"floor_reached":25,"playtime":962,"items_purged":[],"score":224,"play_id":"15f227e0-44cb-4da3-81d2-8954fa97c0cb","local_time":"20201222192051","is_ascension_mode":false,"campfire_choices":[{"data":"Lockon","floor":6.0,"key":"SMITH"},{"data":"Chaos","floor":8.0,"key":"SMITH"},{"data":"Darkness","floor":13.0,"key":"SMITH"},{"data":"Fusion","floor":15.0,"key":"SMITH"},{"floor":23.0,"key":"REST"}],"circlet_count":0,"master_deck":["Strike_B","Strike_B+1","Strike_B","Strike_B","Defend_B","Defend_B","Defend_B","Defend_B+1","Zap","Dualcast","Lockon+1","Chaos+1","Metamorphosis","Go for the Eyes","Gash","Redo","Darkness+1","Fusion+1","Electrodynamics","Redo","Darkness+1","Glacier","Aggregate"],"relics":["Cracked Core","NeowsBlessing","Matryoshka","Potion Belt","Shuriken","Regal Pillow","Fusion Hammer"],"acts_visited":["Exordium","TheCity"],"potions_floor_usage":[25],"damage_taken":[{"damage":0.0,"enemies":"2 Louse","floor":1.0,"turns":1.0},{"damage":0.0,"enemies":"Jaw Worm","floor":4.0,"turns":1.0},{"damage":0.0,"enemies":"Gremlin Nob","floor":11.0,"turns":1.0},{"damage":3.0,"enemies":"Small Slimes","floor":12.0,"turns":3.0},{"damage":54.0,"enemies":"The Guardian","floor":16.0,"turns":8.0},{"damage":38.0,"enemies":"3 Byrds","floor":18.0,"turns":4.0},{"damage":18.0,"enemies":"Shell Parasite","floor":20.0,"turns":4.0},{"damage":11.0,"enemies":"Sentry and Sphere","floor":21.0,"turns":4.0},{"damage":30,"enemies":"Shelled Parasite and Fungi","floor":24,"turns":6},{"damage":19,"enemies":"Snake Plant","floor":25,"turns":3}],"seed_played":"2756505631389043610","potions_obtained":[{"floor":11.0,"key":"Energy Potion"},{"floor":12.0,"key":"SpeedPotion"},{"floor":18.0,"key":"Swift Potion"},{"floor":20.0,"key":"Swift Potion"}],"is_trial":false,"path_per_floor":["M","?","T","M","?","R","?","R","T","$","E","M","R","$","R","B",null,"M","?","M","M","?","R","M","M"],"character_chosen":"DEFECT","items_purchased":["Metamorphosis","Go for the Eyes","Gash","Fusion"],"campfire_rested":1,"item_purchase_floors":[10,10,10,14],"current_hp_per_floor":[75,60,60,60,60,60,60,60,60,60,60,57,57,57,57,3,75,37,37,19,8,8,45,15,0,0],"gold":0,"neow_bonus":"THREE_ENEMY_KILL","is_daily":false,"chose_seed":false,"campfire_upgraded":4,"win_rate":0.0,"timestamp":1608632451,"path_taken":["M","?","?","M","?","R","?","R","T","$","E","M","R","?","R","BOSS","M","?","M","?","?","R","M","M"],"items_purchased_type":["Card","Card","Card","Card"],"build_version":"2020-12-13","purchased_purges":0,"victory":false,"max_hp_per_floor":[75,75,75,75,75,75,75,75,75,75,75,75,75,75,75,75,75,75,75,75,75,75,75,75,75,75],"card_choices":[{"not_picked":["Leap","Genetic Algorithm"],"picked":"Lockon","floor":1.0},{"not_picked":["Tempest","Steam"],"picked":"Chaos","floor":4.0},{"not_picked":["Cold Snap","Steam Power"],"picked":"Redo","floor":11.0},{"not_picked":["Static Discharge","Sweeping Beam"],"picked":"Darkness","floor":12.0},{"not_picked":["Creative AI","Meteor Strike"],"picked":"Electrodynamics","floor":16.0},{"not_picked":["Cold Snap","Chill+1"],"picked":"Redo","floor":18.0},{"not_picked":["Heatsinks","Go for the Eyes"],"picked":"Glacier","floor":20.0},{"not_picked":["Turbo+1","Gash"],"picked":"Aggregate","floor":21.0},{"not_picked":["Leap","Cold Snap","Compile Driver"],"picked":"SKIP","floor":24}],"player_experience":164878,"relics_obtained":[{"floor":3.0,"key":"Matryoshka"},{"floor":9.0,"key":"Potion Belt"},{"floor":9.0,"key":"Shuriken"},{"floor":11.0,"key":"Regal Pillow"}],"event_choices":[{"damage_healed":0.0,"max_hp_gain":0.0,"max_hp_loss":0.0,"gold_gain":0.0,"event_name":"Shining Light","player_choice":"Entered Light","floor":2.0,"gold_loss":0.0,"damage_taken":15.0,"cards_upgraded":["Strike_B","Defend_B"]},{"damage_healed":0.0,"max_hp_gain":0.0,"max_hp_loss":0.0,"gold_gain":0.0,"event_name":"Golden Wing","player_choice":"Ignored","floor":5.0,"gold_loss":0.0,"damage_taken":0.0},{"damage_healed":0.0,"max_hp_gain":0.0,"max_hp_loss":0.0,"gold_gain":0.0,"event_name":"The Cleric","player_choice":"Leave","floor":7.0,"gold_loss":0.0,"damage_taken":0.0},{"damage_healed":0.0,"max_hp_gain":0.0,"max_hp_loss":0.0,"gold_gain":0.0,"event_name":"Duplicator","player_choice":"Copied","floor":19.0,"gold_loss":0.0,"damage_taken":0.0,"cards_obtained":["Darkness"]},{"damage_healed":0.0,"max_hp_gain":0.0,"max_hp_loss":0.0,"gold_gain":0.0,"event_name":"Masked Bandits","player_choice":"Paid Fearfully","floor":22.0,"gold_loss":169.0,"damage_taken":0.0}],"is_beta":false,"boss_relics":[{"not_picked":["Velvet Choker","Astrolabe"],"picked":"Fusion Hammer"}],"items_purged_floors":[],"is_endless":false,"potions_floor_spawned":[11,12,18,20,24],"killed_by":"Snake Plant","ascension_level":0}}