{"host":"hfvpa4llnnjpeawn","time":1608607010,"event":{"mods":["2.2 Compatiblity","AchievementEnabler","Act Like it!","Aspiration","Bard","BaseMod","Beaked The Cultist","Better Sensory Stone","Better Skull","Better Third Choice","BetterRewards","CapriCore","Conspire","Downfall","Elementarium","Energized Spire","Hubris","Infinite Spire","Jorbs\u0027s Wanderer Trilogy","Lobotomy","LobotomyExtend","Minty Spire (QoL Compilation)","Replay The Spire","Shade Mod","Spicy Shops","StSLib","The Bladedancer","The Factory","The Gatherer","The Jungle","Waifu the Spire","Wandering Minibosses"],"gold_per_floor":[111,183,183,33,53,82,82,92,115,115,65,10,10,24,24,129,129,129,129],"floor_reached":18,"playtime":1072,"items_purged":[],"score":158,"play_id":"5732d99d-fc72-4bc4-9315-0b775b48ef83","local_time":"20201221221650","is_ascension_mode":false,"campfire_choices":[{"floor":7,"key":"DIG"},{"floor":15,"key":"DIG"}],"circlet_count":0,"master_deck":["SpecialBullet","SpecialBullet","SpecialBullet","SpecialBullet","SpecialBullet","SpecialBullet","SpecialBullet","ControlCode","TrainingCode","SecurityCode","expansioncontent:DarkVoid+1","CrumblingArmor","Dramatic Entrance","DreamingCurrent","LongBird","Noxious Fumes","Riddle With Holes+1","SoundOfStar","Regret_ego","ParadiseLost"],"relics":["CogitoBucket","LetterFromLob","infinitespire:Lucky Rock","Shovel","Juzu Bracelet","Nunchaku","conspire:TopHat","Whetstone","energizedSpire:CursedPentagram"],"acts_visited":["Exordium","TheCity"],"potions_floor_usage":[6,6,16],"damage_taken":[{"damage":6,"enemies":"Cultist","floor":1,"turns":3},{"damage":10,"enemies":"Small Slimes","floor":5,"turns":2},{"damage":27,"enemies":"Replay:BlueRogue","floor":6,"turns":3},{"damage":9,"enemies":"conspire:RoseBush","floor":8,"turns":2},{"damage":0,"enemies":"Blue Slaver","floor":14,"turns":1},{"damage":54,"enemies":"Fading Forest","floor":16,"turns":11},{"damage":85,"enemies":"conspire:FuzzyDice","floor":18,"turns":8}],"seed_played":"-4364992227536390780","potions_obtained":[{"floor":1,"key":"SkillPotion"},{"floor":5,"key":"Ancient Potion"},{"floor":14,"key":"Swift Potion"}],"is_trial":false,"path_per_floor":["M","?","?","$","M","E","R","M","T","?","?","?","?","M","R","B",null,"M"],"character_chosen":"Angela","items_purchased":["infinitespire:Lucky Rock"],"campfire_rested":0,"item_purchase_floors":[4],"current_hp_per_floor":[70,70,70,70,68,52,52,69,69,69,69,69,69,70,70,40,70,0,0],"gold":129,"neow_bonus":"RANDOM_COLORLESS","is_daily":false,"chose_seed":false,"campfire_upgraded":0,"win_rate":0.0,"timestamp":1608607010,"path_taken":["M","?","?","$","M","E","R","M","T","?","?","?","?","M","R","BOSS","M"],"items_purchased_type":["Relic"],"build_version":"2020-12-13","purchased_purges":0,"victory":false,"max_hp_per_floor":[70,70,70,70,70,70,70,70,70,70,70,70,70,70,70,70,70,70,70],"card_choices":[{"not_picked":["expansioncontent:ManipulateTime","expansioncontent:YouAreMine"],"picked":"expansioncontent:DarkVoid","floor":0},{"not_picked":["MHz","RedShoes"],"picked":"CrumblingArmor","floor":1},{"not_picked":["Wingbeat"],"picked":"CherryBlossom","floor":1},{"not_picked":["conspire:Banana"],"picked":"Dramatic Entrance","floor":3},{"not_picked":["BlueScar","Loneliness"],"picked":"SKIP","floor":5},{"not_picked":["Bloodbath","MHz"],"picked":"DreamingCurrent","floor":6},{"not_picked":["TheSmile"],"picked":"SwordSharpenedByTears","floor":6},{"not_picked":["UniverseFragment","FairyFestival"],"picked":"LongBird","floor":8},{"not_picked":["RedEyes"],"picked":"Noise","floor":8},{"not_picked":["Noise"],"picked":"Regret_ego","floor":14},{"not_picked":["Adoration"],"picked":"ParadiseLost","floor":16}],"player_experience":318468,"relics_obtained":[{"floor":1,"key":"LetterFromLob"},{"floor":6,"key":"Shovel"},{"floor":7,"key":"Juzu Bracelet"},{"floor":9,"key":"Nunchaku"},{"floor":15,"key":"Whetstone"}],"event_choices":[{"damage_healed":0,"gold_gain":72,"player_choice":"Gained Gold","damage_taken":0,"max_hp_gain":0,"max_hp_loss":0,"event_name":"Golden Wing","floor":2,"gold_loss":0},{"damage_healed":0,"gold_gain":1,"player_choice":"1","damage_taken":0,"max_hp_gain":0,"max_hp_loss":0,"event_name":"betterStone:BetterStone","floor":3,"gold_loss":0},{"cards_removed":["SpecialBullet"],"damage_healed":0,"gold_gain":0,"player_choice":"Card Removal","damage_taken":0,"max_hp_gain":0,"max_hp_loss":0,"event_name":"The Cleric","floor":11,"gold_loss":50},{"damage_healed":0,"gold_gain":0,"player_choice":"Paid Gold","damage_taken":0,"relics_obtained":["conspire:TopHat"],"max_hp_gain":0,"max_hp_loss":0,"event_name":"WeMeetAgain","floor":12,"gold_loss":55},{"damage_healed":0,"gold_gain":0,"cards_transformed":["Toxin Wave"],"player_choice":"Transformed","damage_taken":0,"max_hp_gain":0,"max_hp_loss":0,"event_name":"Transmorgrifier","floor":13,"gold_loss":0,"cards_obtained":["SoundOfStar"]}],"is_beta":false,"boss_relics":[{"not_picked":["infinitespire:Cupcake","hubris:GrandSneckoEye"],"picked":"energizedSpire:CursedPentagram"}],"items_purged_floors":[],"is_endless":false,"potions_floor_spawned":[1,5,14],"killed_by":"conspire:FuzzyDice","ascension_level":0}}