{"host":"uxq2rly8rxtwffuf","time":1608618192,"event":{"mods":["BaseMod","Koishi","Minty Spire (QoL Compilation)","StSLib","The Judge","The Servant 0.9.4"],"gold_per_floor":[109,119,169,180,16,32,32,44,126,157,157,82,82,99,99,99,99],"floor_reached":16,"playtime":811,"items_purged":["Strike_S"],"score":199,"play_id":"46ace155-4063-4773-8ebe-90e1f2c3e3aa","local_time":"20201222092312","is_ascension_mode":true,"campfire_choices":[{"data":"Manipulate","floor":7,"key":"SMITH"},{"floor":11,"key":"REST"},{"floor":13,"key":"REST"},{"data":"SilverBlades","floor":15,"key":"SMITH"}],"circlet_count":0,"master_deck":["AscendersBane","Strike_S","Strike_S","Strike_S","Defend_S","Defend_S","Defend_S","Defend_S","KidneyShot","Exchange","WasteNot","SpecialFormula","Gouge","Dilation","Manipulate+1","Moonlight","SurpressingFire","SilverBlades+1"],"relics":["Uniform","OldScarf"],"acts_visited":["Exordium"],"potions_floor_usage":[8,16],"damage_taken":[{"damage":1,"enemies":"Cultist","floor":1,"turns":4},{"damage":4,"enemies":"Jaw Worm","floor":2,"turns":5},{"damage":1,"enemies":"2 Louse","floor":4,"turns":3},{"damage":12,"enemies":"Blue Slaver","floor":6,"turns":5},{"damage":7,"enemies":"Lots of Slimes","floor":8,"turns":6},{"damage":37,"enemies":"3 Sentries","floor":10,"turns":14},{"damage":4,"enemies":"Looter","floor":14,"turns":3},{"damage":54,"enemies":"Hexaghost","floor":16,"turns":11}],"seed_played":"-4357907725375406694","potions_obtained":[{"floor":1,"key":"Ancient Potion"},{"floor":2,"key":"DuplicationPotion"},{"floor":6,"key":"PowerPotion"}],"is_trial":false,"path_per_floor":["M","M","?","M","$","M","R","M","T","E","R","$","R","M","R","B"],"character_chosen":"THE_SERVANT","items_purchased":["Dilation"],"campfire_rested":2,"item_purchase_floors":[5],"current_hp_per_floor":[59,55,55,59,59,52,52,45,45,13,32,32,51,47,47,0,0],"gold":99,"neow_bonus":"TEN_PERCENT_HP_BONUS","is_daily":false,"chose_seed":false,"campfire_upgraded":2,"win_rate":0.0,"timestamp":1608618192,"path_taken":["M","M","?","M","$","?","R","M","T","E","R","$","R","M","R","BOSS"],"items_purchased_type":["Card"],"build_version":"2020-12-13","purchased_purges":1,"victory":false,"max_hp_per_floor":[66,66,66,66,66,66,66,66,66,66,66,66,66,66,66,66,66],"card_choices":[{"not_picked":["FastForward","Reset"],"picked":"WasteNot","floor":1},{"not_picked":["DualDimension","Starlight"],"picked":"SpecialFormula","floor":2},{"not_picked":["TimeTheft","Ricochet"],"picked":"Gouge","floor":4},{"not_picked":["ShatteredReality","DancingSilver"],"picked":"Manipulate","floor":6},{"not_picked":["DoubleEdge","Shuttle"],"picked":"Moonlight","floor":8},{"not_picked":["DancingSilver","Alleviate"],"picked":"SurpressingFire","floor":10},{"not_picked":["Ricochet","Rearm"],"picked":"SilverBlades","floor":14}],"player_experience":1362485,"relics_obtained":[{"floor":10,"key":"OldScarf"}],"event_choices":[{"damage_healed":0,"gold_gain":50,"player_choice":"Pray","damage_taken":0,"max_hp_gain":0,"max_hp_loss":0,"event_name":"Golden Shrine","floor":3,"gold_loss":0}],"is_beta":false,"boss_relics":[],"items_purged_floors":[12],"is_endless":false,"potions_floor_spawned":[1,2,6],"killed_by":"Hexaghost","ascension_level":19}}