{"host":"a5523bqxi3k68xf3","time":1608597114,"event":{"mods":["BaseMod","BetterRewards","Hermit","Koishi","Marisa????????","Minty Spire (QoL Compilation)","Quick Restart","Random Character Button","Relic Stats","Shop Mod","StSLib","The Animator","The Cursed","The Necromancer","The Servant 0.9.4"],"gold_per_floor":[114,114,131,150,69,99,113,113,113,113,140,155,228,263,263,335,335,353,353,353,353,268,268,279,279,279,309,309,26,61,73,73,149,149,161,161,161,175,0,0,34,34,34],"floor_reached":42,"playtime":1034,"items_purged":["Defend_R"],"score":1310,"play_id":"05954278-836d-4412-a967-1570c2440e7d","local_time":"20201222013154","is_ascension_mode":true,"campfire_choices":[{"data":"Heavy Blade","floor":10,"key":"SMITH"},{"data":"Rampage","floor":15,"key":"SMITH"},{"floor":23,"key":"REST"},{"data":"Bash","floor":28,"key":"SMITH"},{"data":"Flex","floor":32,"key":"SMITH"},{"data":"Inflame","floor":40,"key":"SMITH"}],"circlet_count":0,"master_deck":["AscendersBane","Strike_R","Strike_R","Strike_R+1","Strike_R+1","Strike_R","Defend_R","Defend_R","Bash+1","Cleave","Perfected Strike","Clash","Whirlwind","Heavy Blade+1","Rampage+1","Reaper","Clash","Necronomicurse","Decay","Headbutt","Thunderclap+1","Flex+1","Inflame+1"],"relics":["Black Blood","PreservedInsect","Happy Flower","Whetstone","Blue Candle","Dead Branch","Magic Flower","Bag of Marbles","HornCleat","Blood Vial","Runic Dome","Necronomicon","Thread and Needle","Juzu Bracelet","Nunchaku","Gremlin Horn","Toy Ornithopter","Red Mask","Pantograph"],"acts_visited":["TheCity","TheBeyond"],"potions_floor_usage":[1,16],"damage_taken":[{"damage":9,"enemies":"Jaw Worm","floor":1,"turns":4},{"damage":0,"enemies":"Cultist","floor":3,"turns":2},{"damage":2,"enemies":"2 Louse","floor":4,"turns":2},{"damage":20,"enemies":"Lagavulin","floor":6,"turns":3},{"damage":0,"enemies":"2 Fungi Beasts","floor":7,"turns":2},{"damage":6,"enemies":"3 Sentries","floor":11,"turns":3},{"damage":0,"enemies":"3 Louse","floor":12,"turns":1},{"damage":1,"enemies":"Lagavulin","floor":14,"turns":3},{"damage":36,"enemies":"Slime Boss","floor":16,"turns":9},{"damage":12,"enemies":"2 Thieves","floor":18,"turns":3},{"damage":0,"enemies":"Shell Parasite","floor":24,"turns":1},{"damage":10,"enemies":"Book of Stabbing","floor":27,"turns":3},{"damage":0,"enemies":"Slavers","floor":30,"turns":1},{"damage":19,"enemies":"Shelled Parasite and Fungi","floor":31,"turns":3},{"damage":23,"enemies":"Automaton","floor":33,"turns":6},{"damage":1,"enemies":"3 Darklings","floor":35,"turns":2},{"damage":9,"enemies":"3 Shapes","floor":38,"turns":4},{"damage":47,"enemies":"Nemesis","floor":41,"turns":5},{"damage":81,"enemies":"Maw","floor":42,"turns":6}],"seed_played":"-6449853171492938318","potions_obtained":[{"floor":1,"key":"Energy Potion"},{"floor":6,"key":"LiquidBronze"},{"floor":16,"key":"Dexterity Potion"},{"floor":24,"key":"Swift Potion"}],"is_trial":false,"path_per_floor":["M","?","M","M","$","E","M","$","T","R","E","M","T","E","R","B",null,"M","?","?","?","?","R","M","?","T","E","R","$","E","M","R","B",null,"M","?","?","M","?","R","E","M"],"character_chosen":"IRONCLAD","items_purchased":["PreservedInsect","Happy Flower","Whetstone","Cleave","BloodPotion","AttackPotion","Whirlwind","Gremlin Horn"],"campfire_rested":1,"item_purchase_floors":[0,0,0,0,0,0,5,29],"current_hp_per_floor":[50,50,56,60,60,46,52,52,52,52,55,64,64,72,72,48,68,68,47,47,47,47,69,75,75,75,75,75,75,75,65,65,54,70,75,75,75,75,75,75,75,0,0],"gold":34,"neow_bonus":"","is_daily":false,"chose_seed":false,"campfire_upgraded":5,"win_rate":0.0,"timestamp":1608597114,"path_taken":["M","?","M","M","$","E","?","$","T","R","E","M","?","E","R","BOSS","M","?","?","?","?","R","M","?","T","E","R","?","E","M","R","BOSS","M","?","?","M","?","R","E","M"],"items_purchased_type":["Relic","Relic","Relic","Card","Potion","Potion","Card","Relic"],"build_version":"2020-12-13","purchased_purges":1,"victory":false,"max_hp_per_floor":[75,75,75,75,75,75,75,75,75,75,75,75,75,75,75,75,75,75,75,75,75,75,75,75,75,75,75,75,75,75,75,75,75,75,75,75,75,75,75,75,75,75,75],"relic_stats":{"Happy Flower":[21],"Gremlin Horn":[7,7],"counters":[83,276],"Blue Candle":[11],"Dead Branch":[32],"Black Blood":462,"Magic Flower":[42],"PreservedInsect":223,"Juzu Bracelet":1,"Whetstone":["Strike_R","Strike_R"],"Blood Vial":15,"Nunchaku":[8],"Pantograph":0,"Necronomicon":[21],"obtain_stats":[{"Tiny House":17,"Gremlin Horn":29,"Whetstone":9,"Sling":0,"Boot":6,"Blood Vial":14,"HornCleat":13,"DollysMirror":0,"Sundial":7,"MealTicket":0,"Philosopher\u0027s Stone":17,"Necronomicon":19,"Kunai":0,"Pear":0,"Happy Flower":0,"Blue Candle":2,"Dead Branch":6,"Velvet Choker":17,"Pen Nib":0,"Runic Dome":34,"Shuriken":30,"Bronze Scales":0,"Molten Egg 2":0,"Darkstone Periapt":0,"Lantern":14,"Singing Bowl":26,"Magic Flower":0,"Black Blood":34,"Bag of Preparation":0,"Juzu Bracelet":26,"Empty Cage":0,"Burning Blood":0,"ClockworkSouvenir":0,"Nunchaku":27,"TheAbacus":21,"Pantograph":41,"Tiny Chest":0,"WingedGreaves":0,"Red Mask":39,"InkBottle":0,"Paper Frog":9,"Potion Belt":0,"Lee\u0027s Waffle":0,"NeowsBlessing":0,"Thread and Needle":22,"PreservedInsect":0,"Omamori":0,"Odd Mushroom":10,"Mercury Hourglass":0,"Peace Pipe":9,"CaptainsWheel":9,"Ornamental Fan":0,"Turnip":31,"Art of War":4,"Bag of Marbles":11,"Champion Belt":0,"Membership Card":0,"Bottled Lightning":13,"Toy Ornithopter":30},{"Tiny House":14,"Gremlin Horn":76,"Whetstone":21,"Sling":0,"Boot":34,"Blood Vial":72,"HornCleat":71,"DollysMirror":5,"Sundial":9,"MealTicket":0,"Philosopher\u0027s Stone":43,"Necronomicon":74,"Kunai":5,"Pear":0,"Happy Flower":64,"Blue Candle":65,"Dead Branch":68,"Velvet Choker":26,"Pen Nib":50,"Runic Dome":2,"Shuriken":48,"Bronze Scales":0,"Molten Egg 2":0,"Darkstone Periapt":0,"Lantern":55,"Singing Bowl":60,"Magic Flower":0,"Black Blood":79,"Bag of Preparation":0,"Juzu Bracelet":75,"Empty Cage":0,"Burning Blood":0,"ClockworkSouvenir":5,"Nunchaku":76,"TheAbacus":16,"Pantograph":82,"Tiny Chest":0,"WingedGreaves":0,"Red Mask":81,"InkBottle":0,"Paper Frog":10,"Potion Belt":0,"Lee\u0027s Waffle":0,"NeowsBlessing":35,"Thread and Needle":74,"PreservedInsect":0,"Omamori":0,"Odd Mushroom":11,"Mercury Hourglass":17,"Peace Pipe":39,"CaptainsWheel":52,"Ornamental Fan":0,"Turnip":1,"Art of War":19,"Bag of Marbles":70,"Champion Belt":0,"Membership Card":29,"Bottled Lightning":42,"Toy Ornithopter":77},{"Tiny House":43,"Gremlin Horn":249,"Whetstone":64,"Sling":0,"Boot":112,"Blood Vial":233,"HornCleat":230,"DollysMirror":13,"Sundial":23,"MealTicket":0,"Philosopher\u0027s Stone":137,"Necronomicon":245,"Kunai":13,"Pear":0,"Happy Flower":213,"Blue Candle":217,"Dead Branch":224,"Velvet Choker":83,"Pen Nib":160,"Runic Dome":6,"Shuriken":154,"Bronze Scales":0,"Molten Egg 2":0,"Darkstone Periapt":0,"Lantern":177,"Singing Bowl":195,"Magic Flower":0,"Black Blood":259,"Bag of Preparation":0,"Juzu Bracelet":246,"Empty Cage":0,"Burning Blood":0,"ClockworkSouvenir":13,"Nunchaku":249,"TheAbacus":50,"Pantograph":270,"Tiny Chest":0,"WingedGreaves":0,"Red Mask":265,"InkBottle":0,"Paper Frog":27,"Potion Belt":0,"Lee\u0027s Waffle":0,"NeowsBlessing":113,"Thread and Needle":245,"PreservedInsect":0,"Omamori":0,"Odd Mushroom":30,"Mercury Hourglass":53,"Peace Pipe":121,"CaptainsWheel":167,"Ornamental Fan":0,"Turnip":2,"Art of War":58,"Bag of Marbles":229,"Champion Belt":0,"Membership Card":94,"Bottled Lightning":130,"Toy Ornithopter":250}],"Toy Ornithopter":0},"card_choices":[{"not_picked":["Anger","Wild Strike","Blood for Blood"],"picked":"SKIP","floor":1},{"not_picked":["Cleave","Havoc"],"picked":"Perfected Strike","floor":3},{"not_picked":["Thunderclap","Warcry"],"picked":"Clash","floor":4},{"not_picked":["Bludgeon","Clothesline","Cleave"],"picked":"SKIP","floor":6},{"not_picked":["Perfected Strike","Clash"],"picked":"Heavy Blade","floor":7},{"not_picked":["Warcry","Havoc","Bludgeon"],"picked":"SKIP","floor":11},{"not_picked":["Wild Strike","True Grit"],"picked":"Rampage","floor":12},{"not_picked":["Heavy Blade","Fire Breathing","Headbutt"],"picked":"SKIP","floor":14},{"not_picked":["Demon Form","Berserk"],"picked":"Reaper","floor":16},{"not_picked":["Cleave","Havoc"],"picked":"Clash","floor":18},{"not_picked":["Power Through","Iron Wave"],"picked":"Headbutt","floor":24},{"not_picked":["Bloodletting+1","Carnage"],"picked":"Thunderclap+1","floor":27},{"not_picked":["Fiend Fire","Perfected Strike+1","Disarm+1"],"picked":"SKIP","floor":30},{"not_picked":["Sentinel","Battle Trance"],"picked":"Flex","floor":31},{"not_picked":["Twin Strike","Iron Wave","Second Wind"],"picked":"SKIP","floor":35},{"not_picked":["Heavy Blade","Havoc"],"picked":"Inflame","floor":38},{"not_picked":["Metallicize","Body Slam","Iron Wave+1"],"picked":"SKIP","floor":41}],"player_experience":1675408,"relics_obtained":[{"floor":6,"key":"Dead Branch"},{"floor":9,"key":"Magic Flower"},{"floor":11,"key":"Bag of Marbles"},{"floor":13,"key":"HornCleat"},{"floor":14,"key":"Blood Vial"},{"floor":19,"key":"Necronomicon"},{"floor":26,"key":"Juzu Bracelet"},{"floor":27,"key":"Nunchaku"},{"floor":30,"key":"Toy Ornithopter"},{"floor":41,"key":"Pantograph"}],"event_choices":[{"damage_healed":0,"gold_gain":0,"player_choice":"Gave Potion","damage_taken":0,"relics_obtained":["Blue Candle"],"max_hp_gain":0,"max_hp_loss":0,"event_name":"WeMeetAgain","floor":2,"gold_loss":0},{"damage_healed":0,"gold_gain":0,"player_choice":"Obtained Book","damage_taken":21,"max_hp_gain":0,"max_hp_loss":0,"event_name":"Cursed Tome","floor":19,"gold_loss":0},{"damage_healed":0,"gold_gain":0,"player_choice":"Ignored","damage_taken":0,"max_hp_gain":0,"max_hp_loss":0,"event_name":"The Mausoleum","floor":20,"gold_loss":0},{"damage_healed":0,"gold_gain":0,"player_choice":"Smashed Altar","damage_taken":0,"max_hp_gain":0,"max_hp_loss":0,"event_name":"Forgotten Altar","floor":21,"gold_loss":0,"cards_obtained":["Decay"]},{"damage_healed":0,"gold_gain":0,"player_choice":"Obtained Relic","damage_taken":0,"relics_obtained":["Thread and Needle"],"max_hp_gain":0,"max_hp_loss":0,"event_name":"Addict","floor":22,"gold_loss":85},{"damage_healed":0,"gold_gain":0,"player_choice":"Ignored","damage_taken":0,"max_hp_gain":0,"max_hp_loss":0,"event_name":"Ghosts","floor":25,"gold_loss":0},{"damage_healed":0,"gold_gain":0,"cards_transformed":["Defend_R"],"player_choice":"Transformed","damage_taken":0,"max_hp_gain":0,"max_hp_loss":0,"event_name":"Transmorgrifier","floor":36,"gold_loss":0,"cards_obtained":["Burning Pact"]},{"cards_removed":["Burning Pact"],"damage_healed":0,"gold_gain":0,"player_choice":"Removed Skill","damage_taken":0,"max_hp_gain":0,"max_hp_loss":0,"event_name":"Falling","floor":37,"gold_loss":0},{"damage_healed":0,"gold_gain":0,"player_choice":"Paid","damage_taken":0,"relics_obtained":["Red Mask"],"max_hp_gain":0,"max_hp_loss":0,"event_name":"Tomb of Lord Red Mask","floor":39,"gold_loss":175}],"is_beta":false,"boss_relics":[{"not_picked":["Ectoplasm","Astrolabe"],"picked":"Runic Dome"},{"not_picked":["Runic Cube","Empty Cage"],"picked":"Black Blood"}],"items_purged_floors":[0],"is_endless":false,"potions_floor_spawned":[1,6,11,16,24,30,38],"killed_by":"Maw","ascension_level":20}}