{"host":"03a85bwj0a5skoit","time":1608596827,"event":{"mods":["BaseMod","Block Reminder","Minty Spire (QoL Compilation)","Relic Stats","StSLib"],"gold_per_floor":[116,129,142,292,305,305,305],"floor_reached":6,"playtime":296,"items_purged":[],"score":76,"play_id":"557bd681-ed82-4817-abd7-dfaafed18647","local_time":"20201222105707","is_ascension_mode":true,"campfire_choices":[],"circlet_count":0,"master_deck":["AscendersBane","Strike_P","Strike_P","Defend_P","Defend_P","Defend_P","Eruption","Vigilance","EmptyMind+1","Vault+1","Establishment+1","FollowUp","CrushJoints","FlurryOfBlows","Doubt","FlyingSleeves"],"relics":["Astrolabe"],"acts_visited":["Exordium"],"potions_floor_usage":[6],"damage_taken":[{"damage":4,"enemies":"2 Louse","floor":1,"turns":3},{"damage":8,"enemies":"Small Slimes","floor":2,"turns":5},{"damage":0,"enemies":"Cultist","floor":3,"turns":4},{"damage":10,"enemies":"2 Fungi Beasts","floor":5,"turns":3},{"damage":47,"enemies":"3 Sentries","floor":6,"turns":7}],"seed_played":"-6723325195686417853","potions_obtained":[{"floor":5,"key":"Fire Potion"}],"is_trial":false,"path_per_floor":["M","M","M","?","M","E"],"character_chosen":"WATCHER","items_purchased":[],"campfire_rested":0,"item_purchase_floors":[],"current_hp_per_floor":[57,49,49,49,39,0,0],"gold":305,"neow_bonus":"BOSS_RELIC","is_daily":false,"chose_seed":false,"campfire_upgraded":0,"win_rate":0.0,"timestamp":1608596827,"path_taken":["M","M","M","?","M","E"],"items_purchased_type":[],"build_version":"2020-12-13","purchased_purges":0,"victory":false,"max_hp_per_floor":[68,68,68,68,68,68,68],"relic_stats":{"counters":[5,22],"Astrolabe":["EmptyMind","Vault","Establishment"],"obtain_stats":[{"Astrolabe":0,"PureWater":0},{"Astrolabe":0,"PureWater":0},{"Astrolabe":0,"PureWater":0}]},"card_choices":[{"not_picked":["ClearTheMind","EmptyMind"],"picked":"FollowUp","floor":1},{"not_picked":["ThirdEye","Evaluate"],"picked":"CrushJoints","floor":2},{"not_picked":["Adaptation","ClearTheMind"],"picked":"FlurryOfBlows","floor":3},{"not_picked":["SignatureMove","Alpha"],"picked":"FlyingSleeves","floor":5}],"player_experience":2277448,"relics_obtained":[],"event_choices":[{"damage_healed":0,"gold_gain":150,"player_choice":"AGREE","damage_taken":0,"max_hp_gain":0,"max_hp_loss":0,"event_name":"Liars Game","floor":4,"gold_loss":0,"cards_obtained":["Doubt"]}],"is_beta":false,"boss_relics":[],"items_purged_floors":[],"is_endless":false,"potions_floor_spawned":[5],"killed_by":"3 Sentries","ascension_level":20}}