{"host":"wi1dz5t8299iil0b","time":1608650656,"event":{"mods":["2.2 Compatiblity","Act Like it!","Aspiration","Astrologer","BaseMod","Beaked The Cultist","Better Match","Better Note","Better Sensory Stone","Better Synergies","Better Third Choice","BetterRewards","Colored Map","Colored Powertips","Communication Mod","Conjunction","Conspire","Downfall","Fiend Mod","Friendly Minions","GifTheSpireLib","GungeonMod","Halation","Hallownest","Highlight Path","Hubris","Infinite Spire","Jedi Mod","Lobotomy","Mad Scientist","Minty Spire (QoL Compilation)","Pale of the Ancients","Permanent Neow","Potionbrewer","RNG Fix","Replay The Spire","Shade Mod","Shop Mod","Spikes Relics","StSLib","Stuff the Spire","The Blackbeard","The Bladedancer","The Blue Laboratory","The Bug Knight","The Construct","The Cursed","The Death Knight","The Druid","The Necromancer","The Problem Sleuth","The Sage","TheHeartMod","TheVacant","Trackpad","Wandering Minibosses"],"gold_per_floor":[113,129,129,129,147,172,172,172,172,121,131,56,82,102,102,206,206,219,219,232,232,251,279,299,317,317,317,335,353,353,59,59,255,355,367,379,379,234,234,234,254,279,279,279,291,291,301,147,147,244,244,244],"floor_reached":51,"playtime":3622,"items_purged":["Regret"],"score":1032,"play_id":"ce7d38fb-2e4f-40c5-8fc7-48a8fd341351","local_time":"20201222102416","is_ascension_mode":true,"campfire_choices":[{"data":"TheCursedMod:CircleOfWindfury","floor":8,"key":"SMITH"},{"data":"TheCursedMod:CursedSpellbook","floor":15,"key":"SMITH"},{"data":"TheCursedMod:CollectTribute","floor":40,"key":"SMITH"},{"floor":49,"key":"DIG"}],"circlet_count":0,"master_deck":["TheCursedMod:Strike_TheCursed","TheCursedMod:CleanUpWorkshop","TheCursedMod:SpitefulStrike","TheCursedMod:TacticalStrike","TheCursedMod:VitalStrike","TheCursedMod:FuryStrike","TheCursedMod:FuryStrike","TheCursedMod:CircleOfWindfury+1","TheCursedMod:CursedSpellbook+1","TheCursedMod:StunningStrike","TheCursedMod:SpitefulStrike","TheCursedMod:CircleOfAbyss","TheCursedMod:SpitefulPlan","TheCursedMod:SpitefulPlan","TheCursedMod:CircleOfBlood+1","TheCursedMod:CursedRelics","TheCursedMod:EmpowerCircles","infinitespire:Gouge","TheCursedMod:LuckyCharm","TheCursedMod:CircleOfWindfury","TheCursedMod:NeowsMight","TheCursedMod:HellfireBreathing","TheCursedMod:CollectTribute+1","Pot Of Greed+1","Pot Of Greed+1","Pot Of Greed+1","Madness","Madness"],"relics":["TheCursedMod:FourLeafCloverCharm","aspiration:Nostalgia","Cracked Core","StuffTheSpire:RedRose","trackpad:WindUpAutoDealer","StuffTheSpire:Barrel","conspire:InfiniteJournal","trackpad:SappingStone","potionbrewer:Torch","hubris:MobiusCoin","Pet Ghost","Replay:Wanted Poster","DemoMod:GlassGuonStoneRelic","Grinning Jar","Bag of Marbles","jedi:Pinwheel","Medical Kit","Bottled Lightning","construct:WeddingRing"],"acts_visited":["Exordium","TheCity","TheBeyond","Exordium"],"potions_floor_usage":[5,20,33],"damage_taken":[{"damage":0,"enemies":"Small Slimes","floor":1,"turns":1},{"damage":0,"enemies":"infinitespire:Voidling","floor":2,"turns":1},{"damage":0,"enemies":"Cultist","floor":5,"turns":1},{"damage":0,"enemies":"Replay:BlueRogue","floor":6,"turns":1},{"damage":0,"enemies":"Exordium Wildlife","floor":11,"turns":1},{"damage":0,"enemies":"Lagavulin","floor":13,"turns":3},{"damage":4,"enemies":"Looter","floor":14,"turns":2},{"damage":8,"enemies":"Slime Boss","floor":16,"turns":3},{"damage":17,"enemies":"Chosen","floor":18,"turns":3},{"damage":3,"enemies":"conspire:FuzzyDice","floor":20,"turns":4},{"damage":10,"enemies":"conspire:HollyBat","floor":22,"turns":4},{"damage":24,"enemies":"Nightmare","floor":23,"turns":3},{"damage":12,"enemies":"Sentry and Sphere","floor":24,"turns":3},{"damage":9,"enemies":"Snake Plant","floor":25,"turns":3},{"damage":4,"enemies":"Centurion and Healer","floor":28,"turns":4},{"damage":0,"enemies":"3 Cultists","floor":29,"turns":2},{"damage":0,"enemies":"Collector","floor":33,"turns":4},{"damage":0,"enemies":"Orb Walker","floor":35,"turns":2},{"damage":0,"enemies":"3 Darklings","floor":36,"turns":3},{"damage":0,"enemies":"Sphere and 2 Shapes","floor":41,"turns":1},{"damage":0,"enemies":"beaked:SuperParasite","floor":42,"turns":2},{"damage":0,"enemies":"Maw","floor":45,"turns":2},{"damage":0,"enemies":"3 Darklings","floor":47,"turns":1},{"damage":0,"enemies":"infinitespire:MassOfShapes","floor":50,"turns":1}],"seed_played":"-5636910396666996724","potions_obtained":[{"floor":1,"key":"blueLaboratory:FruitPunch"},{"floor":2,"key":"potionbrewer:NoxiousPotion"},{"floor":6,"key":"blueLaboratory:EnragingPotion"},{"floor":16,"key":"jedi:StrikingPotion"},{"floor":22,"key":"blueLaboratory:StoneskinPotion"},{"floor":25,"key":"Ancient Potion"},{"floor":28,"key":"TheCursedMod:DregsPotion"},{"floor":45,"key":"champ:CounterPotion"}],"is_trial":false,"path_per_floor":["M","M","$","?","M","E","T","R","T","$","M","?","E","M","R","B",null,"M","?","M","?","M","NM","M","M","T","?","M","M","?","$","R_BF","B",null,"M","M","?","$","?","R","M","E","T","?","M","?","M","$","R_BF","B",null],"character_chosen":"THE_CURSED","items_purchased":["TheCursedMod:SpitefulPlan","Pet Ghost","TheCursedMod:HellfireBreathing","Grinning Jar","Medical Kit"],"campfire_rested":0,"item_purchase_floors":[10,31,31,38,48],"current_hp_per_floor":[75,75,75,75,77,77,77,77,77,77,77,77,77,77,77,69,77,60,60,73,73,67,53,69,68,68,68,73,77,77,77,63,75,82,82,82,82,82,58,58,82,82,82,72,82,82,82,82,82,82,82,82],"gold":244,"neow_bonus":"NOSTALGIA","is_daily":false,"chose_seed":false,"campfire_upgraded":3,"win_rate":0.0,"timestamp":1608650656,"path_taken":["M","?","?","?","M","E","?","R","T","?","M","?","E","M","R","BOSS","M","?","M","?","M","NM","M","M","T","?","M","?","?","?","R_BF","BOSS","M","M","?","?","?","R","?","E","T","?","M","?","M","?","R_BF","BOSS"],"items_purchased_type":["Card","Relic","Card","Relic","Relic"],"build_version":"2020-12-13","purchased_purges":1,"victory":false,"max_hp_per_floor":[75,75,75,75,77,77,77,77,77,77,77,77,77,77,77,77,77,77,77,77,77,77,77,77,77,77,77,77,77,77,77,82,82,82,82,82,82,82,82,82,82,82,82,82,82,82,82,82,82,82,82,82],"card_choices":[{"not_picked":["TheCursedMod:Torture","TheCursedMod:FleshFromBone"],"picked":"TheCursedMod:SpitefulStrike","floor":1},{"not_picked":["TheCursedMod:TroublousMinions","TheCursedMod:Torture","TheCursedMod:PrepareRite"],"picked":"SKIP","floor":2},{"not_picked":["TheCursedMod:Stretching","TheCursedMod:CircleOfFlame"],"picked":"TheCursedMod:CircleOfAbyss","floor":5},{"not_picked":["TheCursedMod:FleshFromBone","TheCursedMod:Grudge","TheCursedMod:ReleasedKnowledge"],"picked":"SKIP","floor":6},{"not_picked":["TheCursedMod:CircleOfFlame","TheCursedMod:CursedBlade","TheCursedMod:DoubleShield"],"picked":"SKIP","floor":11},{"not_picked":["TheCursedMod:HellsGateOpen+1","TheCursedMod:TroublousMinions+1"],"picked":"TheCursedMod:CircleOfBlood+1","floor":12},{"not_picked":["TheCursedMod:Grudge","TheCursedMod:CircleOfFlame","TheCursedMod:RavingStaff"],"picked":"SKIP","floor":13},{"not_picked":["TheCursedMod:SmokeScreen","TheCursedMod:StingEye","TheCursedMod:AbyssShockwave"],"picked":"SKIP","floor":14},{"not_picked":["TheCursedMod:ManaCirculation","TheCursedMod:ShockAndAwe"],"picked":"TheCursedMod:CursedRelics","floor":16},{"not_picked":["TheCursedMod:Wield","TheCursedMod:CircleOfWindfury","TheCursedMod:Torture"],"picked":"SKIP","floor":18},{"not_picked":["TheCursedMod:Torture","TheCursedMod:BlessingInDisguise","TheCursedMod:SaltUponWound"],"picked":"SKIP","floor":20},{"not_picked":["TheCursedMod:SurpriseAttack","TheCursedMod:Grudge","TheCursedMod:StingEye"],"picked":"SKIP","floor":22},{"not_picked":["ReplayTheSpireMod:??????????????????????","infinitespire:Punishment"],"picked":"infinitespire:Gouge","floor":23},{"not_picked":["TheCursedMod:VitalStrike","TheCursedMod:CircleOfCorruption+1"],"picked":"TheCursedMod:LuckyCharm","floor":23},{"not_picked":["TheCursedMod:FleshFromBone","TheCursedMod:Mangle"],"picked":"TheCursedMod:HellsGateOpen+1","floor":24},{"not_picked":["TheCursedMod:ReleasedKnowledge","TheCursedMod:SmokeScreen","TheCursedMod:Torture"],"picked":"SKIP","floor":25},{"not_picked":["TheCursedMod:EmpowerCircles+1","TheCursedMod:Stretching+1"],"picked":"TheCursedMod:CircleOfWindfury","floor":28},{"not_picked":["TheCursedMod:FleshFromBone","TheCursedMod:Stretching"],"picked":"TheCursedMod:NeowsMight","floor":29},{"not_picked":["TheCursedMod:VoidForm","TheCursedMod:ParallelWorld"],"picked":"TheCursedMod:CollectTribute","floor":33},{"not_picked":["TheCursedMod:SpitefulPlan","TheCursedMod:CircleOfCorruption","TheCursedMod:FleshFromBone"],"picked":"SKIP","floor":35},{"not_picked":["TheCursedMod:CircleOfAmplification+1","TheCursedMod:CursedStaff+1","TheCursedMod:FleshFromBone+1"],"picked":"SKIP","floor":36},{"not_picked":["TheCursedMod:SpitefulStrike","TheCursedMod:WearCloak","TheCursedMod:Wield+1"],"picked":"SKIP","floor":41},{"not_picked":["TheCursedMod:CursedBlade","TheCursedMod:Stigma","TheCursedMod:Obscuration"],"picked":"SKIP","floor":42},{"not_picked":["TheCursedMod:CircleOfAmplification+1","TheCursedMod:RapidMovement","TheCursedMod:AbyssShockwave"],"picked":"SKIP","floor":45},{"not_picked":["TheCursedMod:ManaBullet+1","TheCursedMod:CircleOfFlame+1","TheCursedMod:CursedArmor+1"],"picked":"SKIP","floor":47}],"player_experience":146919,"relics_obtained":[{"floor":6,"key":"trackpad:WindUpAutoDealer"},{"floor":7,"key":"StuffTheSpire:Barrel"},{"floor":9,"key":"conspire:InfiniteJournal"},{"floor":13,"key":"trackpad:SappingStone"},{"floor":23,"key":"potionbrewer:Torch"},{"floor":26,"key":"hubris:MobiusCoin"},{"floor":42,"key":"Bag of Marbles"},{"floor":43,"key":"jedi:Pinwheel"},{"floor":49,"key":"Bottled Lightning"}],"event_choices":[{"damage_healed":0,"gold_gain":0,"player_choice":"2","damage_taken":0,"max_hp_gain":0,"max_hp_loss":0,"event_name":"betterMatch:BetterMatch","floor":12,"gold_loss":0,"cards_obtained":["betterMatch:UncommonCard"]},{"damage_healed":0,"gold_gain":0,"player_choice":"Leave","damage_taken":0,"max_hp_gain":0,"max_hp_loss":0,"event_name":"conspire:Investor","floor":27,"gold_loss":0},{"damage_healed":0,"gold_gain":0,"player_choice":"Got Potions","damage_taken":0,"max_hp_gain":0,"max_hp_loss":0,"event_name":"Lab","floor":30,"gold_loss":0},{"damage_healed":0,"gold_gain":0,"player_choice":"Shed Blood","damage_taken":19,"max_hp_gain":5,"max_hp_loss":0,"event_name":"Forgotten Altar","floor":32,"gold_loss":0},{"damage_healed":0,"gold_gain":0,"player_choice":"Embrace Madness","damage_taken":10,"max_hp_gain":0,"max_hp_loss":0,"event_name":"Winding Halls","floor":44,"gold_loss":0,"cards_obtained":["Madness","Madness"]},{"cards_removed":["TheCursedMod:HellsGateOpen"],"damage_healed":0,"gold_gain":0,"player_choice":"Offered Uncommon","damage_taken":0,"max_hp_gain":0,"max_hp_loss":0,"event_name":"Bonfire Elementals","floor":46,"gold_loss":0}],"is_beta":false,"boss_relics":[{"not_picked":["aspiration:BeakedSkillbook","halation:Yufonium","trackpad:Trackpad"]},{"not_picked":["infinitespire:Cupcake","Busted Crown"],"picked":"Replay:Wanted Poster"},{"not_picked":["StuffTheSpire:RunicConfusion","aspiration:RunicSpoon"],"picked":"construct:WeddingRing"}],"items_purged_floors":[31],"is_endless":true,"potions_floor_spawned":[1,2,6,16,22,25,28,45,47],"ascension_level":1}}