{"host":"1zjc08c6hob33401","time":1608639293,"event":{"mods":["AchievementEnabler","Act Like it!","Aspiration","BaseMod","Downfall","Energized Spire","GifTheSpireLib","Hermit","Hubris","Infinite Spire","Jedi Mod","Jorbs\u0027s Wanderer Trilogy","Minty Spire (QoL Compilation)","Pale of the Ancients","Quick Restart","Replay The Spire","Retaliation","Shop Mod","StSLib","Stuff the Spire","Swap Starting Deck Mod","The Blue Laboratory","The Gatherer","The Poker Player","The Runesmith","Wandering Minibosses"],"gold_per_floor":[0,0,0,16,16,46,93,112,129,54,67,83,102,37,56,56,56,56],"floor_reached":16,"playtime":1197,"items_purged":[],"score":104,"play_id":"d3c6bb7f-2655-4d90-b290-1512cc5c280f","local_time":"20201222141453","is_ascension_mode":false,"campfire_choices":[{"data":"hexamod:PhantomCloak","floor":3.0,"key":"SMITH"},{"data":"hexamod:NecessarySacrifice","floor":5.0,"key":"SMITH"},{"floor":10.0,"key":"REST"}],"circlet_count":0,"master_deck":["hexamod:Strike+1","hexamod:Strike+1","hexamod:Strike","hexamod:Strike+1","hexamod:Sear+1","hexamod:Float+1","hexamod:SkipABeat+1","hexamod:PhantomCloak+1","hexamod:SixthSeal","hexamod:NecessarySacrifice+1","hexamod:SearingWound+1","hexamod:GhostOfSpirePast+1","hexamod:SixthSeal","hexamod:EmpoweredFlame","hexamod:FirstSeal","hexamod:AdvancingGuard","hexamod:WildfireWeapon","hexamod:ThermalTransfer"],"relics":["hexamod:SpiritBrand","Ancient Tea Set","MealTicket","downfall:HeartBlessingGreen"],"acts_visited":["Exordium"],"potions_floor_usage":[15,15],"damage_taken":[{"damage":6.0,"enemies":"Small Slimes","floor":4.0,"turns":4.0},{"damage":22.0,"enemies":"Lagavulin","floor":6.0,"turns":6.0},{"damage":6.0,"enemies":"Cultist","floor":8.0,"turns":4.0},{"damage":11.0,"enemies":"Jaw Worm","floor":9.0,"turns":4.0},{"damage":19.0,"enemies":"Lots of Slimes","floor":11.0,"turns":3.0},{"damage":13.0,"enemies":"3 Louse","floor":12.0,"turns":4.0},{"damage":9.0,"enemies":"Red Slaver","floor":13.0,"turns":3.0},{"damage":10.0,"enemies":"downfall:FleeingMerchant","floor":14.0,"turns":4.0},{"damage":13,"enemies":"Large Slime","floor":15,"turns":9},{"damage":26,"enemies":"downfall:Defect","floor":16,"turns":4}],"seed_played":"5672619660145730713","potions_obtained":[{"floor":4.0,"key":"Adrenaline Potion"},{"floor":9.0,"key":"blueLaboratory:NullPotion"},{"floor":11.0,"key":"Elixir"}],"is_trial":false,"path_per_floor":["R","?","R","M","R","E","T","M","M","R","M","M","M","$","M","B"],"character_chosen":"THE_SPIRIT","items_purchased":["Block Potion"],"campfire_rested":1,"item_purchase_floors":[14],"current_hp_per_floor":[70,70,70,64,64,42,42,36,25,46,27,14,12,24,18,0,0,0],"gold":56,"neow_bonus":"TRANSFORM_TWO_CARDS","is_daily":false,"chose_seed":false,"campfire_upgraded":2,"win_rate":0.0,"timestamp":1608639293,"path_taken":["R","?","R","M","R","E","T","M","?","R","M","M","?","$","M","BOSS"],"items_purchased_type":["Potion"],"build_version":"2020-12-13","purchased_purges":0,"victory":false,"max_hp_per_floor":[70,70,70,70,70,70,70,70,70,70,70,70,70,70,70,70,70,70],"card_choices":[{"not_picked":["hexamod:ThermalTransfer","hexamod:SpectersWail"],"picked":"hexamod:NecessarySacrifice","floor":4.0},{"not_picked":["hexamod:SpectralAdrenaline","hexamod:RainOfEmbers"],"picked":"hexamod:SearingWound","floor":6.0},{"not_picked":["hexamod:HauntingEcho","hexamod:GhostShield"],"picked":"hexamod:GhostOfSpirePast","floor":8.0},{"not_picked":["hexamod:InspiringFlames","hexamod:ThermalTransfer"],"picked":"hexamod:SixthSeal","floor":9.0},{"not_picked":["hexamod:NightmareStrike","hexamod:GhostOfSpirePresent"],"picked":"hexamod:EmpoweredFlame","floor":11.0},{"not_picked":["hexamod:SoulSteal","hexamod:Hexaguard"],"picked":"hexamod:FirstSeal","floor":12.0},{"not_picked":["hexamod:BacktrackSmack","hexamod:PhantomCloak"],"picked":"hexamod:AdvancingGuard","floor":13.0},{"not_picked":["hexamod:ExtraCrispy","hexamod:RainOfEmbers"],"picked":"hexamod:WildfireWeapon","floor":14.0},{"not_picked":["hexamod:ShieldOfDarkness","hexamod:NightmareStrike"],"picked":"hexamod:ThermalTransfer","floor":15}],"player_experience":470162,"relics_obtained":[{"floor":6.0,"key":"Ancient Tea Set"},{"floor":7.0,"key":"MealTicket"}],"event_choices":[{"cards_removed":["hexamod:Defend"],"damage_healed":0.0,"max_hp_gain":0.0,"max_hp_loss":0.0,"gold_gain":0.0,"event_name":"Bonfire Elementals","player_choice":"Offered Basic","floor":2.0,"gold_loss":0.0,"damage_taken":0.0}],"is_beta":false,"boss_relics":[],"items_purged_floors":[],"is_endless":false,"potions_floor_spawned":[4,9,11],"killed_by":"downfall:Defect","ascension_level":0}}