{"host":"rjx4accq0ysw8w2o","time":1608673175,"event":{"mods":["AchievementEnabler","BaseMod","Block Reminder","Colored Map","Colored Powertips","DeckTracker","Highlight Path","Minty Spire (QoL Compilation)","Quick Restart","Rare Cards Sparkle"],"gold_per_floor":[12,12,12,12,36,36,69,69,69,69,69,94,94,118,118,243,243,256,275,275,275,294,294,329,329,397,417,435,435,435,435],"floor_reached":30,"playtime":2156,"items_purged":[],"score":273,"play_id":"1ff955a3-4dbd-4d3a-ac04-c9df1bb3e838","local_time":"20201222223935","is_ascension_mode":true,"campfire_choices":[{"data":"Dualcast","floor":6.0,"key":"SMITH"},{"data":"Redo","floor":13,"key":"SMITH"},{"floor":15,"key":"REST"},{"floor":23,"key":"REST"},{"floor":25,"key":"REST"}],"circlet_count":0,"master_deck":["Strike_B","Strike_B","Strike_B","Defend_B","Defend_B","Defend_B","Zap+1","Dualcast+1","Leap","Injury","Melter","Redo+1","Rainbow","CurseOfTheBell","Leap+1","Auto Shields+1"],"relics":["Cracked Core","Bloody Idol","NlothsMask","Oddly Smooth Stone","Pocketwatch","Calling Bell","Smiling Mask","Toxic Egg 2","Bird Faced Urn","PreservedInsect","Peace Pipe"],"acts_visited":["Exordium","TheCity"],"potions_floor_usage":[19,24,30],"damage_taken":[{"damage":8.0,"enemies":"Small Slimes","floor":1.0,"turns":4.0},{"damage":2.0,"enemies":"Jaw Worm","floor":5.0,"turns":3.0},{"damage":25,"enemies":"Gremlin Nob","floor":7,"turns":5},{"damage":0,"enemies":"2 Louse","floor":12,"turns":1},{"damage":12,"enemies":"Exordium Thugs","floor":14,"turns":5},{"damage":53,"enemies":"Slime Boss","floor":16,"turns":11},{"damage":20,"enemies":"2 Thieves","floor":18,"turns":4},{"damage":8,"enemies":"Shell Parasite","floor":19,"turns":4},{"damage":11,"enemies":"Centurion and Healer","floor":22,"turns":8},{"damage":56,"enemies":"Gremlin Leader","floor":24,"turns":8},{"damage":27,"enemies":"Snake Plant","floor":27,"turns":4},{"damage":16,"enemies":"Shelled Parasite and Fungi","floor":28,"turns":7},{"damage":24,"enemies":"Centurion and Healer","floor":30,"turns":6}],"seed_played":"-3213559694188056744","potions_obtained":[{"floor":7,"key":"Swift Potion"},{"floor":14,"key":"SpeedPotion"},{"floor":16,"key":"GamblersBrew"},{"floor":18,"key":"FocusPotion"},{"floor":27,"key":"ColorlessPotion"},{"floor":28,"key":"ColorlessPotion"}],"is_trial":false,"path_per_floor":["M","?","?","?","M","R","E","?","T","?","$","M","R","M","R","B",null,"M","M","?","?","M","R","E","R","T","M","M","T","M"],"character_chosen":"DEFECT","items_purchased":[],"campfire_rested":3,"item_purchase_floors":[],"current_hp_per_floor":[67,67,67,67,65,65,40,45,45,45,45,45,45,33,57,4,80,60,52,52,52,46,70,19,43,48,26,15,15,0,0],"gold":435,"neow_bonus":"REMOVE_TWO","is_daily":false,"chose_seed":false,"campfire_upgraded":2,"win_rate":0.0,"timestamp":1608673175,"path_taken":["M","?","?","?","?","R","E","?","T","?","$","M","R","M","R","BOSS","M","?","?","?","M","R","E","R","T","M","M","?","M"],"items_purchased_type":[],"build_version":"2020-12-13","purchased_purges":0,"victory":false,"max_hp_per_floor":[75,75,75,75,75,75,75,80,80,80,80,80,80,80,80,80,80,80,80,80,80,80,80,80,80,80,80,80,80,80,80],"card_choices":[{"not_picked":["Reinforced Body","Gash"],"picked":"Leap","floor":1.0},{"not_picked":["Cold Snap","Stack"],"picked":"Melter","floor":5.0},{"not_picked":["Fission","Sweeping Beam"],"picked":"Redo","floor":7},{"not_picked":["Leap","BootSequence","Redo"],"picked":"SKIP","floor":12},{"not_picked":["Sweeping Beam","Consume","Redo"],"picked":"SKIP","floor":14},{"not_picked":["Multi-Cast","Amplify"],"picked":"Rainbow","floor":16},{"not_picked":["Rebound","Streamline","Storm"],"picked":"SKIP","floor":18},{"not_picked":["Scrape+1","Storm","Ball Lightning"],"picked":"SKIP","floor":19},{"not_picked":["Go for the Eyes","Heatsinks","Sunder"],"picked":"SKIP","floor":22},{"not_picked":["Stack+1","Barrage"],"picked":"Leap+1","floor":24},{"not_picked":["Beam Cell","Blizzard"],"picked":"Auto Shields+1","floor":27},{"not_picked":["Streamline+1","Rebound","Lockon"],"picked":"SKIP","floor":28}],"player_experience":94493,"relics_obtained":[{"floor":7,"key":"Oddly Smooth Stone"},{"floor":17,"key":"Smiling Mask"},{"floor":17,"key":"Toxic Egg 2"},{"floor":17,"key":"Bird Faced Urn"},{"floor":24,"key":"PreservedInsect"},{"floor":29,"key":"Peace Pipe"}],"event_choices":[{"damage_healed":0.0,"max_hp_gain":0.0,"max_hp_loss":0.0,"gold_gain":0.0,"event_name":"Golden Idol","player_choice":"Take Wound","floor":2.0,"gold_loss":0.0,"damage_taken":0.0,"relics_obtained":["Golden Idol"],"cards_obtained":["Injury"]},{"damage_healed":0.0,"max_hp_gain":0.0,"max_hp_loss":0.0,"gold_gain":0.0,"event_name":"Living Wall","player_choice":"Grow","floor":3.0,"gold_loss":0.0,"damage_taken":0.0,"cards_upgraded":["Zap"]},{"damage_healed":0.0,"max_hp_gain":0.0,"max_hp_loss":0.0,"gold_gain":0.0,"event_name":"FaceTrader","player_choice":"Trade","floor":4.0,"gold_loss":0.0,"damage_taken":0.0,"relics_obtained":["NlothsMask"]},{"damage_healed":0,"gold_gain":0,"player_choice":"Donut","damage_taken":0,"max_hp_gain":5,"max_hp_loss":0,"event_name":"Big Fish","floor":8,"gold_loss":0},{"damage_healed":0,"gold_gain":0,"player_choice":"Gave Potion","damage_taken":0,"relics_obtained":["Pocketwatch"],"max_hp_gain":0,"max_hp_loss":0,"event_name":"WeMeetAgain","floor":10,"gold_loss":0},{"damage_healed":0,"gold_gain":0,"player_choice":"Gave Idol","damage_taken":0,"relics_obtained":["Bloody Idol"],"max_hp_gain":0,"max_hp_loss":0,"event_name":"Forgotten Altar","floor":20,"relics_lost":["Golden Idol"],"gold_loss":0},{"damage_healed":0,"gold_gain":0,"player_choice":"Ignored","damage_taken":0,"max_hp_gain":0,"max_hp_loss":0,"event_name":"Vampires","floor":21,"gold_loss":0}],"is_beta":false,"boss_relics":[{"not_picked":["Coffee Dripper","Ectoplasm"],"picked":"Calling Bell"}],"items_purged_floors":[],"is_endless":false,"potions_floor_spawned":[7,14,16,18,27,28],"killed_by":"Centurion and Healer","ascension_level":2}}