{"host":"g1na4j704t0qpw5f","time":1608673296,"event":{"mods":["AchievementEnabler","BaseMod","Card Forge","Colored Powertips","Custom Start","Googly Eyes","Highlight Path","Minty Spire (QoL Compilation)","StSLib"],"gold_per_floor":[115,49107,49118,49130,49149,49176,49194,49194,49194],"floor_reached":8,"playtime":1709,"items_purged":["Strike_B"],"score":241,"play_id":"fc67d4e1-47b1-49f2-8737-4a2d4f26846d","local_time":"20201222164136","is_ascension_mode":true,"campfire_choices":[],"circlet_count":0,"master_deck":["AscendersBane","Strike_B","Strike_B","Strike_B","Defend_B","Defend_B","Defend_B","Defend_B","Zap","Dualcast","Cold Snap","Defragment","Capacitor","Defragment","Buffer","Static Discharge","Coolheaded","Chaos","Melter","BootSequence","Glacier","Double Energy","Coolheaded","Seek"],"relics":["Hammer of Thor","Seething Fire","Anvil of the Gods","Velvet Choker","Orrery","Kunai","Blood Vial","The Courier"],"acts_visited":["Exordium"],"potions_floor_usage":[8],"damage_taken":[{"damage":1,"enemies":"Small Slimes","floor":1,"turns":4},{"damage":3,"enemies":"Cultist","floor":3,"turns":4},{"damage":0,"enemies":"2 Louse","floor":4,"turns":2},{"damage":43,"enemies":"Exordium Thugs","floor":5,"turns":6},{"damage":0,"enemies":"Lagavulin","floor":6,"turns":10},{"damage":0,"enemies":"Blue Slaver","floor":7,"turns":6},{"damage":46,"enemies":"Gremlin Nob","floor":8,"turns":6}],"seed_played":"1667601295751372788","potions_obtained":[{"floor":1,"key":"BlessingOfTheForge"}],"is_trial":false,"path_per_floor":["M","$","M","M","M","E","M","E"],"character_chosen":"DEFECT","items_purchased":["Defragment","Orrery","Kunai","Blood Vial","Coolheaded","Chaos","Melter","Block Potion"],"campfire_rested":0,"item_purchase_floors":[2,2,2,2,2,2,2,2],"current_hp_per_floor":[63,63,62,64,23,25,27,0,0],"gold":49194,"neow_bonus":"BOSS_RELIC","is_daily":false,"chose_seed":false,"campfire_upgraded":0,"win_rate":0.0,"timestamp":1608673296,"path_taken":["M","$","M","M","M","E","M","E"],"items_purchased_type":["Card","Relic","Relic","Relic","Card","Card","Card","Potion"],"build_version":"2020-12-13","purchased_purges":1,"victory":false,"max_hp_per_floor":[71,71,71,71,71,71,71,71,71],"card_choices":[{"not_picked":["Fusion","Recycle"],"picked":"Cold Snap","floor":1},{"not_picked":["Barrage","Rip and Tear"],"picked":"Capacitor","floor":2},{"not_picked":["Fusion","Doom and Gloom"],"picked":"Defragment","floor":2},{"not_picked":["Compile Driver","Coolheaded"],"picked":"Buffer","floor":2},{"not_picked":["Auto Shields","Scrape"],"picked":"Static Discharge","floor":2},{"not_picked":["Stack","Coolheaded"],"picked":"BootSequence","floor":3},{"not_picked":["Self Repair","Streamline"],"picked":"Glacier","floor":4},{"not_picked":["Hologram","Stack"],"picked":"Double Energy","floor":5},{"not_picked":["BootSequence","Rebound"],"picked":"Coolheaded","floor":6},{"not_picked":["Loop","Sweeping Beam"],"picked":"Seek","floor":7}],"player_experience":491400,"relics_obtained":[{"floor":6,"key":"The Courier"}],"event_choices":[],"is_beta":false,"boss_relics":[],"items_purged_floors":[2],"is_endless":false,"potions_floor_spawned":[1,4,7],"killed_by":"Gremlin Nob","ascension_level":19}}