{"host":"naykp6d9ulahlwib","time":1608675218,"event":{"mods":["BaseMod","Highlight Path","Minty Spire (QoL Compilation)","Shop Mod","StSLib"],"gold_per_floor":[110,130,55,130,30,30,48,48,48,48,58,58,76,76,76,153,153,170,95,8,22,22,22,52,62,62,62,62,62,62,79,79,155,155,171,171,171],"floor_reached":36,"playtime":2233,"items_purged":["Strike_P","Defend_P"],"score":777,"play_id":"15c59c0c-c335-466c-a085-3a9f99e17438","local_time":"20201222161338","is_ascension_mode":true,"campfire_choices":[{"data":"Eruption","floor":6.0,"key":"SMITH"},{"data":"Vigilance","floor":8.0,"key":"SMITH"},{"data":"MasterReality","floor":15.0,"key":"SMITH"},{"data":"Fasting2","floor":23.0,"key":"SMITH"},{"floor":27.0,"key":"REST"},{"data":"DevaForm","floor":29.0,"key":"SMITH"},{"floor":32.0,"key":"REST"}],"circlet_count":0,"master_deck":["AscendersBane","Strike_P","Strike_P","Defend_P","Defend_P","Eruption+1","Vigilance+1","CurseOfTheBell","DeceiveReality","CarveReality","EmptyFist","MasterReality+1","DevaForm+1","Collect","Fasting2+1","Perseverance","Blasphemy"],"relics":["Calling Bell","Prayer Wheel","Eternal Feather","Orichalcum","StoneCalendar","Philosopher\u0027s Stone","Potion Belt","TeardropLocket","Cursed Key"],"acts_visited":["Exordium","TheCity","TheBeyond"],"potions_floor_usage":[],"damage_taken":[{"damage":0.0,"enemies":"Cultist","floor":1.0,"turns":3.0},{"damage":0.0,"enemies":"Jaw Worm","floor":2.0,"turns":3.0},{"damage":0.0,"enemies":"Small Slimes","floor":7.0,"turns":2.0},{"damage":0.0,"enemies":"Exordium Wildlife","floor":11.0,"turns":6.0},{"damage":0.0,"enemies":"Gremlin Gang","floor":13.0,"turns":4.0},{"damage":0.0,"enemies":"Slime Boss","floor":16.0,"turns":5.0},{"damage":6.0,"enemies":"Spheric Guardian","floor":18.0,"turns":5.0},{"damage":29.0,"enemies":"Shell Parasite","floor":21.0,"turns":5.0},{"damage":38.0,"enemies":"Gremlin Leader","floor":24.0,"turns":4.0},{"damage":1.0,"enemies":"Cultist and Chosen","floor":25.0,"turns":7.0},{"damage":9.0,"enemies":"Centurion and Healer","floor":31.0,"turns":4.0},{"damage":58,"enemies":"Automaton","floor":33,"turns":9},{"damage":45,"enemies":"Orb Walker","floor":35,"turns":5},{"damage":19,"enemies":"3 Darklings","floor":36,"turns":1}],"seed_played":"8552569212819168974","potions_obtained":[{"floor":7.0,"key":"FearPotion"},{"floor":11.0,"key":"LiquidBronze"},{"floor":13.0,"key":"Ambrosia"},{"floor":18.0,"key":"AttackPotion"},{"floor":30.0,"key":"Strength Potion"},{"floor":30.0,"key":"Weak Potion"},{"floor":33,"key":"Strength Potion"}],"is_trial":false,"path_per_floor":["M","M","$","?","$","R","M","R","T","?","M","$","M","$","R","B",null,"M","?","$","M","$","R","E","M","T","R","?","R","?","M","R","B",null,"M","M"],"character_chosen":"WATCHER","items_purchased":["Fasting2"],"campfire_rested":2,"item_purchase_floors":[20],"current_hp_per_floor":[61,61,61,50,50,56,56,62,62,62,62,62,62,62,68,68,68,62,62,62,33,33,42,4,3,3,32,32,41,41,32,61,3,52,7,0,0],"gold":171,"neow_bonus":"BOSS_RELIC","is_daily":false,"chose_seed":false,"campfire_upgraded":5,"win_rate":0.0,"timestamp":1608675218,"path_taken":["M","M","?","?","$","R","M","R","T","?","?","$","?","?","R","BOSS","M","?","$","M","$","R","E","M","T","R","?","R","?","M","R","BOSS","M","?"],"items_purchased_type":["Card"],"build_version":"2020-12-13","purchased_purges":2,"victory":false,"max_hp_per_floor":[68,68,68,68,68,68,68,68,68,68,68,68,68,68,68,68,68,68,68,68,68,68,68,68,68,68,68,68,68,68,68,68,68,68,68,68,68],"card_choices":[{"not_picked":["Consecrate","Wireheading"],"picked":"DeceiveReality","floor":1.0},{"not_picked":["EmptyMind","FlurryOfBlows"],"picked":"CarveReality","floor":1.0},{"not_picked":["Sanctity","CutThroughFate","JustLucky"],"picked":"SKIP","floor":2.0},{"not_picked":["Halt","CrushJoints","Study"],"picked":"SKIP","floor":2.0},{"not_picked":["CutThroughFate","EmptyBody","Pray"],"picked":"SKIP","floor":7.0},{"not_picked":["EmptyFist","Prostrate","Adaptation"],"picked":"SKIP","floor":7.0},{"not_picked":["CrushJoints","Prostrate"],"picked":"EmptyFist","floor":11.0},{"not_picked":["Halt","ClearTheMind","CutThroughFate"],"picked":"SKIP","floor":11.0},{"not_picked":["PathToVictory","FollowUp"],"picked":"MasterReality","floor":13.0},{"not_picked":["ClearTheMind","FlyingSleeves","Adaptation"],"picked":"SKIP","floor":13.0},{"not_picked":["LessonLearned","Ragnarok"],"picked":"DevaForm","floor":16.0},{"not_picked":["FollowUp","CutThroughFate+1"],"picked":"Collect","floor":18.0},{"not_picked":["Evaluate","PathToVictory","Pray"],"picked":"SKIP","floor":18.0},{"not_picked":["LikeWater","Sanctity","PathToVictory"],"picked":"SKIP","floor":21.0},{"not_picked":["BowlingBash","SandsOfTime+1","FollowUp"],"picked":"SKIP","floor":21.0},{"not_picked":["ConjureBlade","CutThroughFate"],"picked":"Perseverance","floor":24.0},{"not_picked":["WreathOfFlame","EmptyFist","FollowUp"],"picked":"SKIP","floor":25.0},{"not_picked":["JustLucky","EmptyBody","Consecrate"],"picked":"SKIP","floor":25.0},{"not_picked":["FearNoEvil","FlyingSleeves","PathToVictory"],"picked":"SKIP","floor":31.0},{"not_picked":["FollowUp","Evaluate","BowlingBash"],"picked":"SKIP","floor":31.0},{"not_picked":["Scrawl","Omniscience"],"picked":"Blasphemy","floor":33},{"not_picked":["Protect","BowlingBash","SashWhip"],"picked":"SKIP","floor":35},{"not_picked":["EmptyBody","Evaluate","JustLucky"],"picked":"SKIP","floor":35}],"player_experience":873409,"relics_obtained":[{"floor":0.0,"key":"Prayer Wheel"},{"floor":0.0,"key":"Eternal Feather"},{"floor":0.0,"key":"Orichalcum"},{"floor":9.0,"key":"StoneCalendar"},{"floor":24.0,"key":"Potion Belt"},{"floor":26.0,"key":"TeardropLocket"}],"event_choices":[{"damage_healed":0.0,"max_hp_gain":0.0,"max_hp_loss":0.0,"gold_gain":75.0,"event_name":"World of Goop","player_choice":"Gather Gold","floor":4.0,"gold_loss":0.0,"damage_taken":11.0},{"cards_removed":["Strike_P"],"damage_healed":0.0,"max_hp_gain":0.0,"max_hp_loss":0.0,"gold_gain":0.0,"event_name":"Living Wall","player_choice":"Forget","floor":10.0,"gold_loss":0.0,"damage_taken":0.0},{"cards_removed":["Defend_P"],"damage_healed":0.0,"max_hp_gain":0.0,"max_hp_loss":0.0,"gold_gain":0.0,"event_name":"Beggar","player_choice":"Gave Gold","floor":19.0,"gold_loss":75.0,"damage_taken":0.0},{"damage_healed":0.0,"max_hp_gain":0.0,"max_hp_loss":0.0,"gold_gain":0.0,"event_name":"Ghosts","player_choice":"Ignored","floor":28.0,"gold_loss":0.0,"damage_taken":0.0},{"damage_healed":0.0,"max_hp_gain":0.0,"max_hp_loss":0.0,"gold_gain":0.0,"event_name":"Lab","player_choice":"Got Potions","floor":30.0,"gold_loss":0.0,"damage_taken":0.0}],"is_beta":false,"boss_relics":[{"not_picked":["VioletLotus","Runic Dome"],"picked":"Philosopher\u0027s Stone"},{"not_picked":["Sozu","Empty Cage"],"picked":"Cursed Key"}],"items_purged_floors":[3,5],"is_endless":false,"potions_floor_spawned":[7,11,13,18,33],"killed_by":"3 Darklings","ascension_level":17}}