{"host":"7o30bgpqouqblh42","time":1608608020,"event":{"mods":["AchievementEnabler","Aspiration","BaseMod","Colored Map","Downfall","Highlight Path","Minty Spire (QoL Compilation)","StSLib","SuperFastMode"],"gold_per_floor":[99,99,24,52,52,62,62,79,97,97,116,136,153,328,347,448,448,448,462,480,498,509,509,509,81,114,133,133,33,48,48,62,161,161,161,174,449,467,479,479,506,523,537,537,552,552,291,291,309,309,309,309],"floor_reached":50,"playtime":4725,"items_purged":["Doubt","Regret"],"score":522,"play_id":"a718405b-d1b8-465c-b62c-060d966a1e70","local_time":"20201221223340","is_ascension_mode":false,"campfire_choices":[{"floor":1.0,"key":"RECALL"},{"data":"Guardian:RefractedBeam","floor":3.0,"key":"SMITH"},{"data":"Guardian:RefractedBeam+1","floor":10.0,"key":"SMITH"},{"data":"Guardian:GemFinder","floor":18.0,"key":"SMITH"},{"data":"Guardian:RefractedBeam+2","floor":23,"key":"SMITH"},{"data":"Guardian:RefractedBeam+3","floor":28,"key":"SMITH"},{"data":"expansioncontent:CaCaw","floor":35,"key":"SMITH"},{"data":"Guardian:ChargeUp","floor":40,"key":"SMITH"},{"data":"Guardian:SpikerProtocol","floor":44,"key":"SMITH"}],"circlet_count":3,"master_deck":["Guardian:CurlUp","Guardian:TwinSlam","Guardian:RefractedBeam+4","Guardian:Recover","Guardian:ChargeCore","Guardian:FloatingOrbs","Guardian:TemporalStrike","Guardian:GemFinder+1","Guardian:Preprogram","Guardian:ShieldCharger","Guardian:Reroute","Guardian:SpikerProtocol+1","Guardian:BaubleBeam","Guardian:TemporalStrike","Guardian:ChargeUp+1","expansioncontent:DashGenerateEvil","expansioncontent:CaCaw+1","Guardian:Reroute+1","Guardian:CrystalBeam","Guardian:BaubleBeam","Guardian:SpikerProtocol+1","Guardian:ShieldCharger","Guardian:BronzeOrb","Guardian:FastForward","Guardian:RollAttack","Guardian:DonusPower+1","Parasite","Guardian:Preprogram+1","Guardian:RollAttack+1","Guardian:BronzeOrb+1"],"relics":["Guardian:ModeShifter","downfall:HeartsMalice","downfall:HeartBlessingRed","Smiling Mask","Eternal Feather","aspiration:RitualDagger","Bird Faced Urn","Membership Card","Circlet","Pandora\u0027s Box","Oddly Smooth Stone"],"acts_visited":["Exordium","TheCity","TheBeyond"],"potions_floor_usage":[21,27,33,33,33,38,45],"damage_taken":[{"damage":0.0,"enemies":"Cultist","floor":2.0,"turns":1.0},{"damage":0.0,"enemies":"Gremlin Nob","floor":4.0,"turns":1.0},{"damage":0.0,"enemies":"2 Louse","floor":5.0,"turns":1.0},{"damage":0.0,"enemies":"Small Slimes","floor":6.0,"turns":4.0},{"damage":2.0,"enemies":"Blue Slaver","floor":8.0,"turns":3.0},{"damage":0.0,"enemies":"Exordium Wildlife","floor":9.0,"turns":3.0},{"damage":0.0,"enemies":"3 Louse","floor":11.0,"turns":3.0},{"damage":2.0,"enemies":"Blue Slaver","floor":12.0,"turns":4.0},{"damage":1.0,"enemies":"2 Fungi Beasts","floor":13.0,"turns":2.0},{"damage":4.0,"enemies":"Large Slime","floor":15.0,"turns":6.0},{"damage":12.0,"enemies":"downfall:Watcher","floor":16.0,"turns":10.0},{"damage":19.0,"enemies":"Spheric Guardian","floor":19.0,"turns":3.0},{"damage":19,"enemies":"3 Byrds","floor":20,"turns":5},{"damage":26,"enemies":"Snecko","floor":21,"turns":5},{"damage":36,"enemies":"Centurion and Healer","floor":22,"turns":6},{"damage":16,"enemies":"downfall:FleeingMerchant","floor":25,"turns":4},{"damage":18,"enemies":"Book of Stabbing","floor":26,"turns":4},{"damage":32,"enemies":"Sentry and Sphere","floor":27,"turns":4},{"damage":16,"enemies":"downfall:FleeingMerchant","floor":29,"turns":4},{"damage":12,"enemies":"3 Cultists","floor":30,"turns":4},{"damage":43,"enemies":"Centurion and Healer","floor":32,"turns":5},{"damage":54,"enemies":"downfall:Ironclad","floor":33,"turns":6},{"damage":17,"enemies":"Orb Walker","floor":36,"turns":3},{"damage":30,"enemies":"3 Darklings","floor":38,"turns":3},{"damage":29,"enemies":"Writhing Mass","floor":39,"turns":6},{"damage":21,"enemies":"Jaw Worm Horde","floor":42,"turns":4},{"damage":33,"enemies":"Maw","floor":43,"turns":6},{"damage":38,"enemies":"Sphere and 2 Shapes","floor":45,"turns":4},{"damage":35,"enemies":"downfall:FleeingMerchant","floor":47,"turns":4},{"damage":37,"enemies":"Jaw Worm Horde","floor":49,"turns":4},{"damage":61,"enemies":"downfall:Silent","floor":50,"turns":4}],"seed_played":"-6643360624497238294","potions_obtained":[{"floor":8.0,"key":"BlessingOfTheForge"},{"floor":9.0,"key":"ColorlessPotion"},{"floor":11.0,"key":"hexamod:EctoCoolerPotion"},{"floor":13.0,"key":"FearPotion"},{"floor":16.0,"key":"DistilledChaos"},{"floor":19.0,"key":"Energy Potion"},{"floor":22,"key":"SteroidPotion"},{"floor":26,"key":"champ:CounterPotion"},{"floor":32,"key":"champ:CounterPotion"},{"floor":36,"key":"Fruit Juice"},{"floor":43,"key":"champ:CounterPotion"},{"floor":45,"key":"Ancient Potion"},{"floor":49,"key":"hexamod:EctoCoolerPotion"}],"is_trial":false,"path_per_floor":["R","M","R","E","M","M","T","M","M","R","M","M","M","?","M","B",null,"R","M","M","M","M","R","T","$","E","M","R","$","M","?","M","B",null,"R","M","?","M","M","R","T","M","M","R","M","?","$","?","M","B"],"character_chosen":"GUARDIAN","items_purchased":["Membership Card","Circlet","expansioncontent:DashGenerateEvil","Circlet"],"campfire_rested":0,"item_purchase_floors":[25,25,29,47],"current_hp_per_floor":[80,80,80,80,80,80,80,78,78,80,80,78,77,77,73,61,80,80,61,42,16,68,80,80,78,80,58,73,80,80,80,56,40,80,80,75,75,75,75,85,85,84,82,85,65,65,49,58,43,0,0,0],"gold":309,"neow_bonus":"THREE_ENEMY_KILL","is_daily":false,"chose_seed":false,"campfire_upgraded":8,"win_rate":0.0,"timestamp":1608608020,"path_taken":["R","M","R","E","M","M","T","M","?","R","M","M","?","?","M","BOSS","R","M","M","M","M","R","T","$","E","M","R","$","M","?","M","BOSS","R","M","?","?","M","R","T","M","M","R","M","?","$","?","M","BOSS"],"items_purchased_type":["Relic","Undefined","Card","Undefined"],"build_version":"2020-12-13","purchased_purges":2,"victory":false,"max_hp_per_floor":[80,80,80,80,80,80,80,80,80,80,80,80,80,80,80,80,80,80,80,80,80,80,80,80,80,80,80,80,80,80,80,80,80,80,80,80,80,85,85,85,85,85,85,85,85,85,85,85,85,85,85,85],"card_choices":[{"not_picked":["Guardian:Gem_Cyan","Guardian:Incinerate"],"picked":"Guardian:RefractedBeam","floor":2.0},{"not_picked":["Guardian:WalkerClaw","Guardian:Gem_Green"],"picked":"Guardian:Gem_White","floor":4.0},{"not_picked":["Guardian:ChargeCore","Guardian:Incinerate"],"picked":"Guardian:Recover","floor":5.0},{"not_picked":["Guardian:TimeCapacitor","Guardian:Gem_Cyan"],"picked":"Guardian:ChargeCore","floor":6.0},{"not_picked":["Guardian:Gem_Red","Guardian:Gem_Cyan"],"picked":"Guardian:FloatingOrbs","floor":8.0},{"not_picked":["Guardian:ShieldCharger","Guardian:Planning"],"picked":"Guardian:TemporalStrike","floor":9.0},{"not_picked":["Guardian:TemporalStrike","Guardian:VentSteam"],"picked":"Guardian:GemFinder","floor":11.0},{"not_picked":["Guardian:Gem_Lightblue","Guardian:Gem_Cyan"],"picked":"Guardian:Gem_Green","floor":12.0},{"not_picked":["Guardian:VentSteam","Guardian:Repulse"],"picked":"Guardian:Preprogram","floor":12.0},{"not_picked":["Guardian:Gem_Lightblue","Guardian:PrimingBeam"],"picked":"Guardian:ShieldCharger","floor":13.0},{"not_picked":["Guardian:Gem_Lightblue","Guardian:Gem_Cyan"],"picked":"Guardian:Gem_Red","floor":15.0},{"not_picked":["Guardian:CrystalBeam","Guardian:ShieldSpikes"],"picked":"Guardian:Gem_Synthetic","floor":15.0},{"not_picked":["Guardian:Gem_Lightblue","Guardian:Gem_Cyan"],"picked":"Guardian:Gem_Green","floor":16.0},{"not_picked":["Guardian:HyperBeam_Guardian","Guardian:StasisField"],"picked":"Guardian:Gem_Orange","floor":16.0},{"not_picked":["Guardian:Gem_Lightblue","Guardian:Gem_Cyan"],"picked":"Guardian:Gem_Red","floor":19.0},{"not_picked":["Guardian:PrismaticBeam","Guardian:PiercingHide"],"picked":"Guardian:Reroute","floor":19.0},{"not_picked":["Guardian:Gem_Lightblue","Guardian:Gem_Cyan"],"picked":"Guardian:Gem_Red","floor":20},{"not_picked":["Guardian:DonusPower","Guardian:TemporalStrike"],"picked":"Guardian:SpikerProtocol+1","floor":20},{"not_picked":["Guardian:Incinerate","Guardian:TemporalShield","Guardian:PrimingBeam+1"],"picked":"SKIP","floor":21},{"not_picked":["Guardian:Gem_Lightblue","Guardian:Gem_Green"],"picked":"Guardian:Gem_Red","floor":22},{"not_picked":["Guardian:FloatingOrbs","Guardian:PrimingBeam+1"],"picked":"Guardian:BaubleBeam","floor":22},{"not_picked":["Guardian:BaubleBeam","Guardian:Gem_Green"],"picked":"Guardian:TemporalStrike","floor":25},{"not_picked":["Guardian:Gem_Cyan","Guardian:Gem_Lightblue"],"picked":"Guardian:Gem_Red","floor":26},{"not_picked":["Guardian:Gem_Lightblue","Guardian:Suspension","Guardian:Emergency"],"picked":"SKIP","floor":26},{"not_picked":["Guardian:Gem_Lightblue","Guardian:Gem_Cyan"],"picked":"Guardian:Gem_Red","floor":27},{"not_picked":["Guardian:TemporalShield","Guardian:Gem_Green","Guardian:Incinerate+1"],"picked":"SKIP","floor":27},{"not_picked":["Guardian:TemporalStrike","Guardian:Incinerate"],"picked":"Guardian:ChargeUp","floor":29},{"not_picked":["Guardian:SphericShield","Guardian:SpikerProtocol","Guardian:Reroute"],"picked":"SKIP","floor":30},{"not_picked":["Guardian:Gem_Cyan","Guardian:Incinerate"],"picked":"Guardian:Reroute+1","floor":32},{"not_picked":["Guardian:ArmoredProtocol","Guardian:TimeCapacitor"],"picked":"Guardian:DonusPower+1","floor":36},{"not_picked":["Guardian:RollAttack+1","Guardian:PrimingBeam","Guardian:Recover+1"],"picked":"SKIP","floor":38},{"not_picked":["Guardian:ShieldCharger+1","Guardian:SphericShield","Guardian:Gem_Blue"],"picked":"SKIP","floor":39},{"not_picked":["Guardian:PrismaticBarrier+1","Guardian:WalkerClaw"],"picked":"Guardian:Preprogram+1","floor":42},{"not_picked":["Guardian:TemporalStrike+1","Guardian:Incinerate"],"picked":"Guardian:Gem_Synthetic","floor":43},{"not_picked":["Guardian:PolyBeam+1","Guardian:VentSteam+1"],"picked":"Guardian:RollAttack+1","floor":45},{"not_picked":["Guardian:Recover","Guardian:FierceBash","Guardian:TemporalShield+1"],"picked":"SKIP","floor":47},{"not_picked":["Guardian:RollAttack+1","Guardian:TemporalStrike"],"picked":"Guardian:BronzeOrb+1","floor":49}],"player_experience":82537,"relics_obtained":[{"floor":4.0,"key":"Smiling Mask"},{"floor":7.0,"key":"Eternal Feather"},{"floor":24,"key":"Bird Faced Urn"},{"floor":26,"key":"Circlet"},{"floor":41,"key":"Oddly Smooth Stone"}],"event_choices":[],"is_beta":false,"boss_relics":[{"not_picked":["Runic Pyramid","hubris:Stopwatch"],"picked":"aspiration:RitualDagger"},{"not_picked":["aspiration:SilentSkillbook","Tiny House"],"picked":"Pandora\u0027s Box"}],"items_purged_floors":[25,47],"is_endless":false,"potions_floor_spawned":[8,9,11,13,16,19,22,26,32,36,43,45,49],"killed_by":"downfall:Silent","ascension_level":0}}