{"host":"3jjxuhjpio8e4zkv","time":1608597080,"event":{"mods":["BaseMod","Colored Map","Minty Spire (QoL Compilation)","Permanent Neow","Relic Stats","StSLib"],"gold_per_floor":[115,33,0,15,28,57,69,111,123,153,165,188,210,240,252,339,351,375,387,759,338,354,354,374,374,401,401,401],"floor_reached":27,"playtime":802,"items_purged":["Zap"],"score":450,"play_id":"68610c6a-d150-46c9-bb19-ab206e42649a","local_time":"20201221193120","is_ascension_mode":true,"campfire_choices":[{"floor":7,"key":"REST"},{"floor":11,"key":"REST"},{"data":"Genetic Algorithm","floor":15,"key":"SMITH"},{"floor":23,"key":"REST"},{"floor":25,"key":"REST"}],"circlet_count":0,"master_deck":["AscendersBane","Strike_B","Strike_B","Strike_B","Defend_B","Defend_B","Defend_B","Dualcast","Melter","Gash","Go for the Eyes","Hologram","Genetic Algorithm+1","Hyperbeam","Reinforced Body","Gash","Beam Cell","Gash","Seek","Conserve Battery","Recycle","Scrape"],"relics":["Cracked Core","MawBank","Ornamental Fan","Anchor","Black Star","Thread and Needle","Toy Ornithopter"],"acts_visited":["Exordium","TheCity"],"potions_floor_usage":[6,16,16,21,22],"damage_taken":[{"damage":12,"enemies":"Small Slimes","floor":1,"turns":3},{"damage":7,"enemies":"Jaw Worm","floor":4,"turns":3},{"damage":0,"enemies":"Cultist","floor":5,"turns":3},{"damage":19,"enemies":"Lagavulin","floor":6,"turns":6},{"damage":8,"enemies":"Gremlin Nob","floor":8,"turns":3},{"damage":0,"enemies":"Large Slime","floor":10,"turns":5},{"damage":0,"enemies":"Lots of Slimes","floor":12,"turns":1},{"damage":0,"enemies":"Exordium Thugs","floor":13,"turns":3},{"damage":5,"enemies":"Large Slime","floor":14,"turns":4},{"damage":20,"enemies":"Hexaghost","floor":16,"turns":10},{"damage":14,"enemies":"Chosen","floor":18,"turns":5},{"damage":0,"enemies":"Shell Parasite","floor":22,"turns":3},{"damage":9,"enemies":"3 Cultists","floor":24,"turns":3},{"damage":44,"enemies":"Book of Stabbing","floor":27,"turns":4}],"seed_played":"-4994847743824554779","potions_obtained":[{"floor":5,"key":"SpeedPotion"},{"floor":8,"key":"AttackPotion"},{"floor":12,"key":"PowerPotion"},{"floor":16,"key":"Energy Potion"},{"floor":18,"key":"EntropicBrew"}],"is_trial":false,"path_per_floor":["M","$","?","M","M","E","R","E","T","M","R","M","M","M","R","B",null,"M","$","?","$","M","R","M","R","T","E"],"character_chosen":"DEFECT","items_purchased":["Gash","Go for the Eyes","Thread and Needle","Recycle"],"campfire_rested":4,"item_purchase_floors":[2,2,21,21],"current_hp_per_floor":[34,34,34,27,27,8,29,21,21,21,42,42,42,37,37,17,58,44,44,8,8,8,29,20,41,41,0,0],"gold":401,"neow_bonus":"REMOVE_TWO","is_daily":false,"chose_seed":false,"campfire_upgraded":1,"win_rate":0.0,"timestamp":1608597080,"path_taken":["M","$","?","M","M","E","R","E","T","M","R","M","M","M","R","BOSS","M","$","?","$","?","R","M","R","T","E"],"items_purchased_type":["Card","Card","Relic","Card"],"build_version":"2020-12-13","purchased_purges":1,"victory":false,"max_hp_per_floor":[71,71,71,71,71,71,71,71,71,71,71,71,71,71,71,71,71,71,71,71,71,71,71,71,71,71,71,71],"relic_stats":{"counters":[14,56],"Ornamental Fan":[60],"Black Star":0,"MawBank":180,"obtain_stats":[{"Anchor":9,"Ornamental Fan":8,"Thread and Needle":21,"Black Star":17,"Cracked Core":0,"MawBank":6,"Toy Ornithopter":26},{"Anchor":5,"Ornamental Fan":5,"Thread and Needle":11,"Black Star":10,"Cracked Core":0,"MawBank":4,"Toy Ornithopter":13},{"Anchor":18,"Ornamental Fan":18,"Thread and Needle":46,"Black Star":41,"Cracked Core":0,"MawBank":15,"Toy Ornithopter":52}],"Toy Ornithopter":0},"card_choices":[{"not_picked":["Stack","Hello World"],"picked":"Melter","floor":1},{"not_picked":["Steam","Sweeping Beam"],"picked":"Hologram","floor":4},{"not_picked":["Streamline","Leap"],"picked":"Genetic Algorithm","floor":5},{"not_picked":["Glacier","Cold Snap"],"picked":"Hyperbeam","floor":6},{"not_picked":["Fusion","Storm"],"picked":"Reinforced Body","floor":8},{"not_picked":["Reprogram","Redo"],"picked":"Gash","floor":10},{"not_picked":["Redo","Blizzard","Compile Driver"],"picked":"SKIP","floor":12},{"not_picked":["Cold Snap","Glacier"],"picked":"Beam Cell","floor":13},{"not_picked":["Cold Snap","Streamline"],"picked":"Gash","floor":14},{"not_picked":["Buffer","Biased Cognition"],"picked":"Seek","floor":16},{"not_picked":["Redo","Ball Lightning+1"],"picked":"Conserve Battery","floor":18},{"not_picked":["Turbo","Go for the Eyes","Redo"],"picked":"SKIP","floor":22},{"not_picked":["Undo","Sunder"],"picked":"Scrape","floor":24}],"player_experience":1086285,"relics_obtained":[{"floor":6,"key":"MawBank"},{"floor":8,"key":"Ornamental Fan"},{"floor":9,"key":"Anchor"},{"floor":26,"key":"Toy Ornithopter"}],"event_choices":[{"damage_healed":0,"gold_gain":0,"player_choice":"Left Gold","damage_taken":0,"max_hp_gain":0,"max_hp_loss":0,"event_name":"World of Goop","floor":3,"gold_loss":33},{"damage_healed":0,"gold_gain":360,"player_choice":"GOLD GOLD GOLD GOLD ","damage_taken":36,"max_hp_gain":0,"max_hp_loss":0,"event_name":"Knowing Skull","floor":20,"potions_obtained":[],"gold_loss":0,"cards_obtained":[]}],"is_beta":false,"boss_relics":[{"not_picked":["Coffee Dripper","Snecko Eye"],"picked":"Black Star"}],"items_purged_floors":[21],"is_endless":false,"potions_floor_spawned":[5,8,12,14,16,18],"killed_by":"Book of Stabbing","ascension_level":20}}