{"host":"baymyijz6sxaqj5s","time":1608620675,"event":{"mods":["AchievementEnabler","BaseMod","Colored Map","Colored Powertips","DeckTracker","KOR Keyword Fix","Keyboard Shortcuts","Minty Spire (QoL Compilation)","Quick Restart","StSLib","SuperFastMode"],"gold_per_floor":[109,184,184,184,203,203,217,217,217,236,91,101,101,101,101,202,202,215,232,147,160,175,188,207,207,253,4,4,4],"floor_reached":28,"playtime":940,"items_purged":[],"score":262,"play_id":"74ab29fd-81d8-4523-b066-92d369f2a70c","local_time":"20201222160435","is_ascension_mode":false,"campfire_choices":[{"floor":6,"key":"REST"},{"data":"Body Slam","floor":8,"key":"SMITH"},{"data":"Power Through","floor":15,"key":"SMITH"}],"circlet_count":0,"master_deck":["Strike_R","Strike_R","Strike_R","Strike_R","Defend_R","Defend_R","Defend_R","Defend_R","Bash","Headbutt","Power Through+1","Body Slam+1","Offering","Battle Trance","Battle Trance","Pommel Strike","Heavy Blade+1","Infernal Blade+1","Shrug It Off"],"relics":["Burning Blood","Mango","Bronze Scales","Runic Cube","Potion Belt","MutagenicStrength","Centennial Puzzle","Strange Spoon"],"acts_visited":["Exordium","TheCity"],"potions_floor_usage":[7,16,21,22,28,28],"damage_taken":[{"damage":1,"enemies":"2 Louse","floor":1,"turns":3},{"damage":11,"enemies":"Jaw Worm","floor":5,"turns":5},{"damage":3,"enemies":"Small Slimes","floor":7,"turns":3},{"damage":7,"enemies":"Blue Slaver","floor":10,"turns":3},{"damage":6,"enemies":"Exordium Wildlife","floor":12,"turns":4},{"damage":23,"enemies":"Slime Boss","floor":16,"turns":10},{"damage":31,"enemies":"Spheric Guardian","floor":18,"turns":6},{"damage":6,"enemies":"Chosen","floor":19,"turns":5},{"damage":6,"enemies":"Snake Plant","floor":21,"turns":3},{"damage":14,"enemies":"Shelled Parasite and Fungi","floor":22,"turns":5},{"damage":30,"enemies":"Sentry and Sphere","floor":23,"turns":7},{"damage":24,"enemies":"3 Cultists","floor":24,"turns":4},{"damage":41,"enemies":"Cultist and Chosen","floor":28,"turns":9}],"seed_played":"-4471157819857036246","potions_obtained":[{"floor":1,"key":"Dexterity Potion"},{"floor":10,"key":"DistilledChaos"},{"floor":18,"key":"DistilledChaos"},{"floor":21,"key":"AttackPotion"},{"floor":24,"key":"EssenceOfSteel"}],"is_trial":false,"path_per_floor":["M","?","?","?","M","R","M","R","T","M","$","M","$","?","R","B",null,"M","M","?","M","M","M","M","?","T","$","M"],"character_chosen":"IRONCLAD","items_purchased":["Bronze Scales","Shrug It Off","Strange Spoon","LiquidMemories"],"campfire_rested":1,"item_purchase_floors":[11,27,27,27],"current_hp_per_floor":[77,66,59,59,54,82,85,85,99,98,98,98,98,98,98,81,110,85,85,85,85,77,53,35,35,35,35,0,0],"gold":4,"neow_bonus":"TWENTY_PERCENT_HP_BONUS","is_daily":false,"chose_seed":false,"campfire_upgraded":2,"win_rate":0.0,"timestamp":1608620675,"path_taken":["M","?","?","?","M","R","M","R","T","M","?","?","$","?","R","BOSS","M","M","?","M","M","M","M","?","T","$","M"],"items_purchased_type":["Relic","Card","Relic","Potion"],"build_version":"2020-12-13","purchased_purges":0,"victory":false,"max_hp_per_floor":[96,96,96,96,96,96,96,96,110,110,110,110,110,110,110,110,110,110,110,110,110,110,110,110,110,110,110,110,110],"card_choices":[{"not_picked":["Hemokinesis","Warcry"],"picked":"Headbutt","floor":1},{"not_picked":["Warcry","Iron Wave"],"picked":"Power Through","floor":5},{"not_picked":["Iron Wave","Armaments"],"picked":"Body Slam","floor":7},{"not_picked":["Immolate","Iron Wave","Body Slam"],"picked":"SKIP","floor":10},{"not_picked":["Headbutt","Power Through","Body Slam"],"picked":"SKIP","floor":12},{"not_picked":["Reaper","Bludgeon"],"picked":"Offering","floor":16},{"not_picked":["Battle Trance","Warcry+1","Sword Boomerang"],"picked":"SKIP","floor":18},{"not_picked":["Warcry+1","Sword Boomerang"],"picked":"Battle Trance","floor":18},{"not_picked":["Thunderclap","Evolve"],"picked":"Battle Trance","floor":19},{"not_picked":["Warcry","Perfected Strike+1"],"picked":"Pommel Strike","floor":21},{"not_picked":["Wild Strike","Infernal Blade"],"picked":"Heavy Blade+1","floor":22},{"not_picked":["Perfected Strike","Twin Strike"],"picked":"Infernal Blade+1","floor":23},{"not_picked":["Reckless Charge","Uppercut","Bludgeon"],"picked":"SKIP","floor":24}],"player_experience":174224,"relics_obtained":[{"floor":9,"key":"Mango"},{"floor":26,"key":"Centennial Puzzle"}],"event_choices":[{"damage_healed":0,"gold_gain":75,"player_choice":"Gather Gold","damage_taken":11,"max_hp_gain":0,"max_hp_loss":0,"event_name":"World of Goop","floor":2,"gold_loss":0},{"cards_removed":["Strike_R"],"damage_healed":0,"gold_gain":0,"player_choice":"Card Removal","damage_taken":7,"max_hp_gain":0,"max_hp_loss":0,"event_name":"Golden Wing","floor":3,"gold_loss":0},{"damage_healed":0,"gold_gain":0,"player_choice":"Ignored","damage_taken":0,"max_hp_gain":0,"max_hp_loss":0,"event_name":"Liars Game","floor":4,"gold_loss":0},{"damage_healed":0,"gold_gain":0,"player_choice":"Ignored","damage_taken":0,"max_hp_gain":0,"max_hp_loss":0,"event_name":"Golden Idol","floor":14,"gold_loss":0},{"damage_healed":0,"gold_gain":0,"player_choice":"Obtained Relic","damage_taken":0,"relics_obtained":["Potion Belt"],"max_hp_gain":0,"max_hp_loss":0,"event_name":"Addict","floor":20,"gold_loss":85},{"damage_healed":0,"gold_gain":0,"player_choice":"Inject Mutagens","damage_taken":0,"relics_obtained":["MutagenicStrength"],"max_hp_gain":0,"max_hp_loss":0,"event_name":"Drug Dealer","floor":25,"gold_loss":0}],"is_beta":false,"boss_relics":[{"not_picked":["Coffee Dripper","Snecko Eye"],"picked":"Runic Cube"}],"items_purged_floors":[],"is_endless":false,"potions_floor_spawned":[1,10,18,21,24],"killed_by":"Cultist and Chosen","ascension_level":0}}