{"host":"ln6xh2dj126ndm3e","time":1608670552,"event":{"mods":["AchievementEnabler","Aspiration","Astrologer","BaseMod","Better Altar","Better Match","Better Note","Better Sensory Stone","Better Skull","Better Third Choice","BetterRewards","CCEM","Colored Map","Conspire","Downfall","GifTheSpireLib","Halation","Highlight Path","Hubris","Infinite Spire","Minty Spire (QoL Compilation)","Permanent Neow","Replay The Spire","Shop Mod","Spicy Shops","StSLib","Unceasing Turn Reminder"],"gold_per_floor":[14,14,27,27,38,38,56,56,56,68,68,91,91,91,91,189,189,203,192,192,204,204,204],"floor_reached":22,"playtime":1490,"items_purged":[],"score":226,"play_id":"3acc3f47-6182-4c10-bc74-87cc077d5b5d","local_time":"20201222145552","is_ascension_mode":false,"campfire_choices":[{"data":"Sadistic Nature","floor":6,"key":"SMITH"},{"data":"Poisoned Stab","floor":13,"key":"SMITH"},{"data":"Replay:SS_fish_2","floor":15,"key":"SMITH"}],"circlet_count":0,"master_deck":["conspire:GhostlyStrike","conspire:GhostlyStrike","conspire:GhostlyStrike","conspire:GhostlyStrike","conspire:GhostlyStrike","conspire:GhostlyDefend","conspire:GhostlyDefend","conspire:GhostlyDefend","conspire:GhostlyDefend","Survivor","Neutralize","Poisoned Stab+1","Slice","Sadistic Nature+1","Deflect","Slice","Replay:SS_fish_2+1","A Thousand Cuts","Poisoned Stab","Quick Slash+1","Burst"],"relics":["Ring of the Snake","Ginger","ReplayFunnel","Blood Vial","conspire:RoyalGoblet","halation:VictoryRuler","halation:PlatinumPhoenix"],"acts_visited":["Exordium","TheCity"],"potions_floor_usage":[16,16],"damage_taken":[{"damage":0,"enemies":"Jaw Worm","floor":1,"turns":6},{"damage":2,"enemies":"2 Louse","floor":3,"turns":4},{"damage":0,"enemies":"Small Slimes","floor":5,"turns":3},{"damage":5,"enemies":"Looter","floor":7,"turns":4},{"damage":3,"enemies":"3 Louse","floor":10,"turns":3},{"damage":31,"enemies":"The Guardian","floor":16,"turns":12},{"damage":34,"enemies":"3 Byrds","floor":18,"turns":6},{"damage":26,"enemies":"2 Thieves","floor":19,"turns":4},{"damage":13,"enemies":"Snake Plant","floor":21,"turns":7},{"damage":41,"enemies":"Cultist and Chosen","floor":22,"turns":10}],"seed_played":"5161941131832468928","potions_obtained":[{"floor":5,"key":"LiquidMemories"},{"floor":7,"key":"Weak Potion"},{"floor":19,"key":"EntropicBrew"}],"is_trial":false,"path_per_floor":["M","?","M","?","M","R","M","?","T","M","?","T","R","?","R","B",null,"M","M","AVR","M","M"],"character_chosen":"THE_SILENT","items_purchased":[],"campfire_rested":0,"item_purchase_floors":[],"current_hp_per_floor":[70,70,68,68,68,68,63,63,63,60,60,60,60,60,60,39,70,50,40,40,29,0,0],"gold":204,"neow_bonus":"ONE_RARE_RELIC","is_daily":false,"chose_seed":false,"campfire_upgraded":3,"win_rate":0.0,"timestamp":1608670552,"path_taken":["M","?","M","?","M","R","?","?","T","M","?","?","R","?","R","BOSS","M","M","AVR","M","M"],"items_purchased_type":[],"build_version":"2020-12-13","purchased_purges":0,"victory":false,"max_hp_per_floor":[70,70,70,70,70,70,70,70,70,70,70,70,70,70,70,70,70,70,70,70,70,70,70],"card_choices":[{"not_picked":["Flying Knee","Slice"],"picked":"Poisoned Stab","floor":1},{"not_picked":["Blur","ReplayTheSpireMod:Exploit Weakness"],"picked":"Slice","floor":3},{"not_picked":["Blind","Secret Weapon"],"picked":"Sadistic Nature","floor":4},{"not_picked":["Underhanded Strike","Prepared"],"picked":"Deflect","floor":5},{"not_picked":["Prepared","Outmaneuver"],"picked":"Slice","floor":7},{"not_picked":["Eviscerate","Bane","Outmaneuver"],"picked":"SKIP","floor":10},{"not_picked":["Venomology","Night Terror"],"picked":"A Thousand Cuts","floor":16},{"not_picked":["Setup","Concentrate"],"picked":"Poisoned Stab","floor":18},{"not_picked":["Terror","Underhanded Strike"],"picked":"Quick Slash+1","floor":19},{"not_picked":["Deflect","Sucker Punch+1"],"picked":"Burst","floor":21}],"player_experience":442897,"relics_obtained":[{"floor":9,"key":"ReplayFunnel"},{"floor":12,"key":"Blood Vial"}],"event_choices":[{"damage_healed":70,"gold_gain":0,"player_choice":"Embrace Burn","damage_taken":0,"max_hp_gain":0,"max_hp_loss":70,"event_name":"betterThird:BetterShining","floor":2,"gold_loss":0},{"damage_healed":0,"gold_gain":1,"player_choice":"1","damage_taken":0,"max_hp_gain":0,"max_hp_loss":0,"event_name":"betterStone:BetterStone","floor":4,"gold_loss":0},{"damage_healed":0,"gold_gain":0,"cards_transformed":["Burn"],"player_choice":"Change","damage_taken":0,"max_hp_gain":0,"max_hp_loss":0,"event_name":"Living Wall","floor":8,"gold_loss":0,"cards_obtained":["Replay:SS_fish_2"]},{"damage_healed":0,"gold_gain":0,"player_choice":"Agree","damage_taken":0,"max_hp_gain":0,"max_hp_loss":0,"event_name":"conspire:LoneGhost","floor":14,"gold_loss":0}],"is_beta":false,"boss_relics":[{"not_picked":["halation:HeavySnake","Ring of the Serpent"],"picked":"conspire:RoyalGoblet"}],"items_purged_floors":[],"is_endless":false,"potions_floor_spawned":[5,7,19],"killed_by":"Cultist and Chosen","ascension_level":0}}