{"host":"nsvh1q2jrp2m1ip1","time":1608677747,"event":{"mods":["BaseMod","Downfall","Googly Eyes","Hermit","Highlight Path","Minty Spire (QoL Compilation)","StSLib","The Bug Knight","The Cursed","The Hierophant","The Jungle"],"gold_per_floor":[119,134,147,161,14,14,43,55,78,98,98,127,52,52,52,172,172,185,228,242,260,260,260],"floor_reached":22,"playtime":2218,"items_purged":[],"score":256,"play_id":"5c1ada67-f81a-4c0b-b87c-5e5e39f46464","local_time":"20201222175547","is_ascension_mode":true,"campfire_choices":[{"floor":6,"key":"REST"},{"floor":15,"key":"REST"}],"circlet_count":0,"master_deck":["Strike_G","Strike_G","Strike_G","Strike_G","Defend_G","Defend_G","Defend_G","Defend_G","Defend_G","Survivor","Neutralize","Quick Slash","Dagger Throw","Flying Knee","Prepared","Glass Knife","Deadly Poison","Leg Sweep","Phantasmal Killer","Footwork","Footwork","After Image","Underhanded Strike","Dash"],"relics":["Fusion Hammer","Frozen Eye","Gremlin Horn","Dream Catcher","Omamori","Golden Idol","Snecko Eye","Red Mask"],"acts_visited":["Exordium","TheCity"],"potions_floor_usage":[7,7,12,16,16,19,21],"damage_taken":[{"damage":0,"enemies":"Cultist","floor":1,"turns":4},{"damage":0,"enemies":"Jaw Worm","floor":2,"turns":4},{"damage":0,"enemies":"Small Slimes","floor":3,"turns":3},{"damage":1,"enemies":"3 Louse","floor":4,"turns":3},{"damage":0,"enemies":"3 Sentries","floor":7,"turns":6},{"damage":2,"enemies":"Looter","floor":8,"turns":3},{"damage":0,"enemies":"Large Slime","floor":10,"turns":5},{"damage":5,"enemies":"Lagavulin","floor":12,"turns":6},{"damage":16,"enemies":"The Guardian","floor":16,"turns":11},{"damage":12,"enemies":"3 Byrds","floor":18,"turns":5},{"damage":16,"enemies":"Masked Bandits","floor":19,"turns":7},{"damage":8,"enemies":"3 Cultists","floor":20,"turns":6},{"damage":19,"enemies":"Snake Plant","floor":21,"turns":6},{"damage":16,"enemies":"Centurion and Healer","floor":22,"turns":4}],"seed_played":"-2764471790627659702","potions_obtained":[{"floor":1,"key":"Block Potion"},{"floor":2,"key":"DuplicationPotion"},{"floor":4,"key":"ColorlessPotion"},{"floor":10,"key":"GamblersBrew"},{"floor":12,"key":"LiquidBronze"},{"floor":18,"key":"Fire Potion"},{"floor":19,"key":"BlessingOfTheForge"},{"floor":21,"key":"LiquidMemories"}],"is_trial":false,"path_per_floor":["M","M","M","M","$","R","E","M","T","M","?","E","$","?","R","B",null,"M","?","M","M","M"],"character_chosen":"THE_SILENT","items_purchased":["Frozen Eye","Footwork"],"campfire_rested":2,"item_purchase_floors":[5,13],"current_hp_per_floor":[70,70,70,69,69,70,70,68,68,68,61,56,56,39,60,44,70,58,42,34,15,0,0],"gold":260,"neow_bonus":"BOSS_RELIC","is_daily":false,"chose_seed":false,"campfire_upgraded":0,"win_rate":0.0,"timestamp":1608677747,"path_taken":["M","M","M","?","$","R","E","M","T","?","?","E","?","?","R","BOSS","M","?","M","M","M"],"items_purchased_type":["Relic","Card"],"build_version":"2020-12-13","purchased_purges":0,"victory":false,"max_hp_per_floor":[70,70,70,70,70,70,70,70,70,70,70,70,70,70,70,70,70,70,70,70,70,70,70],"card_choices":[{"not_picked":["Reflex","Outmaneuver"],"picked":"Quick Slash","floor":1},{"not_picked":["Escape Plan","Underhanded Strike"],"picked":"Dagger Throw","floor":2},{"not_picked":["Underhanded Strike","PiercingWail"],"picked":"Flying Knee","floor":3},{"not_picked":["Expertise","Quick Slash"],"picked":"Prepared","floor":4},{"not_picked":["Deadly Poison","Blade Dance"],"picked":"Glass Knife","floor":7},{"not_picked":["Eviscerate","Dagger Spray"],"picked":"Deadly Poison","floor":8},{"not_picked":["Flying Knee","Poisoned Stab"],"picked":"Leg Sweep","floor":10},{"not_picked":["Prepared","All Out Attack"],"picked":"Phantasmal Killer","floor":12},{"not_picked":["Slice","Choke"],"picked":"Footwork","floor":15},{"not_picked":["A Thousand Cuts","Doppelganger"],"picked":"After Image","floor":16},{"not_picked":["Sucker Punch","Terror","Choke"],"picked":"SKIP","floor":18},{"not_picked":["Poisoned Stab","Escape Plan"],"picked":"Underhanded Strike","floor":20},{"not_picked":["Sucker Punch","Deflect"],"picked":"Dash","floor":21}],"player_experience":348378,"relics_obtained":[{"floor":7,"key":"Gremlin Horn"},{"floor":9,"key":"Dream Catcher"},{"floor":12,"key":"Omamori"},{"floor":19,"key":"Red Mask"}],"event_choices":[{"cards_removed":["Strike_G"],"damage_healed":0,"gold_gain":0,"player_choice":"Card Removal","damage_taken":7,"max_hp_gain":0,"max_hp_loss":0,"event_name":"Golden Wing","floor":11,"gold_loss":0},{"damage_healed":0,"gold_gain":0,"player_choice":"Take Damage","damage_taken":17,"relics_obtained":["Golden Idol"],"max_hp_gain":0,"max_hp_loss":0,"event_name":"Golden Idol","floor":14,"gold_loss":0},{"damage_healed":0,"gold_gain":0,"player_choice":"Fought Bandits","damage_taken":0,"max_hp_gain":0,"max_hp_loss":0,"event_name":"Masked Bandits","floor":19,"gold_loss":0}],"is_beta":false,"boss_relics":[{"not_picked":["HoveringKite","SlaversCollar"],"picked":"Snecko Eye"}],"items_purged_floors":[],"is_endless":false,"potions_floor_spawned":[1,2,4,10,12,18,19,21],"killed_by":"Centurion and Healer","ascension_level":3}}