{"host":"0rxdudjy6rylha1k","time":1608617438,"event":{"mods":["Aspiration","BaseMod","Colored Map","Colored Powertips","Downfall","Highlight Path","Hubris","Minty Spire (QoL Compilation)","StSLib"],"gold_per_floor":[99,115,14,14,0,27,52,52,64,64,64,64,81,116,126,126,126,126],"floor_reached":16,"playtime":2656,"items_purged":[],"score":140,"play_id":"405583b0-9fe1-47b1-93cb-c8e352d968d5","local_time":"20201221231038","is_ascension_mode":true,"campfire_choices":[{"data":"hexamod:TimeOfNeed","floor":1.0,"key":"SMITH"},{"floor":8.0,"key":"RECALL"},{"data":"Dagger Spray","floor":12.0,"key":"SMITH"}],"circlet_count":0,"master_deck":["hexamod:Strike","hexamod:Defend","hexamod:Defend","hexamod:Defend","hexamod:Defend+1","hexamod:Sear","hexamod:Float+1","hexamod:TimeOfNeed+1","hexamod:InspiringFlames","hexamod:PhantomFireball","hexamod:RainOfEmbers","Dagger Spray+1","Flying Knee","Dagger Throw","hexamod:BacktrackSmack","hexamod:ExtraCrispy+1","hexamod:CatchUp","hexamod:SpectersWail","hexamod:ThermalTransfer"],"relics":["hexamod:SpiritBrand","champ:DeflectingBracers","War Paint","aspiration:StickyExplosives_weak"],"acts_visited":["Exordium"],"potions_floor_usage":[13,16,16],"damage_taken":[{"damage":0.0,"enemies":"2 Louse","floor":2.0,"turns":3.0},{"damage":0.0,"enemies":"downfall:FleeingMerchant","floor":3.0,"turns":4.0},{"damage":0.0,"enemies":"downfall:FleeingMerchant","floor":5.0,"turns":4.0},{"damage":14.0,"enemies":"3 Sentries","floor":6.0,"turns":5.0},{"damage":0.0,"enemies":"Small Slimes","floor":9.0,"turns":3.0},{"damage":0,"enemies":"Jaw Worm","floor":13,"turns":2},{"damage":10,"enemies":"Gremlin Nob","floor":14,"turns":3},{"damage":10,"enemies":"Large Slime","floor":15,"turns":3},{"damage":38,"enemies":"downfall:Silent","floor":16,"turns":4}],"seed_played":"-4012448962971280704","potions_obtained":[{"floor":2.0,"key":"Guardian:BlockOnCardUsePotion"},{"floor":9.0,"key":"ColorlessPotion"},{"floor":14,"key":"PowerPotion"}],"is_trial":false,"path_per_floor":["R","M","$","?","$","E","T","R","M","?","?","R","M","E","M","B"],"character_chosen":"THE_SPIRIT","items_purchased":["hexamod:PhantomFireball","hexamod:RainOfEmbers"],"campfire_rested":0,"item_purchase_floors":[3,3],"current_hp_per_floor":[63,63,63,63,63,49,49,49,49,49,54,54,54,44,34,0,0,0],"gold":126,"neow_bonus":"ONE_RANDOM_RARE_CARD","is_daily":false,"chose_seed":false,"campfire_upgraded":2,"win_rate":0.0,"timestamp":1608617438,"path_taken":["R","M","$","?","$","E","T","R","M","?","?","R","M","E","M","BOSS"],"items_purchased_type":["Card","Card"],"build_version":"2020-12-13","purchased_purges":0,"victory":false,"max_hp_per_floor":[70,70,70,70,70,70,70,70,70,70,75,75,75,75,75,75,75,75],"card_choices":[{"not_picked":["hexamod:GhostOfSpirePast","hexamod:CatchUp"],"picked":"hexamod:InspiringFlames","floor":2.0},{"not_picked":["hexamod:PowerFromBeyond","hexamod:BacktrackSmack","hexamod:GhostOfSpirePast"],"picked":"SKIP","floor":3.0},{"not_picked":["hexamod:BurningTouch","hexamod:FastForward"],"picked":"hexamod:BacktrackSmack","floor":5.0},{"not_picked":["hexamod:BurningTouch","hexamod:SpectralAdrenaline"],"picked":"hexamod:ExtraCrispy","floor":6.0},{"not_picked":["hexamod:FastForward","hexamod:GhostLash","hexamod:GhostShield"],"picked":"SKIP","floor":9.0},{"not_picked":["hexamod:GhostShield","hexamod:SuperheatedStrike"],"picked":"hexamod:CatchUp","floor":13},{"not_picked":["hexamod:SoulSteal","hexamod:SwordOfDarkness"],"picked":"hexamod:SpectersWail","floor":14},{"not_picked":["hexamod:NightmareGuise","hexamod:InspiringFlames"],"picked":"hexamod:ThermalTransfer","floor":15}],"player_experience":2337225,"relics_obtained":[{"floor":6.0,"key":"champ:DeflectingBracers"},{"floor":7.0,"key":"War Paint"},{"floor":14,"key":"aspiration:StickyExplosives_weak"}],"event_choices":[{"damage_healed":0.0,"max_hp_gain":5.0,"max_hp_loss":0.0,"gold_gain":0.0,"event_name":"Big Fish","player_choice":"Donut","floor":11.0,"gold_loss":0.0,"damage_taken":0.0}],"is_beta":false,"boss_relics":[],"items_purged_floors":[],"is_endless":false,"potions_floor_spawned":[2,9,14],"killed_by":"downfall:Silent","ascension_level":6}}