{"host":"pf79zg5iiawjfcs4","time":1608606771,"event":{"mods":["BaseMod","Hubris","Koishi","Marisa????????","Minty Spire (QoL Compilation)","Remilia??????","Replay The Spire","StSLib","The Administrix","The Cursed","The Disciple","The Servant 0.9.4"],"gold_per_floor":[110,110,85,85,98,127,127,142,142,162,162,178,178,178,178,212,212,212,212],"floor_reached":18,"playtime":809,"items_purged":[],"score":145,"play_id":"f8ce8fe8-9ed9-4e20-966c-2c85ebae3379","local_time":"20201221211251","is_ascension_mode":false,"campfire_choices":[{"floor":7,"key":"RECALL"},{"data":"TheCursedMod:CollectTribute","floor":11,"key":"SMITH"},{"data":"TheCursedMod:Strike_TheCursed","floor":15,"key":"PURGE"},{"data":"TheCursedMod:CleanUpWorkshop","floor":17,"key":"SMITH"}],"circlet_count":0,"master_deck":["TheCursedMod:Strike_TheCursed","TheCursedMod:Strike_TheCursed","TheCursedMod:Strike_TheCursed","TheCursedMod:Defend_TheCursed","TheCursedMod:Defend_TheCursed","TheCursedMod:Defend_TheCursed","TheCursedMod:CursedWand","TheCursedMod:CleanUpWorkshop+1","TheCursedMod:Dregs","TheCursedMod:WearCloak","TheCursedMod:CircleOfFlame","TheCursedMod:CollectTribute+1","TheCursedMod:TroublousMinions","TheCursedMod:Obscuration","TheCursedMod:DarkBarrier"],"relics":["TheCursedMod:BlackMagic101","NeowsBlessing","Peace Pipe","Mango","TheCursedMod:Tack"],"acts_visited":["Exordium"],"potions_floor_usage":[],"damage_taken":[{"damage":0,"enemies":"Jaw Worm","floor":1,"turns":1},{"damage":0,"enemies":"2 Louse","floor":5,"turns":1},{"damage":0,"enemies":"Lagavulin","floor":6,"turns":1},{"damage":5,"enemies":"Small Slimes","floor":8,"turns":3},{"damage":7,"enemies":"3 Louse","floor":10,"turns":5},{"damage":0,"enemies":"2 Fungi Beasts","floor":12,"turns":5},{"damage":19,"enemies":"3 Sentries","floor":16,"turns":18},{"damage":0,"enemies":"Hexaghost","floor":18,"turns":3}],"seed_played":"-3093047907203945317","potions_obtained":[{"floor":6,"key":"Adrenaline Potion"},{"floor":8,"key":"FairyPotion"},{"floor":16,"key":"SneckoOil"}],"is_trial":false,"path_per_floor":["M","?","$","?","M","E","R","M","T","M","R","M","PTL","PTL","R","E","R","B"],"character_chosen":"THE_CURSED","items_purchased":["TheCursedMod:WearCloak"],"campfire_rested":0,"item_purchase_floors":[3],"current_hp_per_floor":[75,63,63,56,56,70,70,65,65,58,58,58,58,58,58,39,39,39,39],"gold":212,"neow_bonus":"THREE_ENEMY_KILL","is_daily":false,"chose_seed":false,"campfire_upgraded":2,"win_rate":0.0,"timestamp":1608606771,"path_taken":["M","?","$","?","M","E","R","M","T","M","R","M","PTL","PTL","R","E","R","BOSS"],"items_purchased_type":["Card"],"build_version":"2020-12-13","purchased_purges":0,"victory":false,"max_hp_per_floor":[75,75,75,75,75,89,89,89,89,89,89,89,89,89,89,89,89,89,89],"card_choices":[{"not_picked":["TheCursedMod:RapidMovement","TheCursedMod:SmokeScreen","TheCursedMod:PrepareRite"],"picked":"SKIP","floor":1},{"not_picked":["TheCursedMod:RapidMovement","TheCursedMod:AbyssShockwave"],"picked":"TheCursedMod:CircleOfFlame","floor":5},{"not_picked":["TheCursedMod:CursedBoomerang","TheCursedMod:SpreadPlague"],"picked":"TheCursedMod:CollectTribute","floor":6},{"not_picked":["TheCursedMod:Stretching","TheCursedMod:LuckyCharm"],"picked":"TheCursedMod:TroublousMinions","floor":8},{"not_picked":["TheCursedMod:ReleasedStrength","TheCursedMod:CircleOfFlame"],"picked":"TheCursedMod:Obscuration","floor":10},{"not_picked":["TheCursedMod:CursedSpellbook","TheCursedMod:FuryStrike","TheCursedMod:Wield"],"picked":"SKIP","floor":12},{"not_picked":["TheCursedMod:CircleOfBlood","TheCursedMod:VitalStrike"],"picked":"TheCursedMod:DarkBarrier","floor":16}],"player_experience":372824,"relics_obtained":[{"floor":6,"key":"Mango"},{"floor":16,"key":"TheCursedMod:Tack"}],"event_choices":[{"damage_healed":0,"gold_gain":0,"player_choice":"Success","damage_taken":12,"relics_obtained":["Peace Pipe"],"max_hp_gain":0,"max_hp_loss":0,"event_name":"Scrap Ooze","floor":2,"gold_loss":0},{"cards_removed":["TheCursedMod:Defend_TheCursed"],"damage_healed":0,"gold_gain":0,"player_choice":"Card Removal","damage_taken":7,"max_hp_gain":0,"max_hp_loss":0,"event_name":"Golden Wing","floor":4,"gold_loss":0}],"is_beta":false,"boss_relics":[],"items_purged_floors":[],"is_endless":false,"potions_floor_spawned":[6,8,16],"killed_by":"Hexaghost","ascension_level":0}}