{"host":"5ty8fyb0ngp9gspj","time":1608630385,"event":{"mods":["2.2 Compatiblity","AchievementEnabler","Act Like it!","BaseMod","Colored Map","Downfall","Minty Spire (QoL Compilation)","Rare Cards Sparkle","StSLib"],"gold_per_floor":[114,46,46,21,37,71,88,133,133,164,184,203,91,108,108,213,213,224,224,224,243,20,54,72,108,108,80,80,80],"floor_reached":28,"playtime":1108,"items_purged":[],"score":318,"play_id":"2d0bd497-590a-43e2-b2ae-d95982e00035","local_time":"20201222204625","is_ascension_mode":true,"campfire_choices":[{"data":"Machine Learning","floor":15,"key":"SMITH"}],"circlet_count":0,"master_deck":["Strike_B+1","Strike_B+1","Strike_B+1","Strike_B+1","Defend_B+1","Defend_B+1","Defend_B+1","Defend_B+1","Zap","Dualcast","Storm","Storm","Sweeping Beam","Turbo","Sweeping Beam","Ball Lightning","Machine Learning+1","Barrage","Hologram","Heatsinks","Undo","Storm","Core Surge","Defragment","Biased Cognition","Reinforced Body+1","Defragment","Lockon+1","Tempest+1","Machine Learning","Defragment"],"relics":["Cracked Core","NeowsBlessing","Sundial","HornCleat","PreservedInsect","Black Star","champ:Barbells","hexamod:BolsterEngine","Du-Vu Doll","CeramicFish","Orichalcum","Bottled Flame"],"acts_visited":["Exordium","TheCity"],"potions_floor_usage":[3,8,10,16,16,16,25,25],"damage_taken":[{"damage":0,"enemies":"Cultist","floor":1,"turns":1},{"damage":0,"enemies":"2 Louse","floor":5,"turns":1},{"damage":0,"enemies":"Lagavulin","floor":6,"turns":1},{"damage":0,"enemies":"Small Slimes","floor":7,"turns":3},{"damage":12,"enemies":"3 Sentries","floor":8,"turns":4},{"damage":13,"enemies":"Lagavulin","floor":10,"turns":5},{"damage":2,"enemies":"Blue Slaver","floor":11,"turns":3},{"damage":14,"enemies":"3 Louse","floor":12,"turns":3},{"damage":16,"enemies":"Gremlin Gang","floor":14,"turns":4},{"damage":4,"enemies":"Slime Boss","floor":16,"turns":7},{"damage":26,"enemies":"3 Byrds","floor":18,"turns":4},{"damage":13,"enemies":"Spheric Guardian","floor":21,"turns":5},{"damage":1,"enemies":"Gremlin Leader","floor":23,"turns":4},{"damage":15,"enemies":"Snake Plant","floor":24,"turns":3},{"damage":19,"enemies":"Slavers","floor":25,"turns":3},{"damage":6,"enemies":"Book of Stabbing","floor":28,"turns":1}],"seed_played":"1852870208292333633","potions_obtained":[{"floor":3,"key":"FearPotion"},{"floor":3,"key":"Regen Potion"},{"floor":3,"key":"Fruit Juice"},{"floor":5,"key":"ColorlessPotion"},{"floor":6,"key":"FocusPotion"},{"floor":8,"key":"SkillPotion"},{"floor":14,"key":"BlessingOfTheForge"},{"floor":18,"key":"Swift Potion"},{"floor":23,"key":"Weak Potion"}],"is_trial":false,"path_per_floor":["M","$","?","$","M","E","M","E","T","E","M","M","$","M","R","B",null,"M","?","?","M","$","E","M","E","T","$","E"],"character_chosen":"DEFECT","items_purchased":["Storm","Sweeping Beam","Heatsinks","Undo","Defragment","champ:Barbells","Defragment"],"campfire_rested":0,"item_purchase_floors":[2,4,13,13,22,22,27],"current_hp_per_floor":[75,75,80,80,80,80,80,68,68,55,53,39,39,23,23,19,80,54,54,54,41,41,40,25,6,6,6,0,0],"gold":80,"neow_bonus":"THREE_ENEMY_KILL","is_daily":false,"chose_seed":false,"campfire_upgraded":1,"win_rate":0.0,"timestamp":1608630385,"path_taken":["M","$","?","$","M","E","M","E","T","E","M","?","$","M","R","BOSS","M","?","?","M","$","E","?","E","T","$","E"],"items_purchased_type":["Card","Card","Card","Card","Card","Relic","Card"],"build_version":"2020-12-13","purchased_purges":0,"victory":false,"max_hp_per_floor":[75,75,80,80,80,80,80,80,80,80,80,80,80,80,80,80,80,80,80,80,80,80,80,80,80,80,80,80,80],"card_choices":[{"not_picked":["Gash","Doom and Gloom"],"picked":"Storm","floor":1},{"not_picked":["Steam Power","Sweeping Beam"],"picked":"Turbo","floor":5},{"not_picked":["Beam Cell","Darkness"],"picked":"Recycle","floor":6},{"not_picked":["Compile Driver","Streamline"],"picked":"Sweeping Beam","floor":7},{"not_picked":["Coolheaded","Conserve Battery"],"picked":"Ball Lightning","floor":8},{"not_picked":["Chaos","Genetic Algorithm"],"picked":"Machine Learning","floor":10},{"not_picked":["Go for the Eyes","Turbo"],"picked":"Barrage","floor":11},{"not_picked":["Leap","Turbo"],"picked":"Hologram","floor":12},{"not_picked":["Compile Driver","Coolheaded"],"picked":"Storm","floor":14},{"not_picked":["Seek","Amplify"],"picked":"Core Surge","floor":16},{"not_picked":["Gash","Hologram"],"picked":"Defragment","floor":18},{"not_picked":["Leap","Ball Lightning"],"picked":"Reinforced Body+1","floor":21},{"not_picked":["Coolheaded","Stack"],"picked":"Lockon+1","floor":23},{"not_picked":["Stack","Steam+1"],"picked":"Tempest+1","floor":24},{"not_picked":["Beam Cell","Redo"],"picked":"Machine Learning","floor":25}],"player_experience":320183,"relics_obtained":[{"floor":6,"key":"Sundial"},{"floor":8,"key":"HornCleat"},{"floor":10,"key":"PreservedInsect"},{"floor":23,"key":"hexamod:BolsterEngine"},{"floor":23,"key":"Du-Vu Doll"},{"floor":25,"key":"CeramicFish"},{"floor":25,"key":"Orichalcum"},{"floor":26,"key":"Bottled Flame"}],"event_choices":[{"damage_healed":0,"gold_gain":0,"player_choice":"Got Potions","damage_taken":0,"max_hp_gain":0,"max_hp_loss":0,"event_name":"Lab","floor":3,"gold_loss":0},{"damage_healed":0,"gold_gain":0,"player_choice":"Simplicity","damage_taken":0,"max_hp_gain":0,"max_hp_loss":0,"event_name":"Back to Basics","floor":19,"gold_loss":0,"cards_upgraded":["Strike_B","Strike_B","Strike_B","Strike_B","Defend_B","Defend_B","Defend_B","Defend_B"]},{"damage_healed":0,"gold_gain":0,"cards_transformed":["Recycle"],"player_choice":"Transformed","damage_taken":0,"max_hp_gain":0,"max_hp_loss":0,"event_name":"Transmorgrifier","floor":20,"gold_loss":0,"cards_obtained":["Biased Cognition"]}],"is_beta":false,"boss_relics":[{"not_picked":["Runic Dome","FrozenCore"],"picked":"Black Star"}],"items_purged_floors":[],"is_endless":false,"potions_floor_spawned":[5,6,8,14,18,23,24],"killed_by":"Book of Stabbing","ascension_level":1}}