{"host":"a4s27ghlnr83kbqz","time":1608646579,"event":{"mods":["AchievementEnabler","BaseMod","Colored Map","Minty Spire (QoL Compilation)","Permanent Neow","SuperFastMode"],"gold_per_floor":[118,131,144,163,176,176,195,195,195,220,220,220,231,156,156,156,156],"floor_reached":16,"playtime":2724,"items_purged":["Strike_G"],"score":151,"play_id":"7be26668-af57-4e7c-8806-66f0c5493f02","local_time":"20201222221619","is_ascension_mode":true,"campfire_choices":[{"data":"Predator","floor":6,"key":"SMITH"},{"data":"Dagger Spray","floor":8,"key":"SMITH"},{"floor":11,"key":"REST"},{"data":"Endless Agony","floor":15,"key":"SMITH"}],"circlet_count":0,"master_deck":["Strike_G","Strike_G","Strike_G","Strike_G","Defend_G","Defend_G","Defend_G","Defend_G","Defend_G","Survivor","Neutralize","Footwork","Flying Knee","Predator+1","PiercingWail","Dagger Spray+1","Endless Agony+1","Bullet Time"],"relics":["Ring of the Snake","Toy Ornithopter","Bag of Preparation"],"acts_visited":["Exordium"],"potions_floor_usage":[10,16,16],"damage_taken":[{"damage":0,"enemies":"Small Slimes","floor":1,"turns":5},{"damage":5,"enemies":"Jaw Worm","floor":2,"turns":7},{"damage":0,"enemies":"Cultist","floor":3,"turns":3},{"damage":12,"enemies":"3 Louse","floor":4,"turns":5},{"damage":24,"enemies":"Exordium Wildlife","floor":5,"turns":5},{"damage":2,"enemies":"Looter","floor":7,"turns":3},{"damage":20,"enemies":"Gremlin Nob","floor":10,"turns":4},{"damage":0,"enemies":"Gremlin Gang","floor":13,"turns":2},{"damage":41,"enemies":"Slime Boss","floor":16,"turns":9}],"seed_played":"-7321127580263422913","potions_obtained":[{"floor":7,"key":"Block Potion"},{"floor":10,"key":"Swift Potion"},{"floor":13,"key":"ColorlessPotion"}],"is_trial":false,"path_per_floor":["M","M","M","M","M","R","M","R","T","E","R","?","M","$","R","B"],"character_chosen":"THE_SILENT","items_purchased":[],"campfire_rested":1,"item_purchase_floors":[],"current_hp_per_floor":[63,58,58,46,22,22,20,20,20,5,26,26,26,26,26,0,0],"gold":156,"neow_bonus":"THREE_CARDS","is_daily":false,"chose_seed":false,"campfire_upgraded":3,"win_rate":0.0,"timestamp":1608646579,"path_taken":["M","M","M","M","M","R","M","R","T","E","R","?","M","$","R","BOSS"],"items_purchased_type":[],"build_version":"2020-12-13","purchased_purges":1,"victory":false,"max_hp_per_floor":[70,70,70,70,70,70,70,70,70,70,70,70,70,70,70,70,70],"card_choices":[{"not_picked":["Sucker Punch","Cloak And Dagger"],"picked":"Footwork","floor":0},{"not_picked":["Cloak And Dagger","Blade Dance"],"picked":"Flying Knee","floor":1},{"not_picked":["Endless Agony","Distraction"],"picked":"Predator","floor":2},{"not_picked":["Dagger Throw","Acrobatics"],"picked":"PiercingWail","floor":3},{"not_picked":["Dagger Throw","Terror"],"picked":"Dagger Spray","floor":4},{"not_picked":["Flechettes","Sucker Punch","Cloak And Dagger"],"picked":"SKIP","floor":5},{"not_picked":["Slice","Blade Dance"],"picked":"Endless Agony","floor":7},{"not_picked":["Flying Knee","Heel Hook"],"picked":"Bullet Time","floor":10},{"not_picked":["Heel Hook","Underhanded Strike","Expertise"],"picked":"SKIP","floor":13}],"player_experience":1041165,"relics_obtained":[{"floor":9,"key":"Toy Ornithopter"},{"floor":10,"key":"Bag of Preparation"}],"event_choices":[{"damage_healed":0,"gold_gain":0,"player_choice":"Ignored","damage_taken":0,"max_hp_gain":0,"max_hp_loss":0,"event_name":"Golden Idol","floor":12,"gold_loss":0}],"is_beta":false,"boss_relics":[],"items_purged_floors":[14],"is_endless":false,"potions_floor_spawned":[7,10,13],"killed_by":"Slime Boss","ascension_level":9}}