{"host":"85gsg7iislfawqi4","time":1608657098,"event":{"mods":["AchievementEnabler","Aspiration","BaseMod","Beaked The Cultist","Better Altar","Better Match","Better Note","Better Sensory Stone","Better Skull","Better Third Choice","BetterRewards","Colored Map","Conspire","Downfall","Googly Eyes","Highlight Path","Hubris","Infinite Spire","Minty Spire (QoL Compilation)","Permanent Neow","Replay The Spire","Spicy Shops","StSLib","The Blackbeard","The Disciple","Unceasing Turn Reminder"],"gold_per_floor":[99,116,131,131,156,191,264,189,202,220,244,257,95,126,139,139,139],"floor_reached":16,"playtime":866,"items_purged":["Regret"],"score":104,"play_id":"57dc70fc-499e-4dfb-a0b2-7c66a8e6c640","local_time":"20201222181138","is_ascension_mode":false,"campfire_choices":[{"floor":1,"key":"RECALL"},{"data":"beaked:CrazyRituals","floor":8,"key":"SMITH"}],"circlet_count":0,"master_deck":["beaked:Strike_Y","beaked:Strike_Y","beaked:Strike_Y+1","beaked:Strike_Y","beaked:Strike_Y","beaked:Strike_Y","beaked:Defend_Y","beaked:Defend_Y+1","beaked:Defend_Y","beaked:Defend_Y","beaked:Ceremony","beaked:CrazyRituals+1","beaked:CrazyRituals","beaked:SurvivalInstinct+1","beaked:Flinch","beaked:WarriorSpirit","beaked:Windmill","beaked:WarriorEssence","beaked:CrazyRituals","beaked:BraceForImpact","beaked:BloodForTheGods"],"relics":["beaked:MendingPlumage","hubris:OldNail","Garlic","downfall:HeartBlessingRed","Odd Mushroom","Frozen Eye","Unceasing Top"],"acts_visited":["Exordium"],"potions_floor_usage":[],"damage_taken":[{"damage":3,"enemies":"Small Slimes","floor":2,"turns":5},{"damage":13,"enemies":"Jaw Worm","floor":3,"turns":6},{"damage":20,"enemies":"2 Louse","floor":6,"turns":5},{"damage":13,"enemies":"3 Louse","floor":9,"turns":4},{"damage":17,"enemies":"conspire:2 RoseBushes","floor":10,"turns":4},{"damage":20,"enemies":"The Mushroom Lair","floor":11,"turns":4},{"damage":4,"enemies":"Red Slaver","floor":12,"turns":2},{"damage":2,"enemies":"downfall:FleeingMerchant","floor":13,"turns":4},{"damage":60,"enemies":"Gremlin Nob","floor":14,"turns":7},{"damage":21,"enemies":"2 Fungi Beasts","floor":15,"turns":5},{"damage":71,"enemies":"downfall:Ironclad","floor":16,"turns":8}],"seed_played":"-2283396246173987629","potions_obtained":[{"floor":2,"key":"CultistPotion"},{"floor":3,"key":"FairyPotion"},{"floor":9,"key":"SteroidPotion"},{"floor":12,"key":"BlessingOfTheForge"}],"is_trial":false,"path_per_floor":["R","M","M","?","T","M","T","R","M","M","?","M","$","E","M","B"],"character_chosen":"BEAKED_THE_CULTIST","items_purchased":["Frozen Eye"],"campfire_rested":0,"item_purchase_floors":[13],"current_hp_per_floor":[55,55,53,53,53,50,50,50,51,54,44,52,55,8,27,0,0],"gold":139,"neow_bonus":"TEN_PERCENT_HP_BONUS","is_daily":false,"chose_seed":false,"campfire_upgraded":1,"win_rate":0.0,"timestamp":1608657098,"path_taken":["R","M","M","?","?","M","T","R","M","M","?","M","$","E","M","BOSS"],"items_purchased_type":["Relic"],"build_version":"2020-12-13","purchased_purges":1,"victory":false,"max_hp_per_floor":[55,55,55,55,55,55,55,55,55,55,55,55,55,55,55,55,55],"card_choices":[{"not_picked":["beaked:FeelMyPain","beaked:VigorBurst"],"picked":"beaked:SurvivalInstinct","floor":2},{"not_picked":["beaked:FeelMyPain","beaked:Redirect"],"picked":"beaked:Flinch","floor":3},{"not_picked":["beaked:Overexert","beaked:Flinch"],"picked":"beaked:WarriorSpirit","floor":6},{"not_picked":["beaked:TuckingFeathers","beaked:Devastation"],"picked":"beaked:Windmill","floor":9},{"not_picked":["beaked:Evade","beaked:Cower","beaked:Windmill"],"picked":"SKIP","floor":10},{"not_picked":["beaked:Windmill","beaked:CursingBlood"],"picked":"beaked:WarriorEssence","floor":12},{"not_picked":["beaked:SacrificialDive","beaked:Roost"],"picked":"beaked:CrazyRituals","floor":13},{"not_picked":["ReplayTheSpireMod:RavenHex","beaked:Caw"],"picked":"beaked:BraceForImpact","floor":14},{"not_picked":["beaked:Daydream","beaked:Redirect"],"picked":"beaked:BloodForTheGods","floor":15}],"player_experience":326504,"relics_obtained":[{"floor":5,"key":"hubris:OldNail"},{"floor":7,"key":"Garlic"},{"floor":11,"key":"Odd Mushroom"},{"floor":14,"key":"Unceasing Top"}],"event_choices":[{"damage_healed":0,"gold_gain":0,"player_choice":"Fought Mushrooms","damage_taken":0,"max_hp_gain":0,"max_hp_loss":0,"event_name":"Mushrooms","floor":11,"gold_loss":0}],"is_beta":false,"boss_relics":[],"items_purged_floors":[13],"is_endless":false,"potions_floor_spawned":[2,3,9,10,12,14],"killed_by":"downfall:Ironclad","ascension_level":0}}