{"host":"zig6x0mxqzam82fb","time":1608597149,"event":{"mods":["BaseMod","Block Reminder","Colored Map","Colored Powertips","Minty Spire (QoL Compilation)","Relic Stats"],"gold_per_floor":[115,115,390,13,188,213,213,246,295,295,306,319,319,336,336,336,336],"floor_reached":16,"playtime":701,"items_purged":[],"score":119,"play_id":"d8664348-d2cb-4b70-81ac-e6119ed55b3a","local_time":"20201221193229","is_ascension_mode":true,"campfire_choices":[{"data":"Armaments","floor":7,"key":"SMITH"},{"floor":10,"key":"REST"},{"floor":13,"key":"REST"},{"floor":15,"key":"REST"}],"circlet_count":0,"master_deck":["Strike_R","Strike_R","Strike_R","Strike_R","Strike_R","Defend_R","Defend_R","Defend_R","Defend_R","Bash","Flex","Regret","Feel No Pain","Doubt","Armaments+1","Wild Strike","Uppercut","Wild Strike","Disarm"],"relics":["Busted Crown","Juzu Bracelet","Centennial Puzzle","TheAbacus","PreservedInsect","Oddly Smooth Stone","Omamori"],"acts_visited":["Exordium"],"potions_floor_usage":[14,14,16],"damage_taken":[{"damage":0,"enemies":"Cultist","floor":1,"turns":3},{"damage":42,"enemies":"3 Sentries","floor":6,"turns":13},{"damage":28,"enemies":"Lagavulin","floor":8,"turns":7},{"damage":6,"enemies":"Small Slimes","floor":11,"turns":3},{"damage":1,"enemies":"Jaw Worm","floor":12,"turns":3},{"damage":32,"enemies":"Gremlin Gang","floor":14,"turns":5},{"damage":39,"enemies":"Hexaghost","floor":16,"turns":14}],"seed_played":"6321502545593841737","potions_obtained":[{"floor":6,"key":"BlessingOfTheForge"},{"floor":8,"key":"ElixirPotion"},{"floor":11,"key":"SneckoOil"}],"is_trial":false,"path_per_floor":["M","?","?","$","?","E","R","E","T","R","M","M","R","M","R","B"],"character_chosen":"IRONCLAD","items_purchased":["Centennial Puzzle","TheAbacus","Feel No Pain"],"campfire_rested":3,"item_purchase_floors":[4,4,4],"current_hp_per_floor":[80,73,73,73,73,31,31,3,3,27,21,20,44,12,36,0,0],"gold":336,"neow_bonus":"BOSS_RELIC","is_daily":false,"chose_seed":false,"campfire_upgraded":1,"win_rate":0.0,"timestamp":1608597149,"path_taken":["M","?","?","$","?","E","R","E","T","R","M","M","R","M","R","BOSS"],"items_purchased_type":["Relic","Relic","Card"],"build_version":"2020-12-13","purchased_purges":0,"victory":false,"max_hp_per_floor":[80,80,80,80,80,80,80,80,80,80,80,80,80,80,80,80,80],"relic_stats":{"Centennial Puzzle":[18],"Busted Crown":12,"TheAbacus":[60],"counters":[7,48],"PreservedInsect":28,"Juzu Bracelet":1,"obtain_stats":[{"Centennial Puzzle":4,"Busted Crown":0,"TheAbacus":4,"Oddly Smooth Stone":8,"PreservedInsect":6,"Juzu Bracelet":2,"Omamori":9,"Burning Blood":0},{"Centennial Puzzle":1,"Busted Crown":0,"TheAbacus":1,"Oddly Smooth Stone":3,"PreservedInsect":2,"Juzu Bracelet":1,"Omamori":3,"Burning Blood":0},{"Centennial Puzzle":3,"Busted Crown":0,"TheAbacus":3,"Oddly Smooth Stone":23,"PreservedInsect":16,"Juzu Bracelet":3,"Omamori":23,"Burning Blood":0}]},"card_choices":[{"not_picked":[],"picked":"Flex","floor":1},{"not_picked":[],"picked":"Armaments","floor":6},{"not_picked":[],"picked":"Wild Strike","floor":8},{"not_picked":[],"picked":"Uppercut","floor":11},{"not_picked":[],"picked":"Wild Strike","floor":12},{"not_picked":[],"picked":"Disarm","floor":14}],"player_experience":295696,"relics_obtained":[{"floor":6,"key":"PreservedInsect"},{"floor":8,"key":"Oddly Smooth Stone"},{"floor":9,"key":"Omamori"}],"event_choices":[{"damage_healed":0,"gold_gain":0,"player_choice":"Success","damage_taken":7,"relics_obtained":["Juzu Bracelet"],"max_hp_gain":0,"max_hp_loss":0,"event_name":"Scrap Ooze","floor":2,"gold_loss":0},{"damage_healed":0,"gold_gain":275,"player_choice":"Desecrate","damage_taken":0,"max_hp_gain":0,"max_hp_loss":0,"event_name":"Golden Shrine","floor":3,"gold_loss":0,"cards_obtained":["Regret"]},{"damage_healed":0,"gold_gain":175,"player_choice":"AGREE","damage_taken":0,"max_hp_gain":0,"max_hp_loss":0,"event_name":"Liars Game","floor":5,"gold_loss":0,"cards_obtained":["Doubt"]}],"is_beta":false,"boss_relics":[],"items_purged_floors":[],"is_endless":false,"potions_floor_spawned":[6,8,11],"killed_by":"Hexaghost","ascension_level":2}}