{"host":"5dzuyvrjb30uqvwu","time":1608633383,"event":{"mods":["AchievementEnabler","BaseMod","Colored Powertips","Lobotomy","Minty Spire (QoL Compilation)","Quick Restart","slay the spire mod where everything is the same but ironclad has a cowboy hat"],"gold_per_floor":[117,136,136,136,136,136,169,24,24,58,77,77,77,104,104,104,104],"floor_reached":16,"playtime":611,"items_purged":["Defend_R"],"score":148,"play_id":"b7d26092-c852-47c7-9323-7adcf7e8cd06","local_time":"20201222023623","is_ascension_mode":true,"campfire_choices":[{"data":"Shrug It Off","floor":6,"key":"SMITH"},{"floor":12,"key":"REST"},{"data":"Rupture","floor":15,"key":"SMITH"}],"circlet_count":0,"master_deck":["Strike_R+1","Strike_R","Strike_R","Strike_R","Strike_R","Defend_R","Defend_R","Bash+1","Scorched","Shrug It Off+1","WallGazer","Shrug It Off","Limit Break+1","Rupture+1","SilentOrchestra","Limit Break"],"relics":["Burning Blood","CogitoBucket","RabbitCall","Regal Pillow","HornCleat","Shuriken","Tiny Chest","Eternal Feather"],"acts_visited":["Exordium"],"potions_floor_usage":[7],"damage_taken":[{"damage":17,"enemies":"Small Slimes","floor":1,"turns":4},{"damage":11,"enemies":"Jaw Worm","floor":2,"turns":2},{"damage":20,"enemies":"Gremlin Nob","floor":7,"turns":3},{"damage":2,"enemies":"3 Sentries","floor":10,"turns":3},{"damage":2,"enemies":"2 Louse","floor":11,"turns":2},{"damage":25,"enemies":"Lagavulin","floor":14,"turns":7},{"damage":50,"enemies":"Slime Boss","floor":16,"turns":5}],"seed_played":"4452512780419063902","potions_obtained":[{"floor":2,"key":"Swift Potion"}],"is_trial":false,"path_per_floor":["M","M","?","?","?","R","E","$","T","E","M","R","?","E","R","B"],"character_chosen":"IRONCLAD","items_purchased":["Rupture"],"campfire_rested":1,"item_purchase_floors":[8],"current_hp_per_floor":[69,64,46,30,23,23,9,9,9,13,17,56,56,37,46,0,0],"gold":104,"neow_bonus":"","is_daily":false,"chose_seed":false,"campfire_upgraded":2,"win_rate":0.0,"timestamp":1608633383,"path_taken":["M","M","?","?","?","R","E","?","T","E","?","R","?","E","R","BOSS"],"items_purchased_type":["Card"],"build_version":"2020-12-13","purchased_purges":1,"victory":false,"max_hp_per_floor":[80,80,80,80,80,80,80,80,80,80,80,80,80,80,80,80,80],"card_choices":[{"not_picked":["OSAHOGD","HeroicMonk"],"picked":"Scorched","floor":1},{"not_picked":["Uppercut","Headbutt"],"picked":"Shrug It Off","floor":1},{"not_picked":["SingingMachine","Bloodbath"],"picked":"WallGazer","floor":2},{"not_picked":["Armaments","Flex"],"picked":"Shrug It Off","floor":2},{"not_picked":["OldLady","BlackSwan","Rudolta"],"picked":"Singing Bowl","floor":7},{"not_picked":["Bloodletting","Headbutt"],"picked":"Limit Break","floor":7},{"not_picked":["PunishingBird","Bloodbath","BlackSwan"],"picked":"Singing Bowl","floor":10},{"not_picked":["Havoc","Headbutt","Fire Breathing"],"picked":"SKIP","floor":10},{"not_picked":["DreamingCurrent","MHz"],"picked":"SilentOrchestra","floor":11},{"not_picked":["Dual Wield","Twin Strike"],"picked":"Limit Break","floor":11},{"not_picked":["Wellcheers","QueenBee","OSAHOGD"],"picked":"Singing Bowl","floor":14},{"not_picked":["Wild Strike","Body Slam","Feel No Pain"],"picked":"SKIP","floor":14}],"player_experience":311573,"relics_obtained":[{"floor":7,"key":"HornCleat"},{"floor":9,"key":"Shuriken"},{"floor":10,"key":"Tiny Chest"},{"floor":14,"key":"Eternal Feather"}],"event_choices":[{"damage_healed":0,"gold_gain":0,"player_choice":"Success","damage_taken":18,"relics_obtained":["Regal Pillow"],"max_hp_gain":0,"max_hp_loss":0,"event_name":"Scrap Ooze","floor":3,"gold_loss":0},{"damage_healed":0,"gold_gain":0,"player_choice":"Entered Light","damage_taken":16,"max_hp_gain":0,"max_hp_loss":0,"event_name":"Shining Light","floor":4,"gold_loss":0,"cards_upgraded":["Bash","Strike_R"]},{"cards_removed":["Defend_R"],"damage_healed":0,"gold_gain":0,"player_choice":"Card Removal","damage_taken":7,"max_hp_gain":0,"max_hp_loss":0,"event_name":"Golden Wing","floor":5,"gold_loss":0},{"damage_healed":0,"gold_gain":0,"player_choice":"Forge","damage_taken":0,"max_hp_gain":0,"max_hp_loss":0,"event_name":"Accursed Blacksmith","floor":13,"gold_loss":0,"cards_upgraded":["Limit Break"]}],"is_beta":false,"boss_relics":[],"items_purged_floors":[8],"is_endless":false,"potions_floor_spawned":[2],"killed_by":"Slime Boss","ascension_level":1}}