{"host":"5j53u3d72gsce0fe","time":1608677114,"event":{"mods":["2.2 Compatiblity","AchievementEnabler","Aspiration","BaseMod","Beaked The Cultist","Better Altar","Better Match","Better Note","Better Sensory Stone","Better Skull","Better Third Choice","Better Vampires","Block Reminder","CCEM","Card Forge","Colored Map","Colored Powertips","Colorless Booster Pack","Conspire","Defuse TimeMaze Blight","Dio Mod","Dota2Spire","Downfall","Emptier Cage","Energized Spire","Friendly Minions","GifTheSpireLib","Hermit","HexUI Lib","Hubris","Humility","Infinite Spire","Marked Mod","Mimic Mod","Minty Spire (QoL Compilation)","Relic Filter","Replay The Spire","Retaliation","Shade Mod","Small Relic Pack","StSLib","Stuff the Spire","The Animator","The Bug Knight","Transform Curses","Unceasing Turn Reminder","???Mod??????Boss"],"gold_per_floor":[99,99,549,724,649,574,574,186,200,227,55,82,7,24,39,137,137,137,148,148,148,148,176,176,101,101,127,148,148,183,183,211,322,322,322,340,368,368,390,116,164,237,271,271,319,355,382,400,430,430,430,469,102,102,102],"floor_reached":56,"playtime":5836,"items_purged":[],"score":2029,"play_id":"cb08769d-653b-40fd-abfd-9379f1f61a17","local_time":"20201222144514","is_ascension_mode":true,"campfire_choices":[{"floor":1.0,"key":"RECALL"},{"data":"hexamod:Strike","floor":6.0,"key":"SMITH"},{"floor":13.0,"key":"REST"},{"data":"hexamod:SearingWound","floor":18.0,"key":"SMITH"},{"floor":25.0,"key":"REST"},{"floor":29,"key":"REST"},{"data":"ReplayTheSpireMod:Black Plague+1","floor":35,"key":"SMITH"},{"data":"ReplayTheSpireMod:Black Plague+2","floor":44,"key":"SMITH"},{"data":"ReplayTheSpireMod:Black Plague+3","floor":54,"key":"SMITH"}],"circlet_count":0,"master_deck":["hexamod:Defend+1","hexamod:Sear+1","hexamod:Float+1","Bandage Up+1","hexamod:AdvancingGuard+1","hexamod:AdvancingGuard+1","hexamod:SpectersWail+1","hexamod:RainOfEmbers+1","hexamod:PhantomFireball+1","hexamod:HexaLevel+1","hexamod:RadiantFlame+1","hexamod:SearingWound+1","hexamod:ChargedBarrage+1","StuffTheSpire:PestControl+1","hexamod:Incineration+1","infinitespire:Starlight+1","hexamod:AdvancingGuard+1","hexamod:SearingWound+1","hexamod:SpectersWail+1","hexamod:ApocalypticArmor+1","hexamod:PhantomFireball+1","ReplayTheSpireMod:Black Plague+4","hexamod:PhantomFireball+1","hexamod:VolcanoVisage+1","hexamod:FastForward+1","hexamod:StepThrough+1","hexamod:BurningTouch+1","hexamod:TimeOfNeed+1","DDmod:PotionAddictCard+1","hexamod:RadiantFlame+1","hexamod:VolcanoVisage+1","hexamod:RecurringNightmare+1","hexamod:RadiantFlame+1","hexamod:Again+1","hexamod:FastForward+1","hexamod:SoulSteal+1"],"relics":["hexamod:SpiritBrand","Hammer of Thor","Seething Fire","Anvil of the Gods","downfall:HeartBlessingRed","Tiny Chest","Bronze Scales","HandDrill","StoneCalendar","Lee\u0027s Waffle","CCEMRelics:JestersCrown","downfall:HeartBlessingGreen","hubris:Backtick","Dota2Spire:EyeOfSkadi","aspiration:EmptySkull","Pantograph","downfall:HeartBlessingBlue","conspire:RunicOctahedron","Blue Doll","conspire:InfiniteJournal","aspiration:FutureDiary","Dota2Spire:MaskOfMadness","hexamod:TheBrokenSeal","hubris:CuriousFeather","Sundial","Dota2Spire:PowerTreads","Dota2Spire:Satanic","Dota2Spire:EchoSabre","Replay:PocketPolymizer","Bag of Marbles","hubris:EmptyBottle"],"acts_visited":["Exordium","TheCity","TheBeyond","TheEnding"],"potions_floor_usage":[30,30,30,33,39,40,49,50,55,55,55,55],"damage_taken":[{"damage":0.0,"enemies":"downfall:FleeingMerchant","floor":8.0,"turns":4.0},{"damage":0.0,"enemies":"Jaw Worm","floor":9.0,"turns":3.0},{"damage":12.0,"enemies":"Replay:BlueRogue","floor":10.0,"turns":3.0},{"damage":10.0,"enemies":"downfall:FleeingMerchant","floor":11.0,"turns":4.0},{"damage":35.0,"enemies":"3 Sentries","floor":12.0,"turns":7.0},{"damage":4.0,"enemies":"Small Slimes","floor":14.0,"turns":2.0},{"damage":0.0,"enemies":"2 Louse","floor":15.0,"turns":2.0},{"damage":59.0,"enemies":"downfall:Defect","floor":16.0,"turns":6.0},{"damage":13.0,"enemies":"3 Byrds","floor":19.0,"turns":4.0},{"damage":49.0,"enemies":"Slavers","floor":23.0,"turns":4.0},{"damage":27,"enemies":"Spheric Guardian","floor":27,"turns":6},{"damage":19,"enemies":"Snecko","floor":28,"turns":5},{"damage":0,"enemies":"Replay:Snechameleon","floor":30,"turns":4},{"damage":6,"enemies":"Cultist and Chosen","floor":32,"turns":4},{"damage":45,"enemies":"downfall:Watcher","floor":33,"turns":7},{"damage":13,"enemies":"Orb Walker","floor":36,"turns":4},{"damage":18,"enemies":"3 Shapes","floor":37,"turns":3},{"damage":51,"enemies":"Transient","floor":39,"turns":6},{"damage":14,"enemies":"downfall:FleeingMerchant","floor":40,"turns":4},{"damage":25,"enemies":"4 Shapes","floor":41,"turns":7},{"damage":22,"enemies":"beaked:SuperParasite","floor":43,"turns":5},{"damage":0,"enemies":"downfall:FleeingMerchant","floor":45,"turns":2},{"damage":0,"enemies":"Giant Head","floor":46,"turns":6},{"damage":27,"enemies":"4 Shapes","floor":47,"turns":3},{"damage":56,"enemies":"Sphere and 2 Shapes","floor":48,"turns":4},{"damage":10,"enemies":"Writhing Mass","floor":49,"turns":4},{"damage":59,"enemies":"downfall:Silent","floor":50,"turns":6},{"damage":61,"enemies":"downfall:CharBossMerchant","floor":52,"turns":6},{"damage":48,"enemies":"downfall:NeowBoss","floor":55,"turns":17}],"seed_played":"3783749863415650782","potions_obtained":[{"floor":10.0,"key":"AttackPotion"},{"floor":12.0,"key":"ColorlessPotion"},{"floor":16.0,"key":"Fire Potion"},{"floor":23.0,"key":"Weak Potion"},{"floor":28,"key":"EssenceOfSteel"},{"floor":28,"key":"AttackPotion"},{"floor":30,"key":"Doom Potion"},{"floor":32,"key":"infinitespire:BlackPotion"},{"floor":33,"key":"EssenceOfSteel"},{"floor":37,"key":"CultistPotion"},{"floor":39,"key":"SpeedPotion"},{"floor":39,"key":"Venom Potion"},{"floor":43,"key":"Dota2Spire:HealingSalve"},{"floor":48,"key":"LiquidBronze"},{"floor":49,"key":"Fire Potion"}],"is_trial":false,"path_per_floor":["R","?","?","?","?","R","T","$","M","E","$","E","R","M","M","B",null,"R","M","?","T","?","E","T","R","AVR","M","M","R","E","?","M","B",null,"R","M","M","?","M","$","MIM","T","E","R","$","E","M","M","M","B",null,"E","$","R","B",null],"character_chosen":"THE_SPIRIT","items_purchased":["Bronze Scales","HandDrill","hexamod:AdvancingGuard","Block Potion","Lee\u0027s Waffle","DDmod:PotionAddictCard+1","Dota2Spire:MaskOfMadness","Dota2Spire:Satanic","Bag of Marbles","hubris:EmptyBottle","hexamod:SoulSteal"],"campfire_rested":3,"item_purchase_floors":[8,8,8,8,11,40,40,45,53,53,53],"current_hp_per_floor":[77,77,77,77,77,77,77,77,77,65,84,55,80,82,84,31,89,89,81,81,81,61,18,18,57,57,51,38,67,89,65,87,67,99,99,93,82,75,59,59,109,109,96,96,102,109,91,57,69,48,109,54,54,54,58],"gold":102,"neow_bonus":"TEN_PERCENT_HP_BONUS","is_daily":false,"chose_seed":false,"campfire_upgraded":5,"win_rate":0.0,"timestamp":1608677114,"path_taken":["R","?","?","?","?","R","T","$","M","E","?","E","R","?","M","BOSS","R","M","?","?","?","E","T","R","AVR","M","M","R","E","?","M","BOSS","R","M","M","?","M","$","MIM","?","E","R","$","E","?","M","M","BOSS","E","$","R","BOSS"],"items_purchased_type":["Relic","Relic","Card","Potion","Relic","Card","Relic","Relic","Relic","Relic","Card"],"build_version":"2020-12-13","purchased_purges":0,"victory":true,"max_hp_per_floor":[77,77,77,77,77,77,77,77,77,77,84,84,84,84,84,84,89,89,89,89,89,89,89,89,99,99,99,99,99,99,99,99,99,99,99,99,99,99,99,99,109,109,109,109,109,109,109,109,109,109,109,109,106,106,106],"card_choices":[{"not_picked":["Enlightenment","StuffTheSpire:PlasmaPunch"],"picked":"Bandage Up","floor":2.0},{"not_picked":["hexamod:HeatCrush","hexamod:GhostShield"],"picked":"hexamod:AdvancingGuard","floor":8.0},{"not_picked":["hexamod:NightmareGuise","hexamod:HauntingEcho"],"picked":"hexamod:SpectersWail","floor":9.0},{"not_picked":["hexamod:GhostOfSpirePast","hexamod:RetreatToShadows"],"picked":"hexamod:RainOfEmbers","floor":10.0},{"not_picked":["hexamod:Again","hexamod:Incineration"],"picked":"hexamod:PhantomFireball","floor":11.0},{"not_picked":["hexamod:FastForward","hexamod:WildfireWeapon"],"picked":"hexamod:HexaLevel","floor":12.0},{"not_picked":["hexamod:ExtraCrispy","hexamod:ThermalTransfer"],"picked":"hexamod:RadiantFlame","floor":14.0},{"not_picked":["hexamod:Hexaguard","hexamod:BacktrackSmack"],"picked":"hexamod:ThirdSeal","floor":15.0},{"not_picked":["hexamod:TimeWarp","hexamod:GiftsFromTheDead"],"picked":"hexamod:SearingWound","floor":16.0},{"not_picked":["hexamod:EmpoweringStance","hexamod:ApocalypticArmor"],"picked":"hexamod:FifthSeal","floor":16.0},{"not_picked":["hexamod:SixthSeal","hexamod:FirstSeal"],"picked":"hexamod:SecondSeal","floor":19.0},{"not_picked":["hexamod:BurningTouch","hexamod:SuperheatedStrike"],"picked":"hexamod:ChargedBarrage","floor":19.0},{"not_picked":["hexamod:FirstSeal","hexamod:ThirdSeal"],"picked":"hexamod:FourthSeal","floor":23.0},{"not_picked":["hexamod:GhostLash","hexamod:NightmareGuise"],"picked":"hexamod:Incineration+1","floor":23.0},{"not_picked":["hexamod:GhostOfSpirePast","hexamod:EtherealExpedition"],"picked":"hexamod:AdvancingGuard","floor":27},{"not_picked":["hexamod:HeatShield","hexamod:Again"],"picked":"hexamod:SearingWound","floor":27},{"not_picked":["hexamod:FourthSeal","hexamod:ThirdSeal"],"picked":"hexamod:FirstSeal","floor":28},{"not_picked":["hexamod:SpectralSpark+1","hexamod:SkipABeat"],"picked":"hexamod:SpectersWail+1","floor":28},{"not_picked":["hexamod:NightmareGuise","hexamod:StepThrough"],"picked":"hexamod:ApocalypticArmor","floor":30},{"not_picked":["hexamod:HauntingEcho+1","hexamod:FirstSeal"],"picked":"hexamod:PhantomFireball","floor":30},{"not_picked":["ReplayTheSpireMod:Echoes of Time","infinitespire:Fortify"],"picked":"ReplayTheSpireMod:Black Plague","floor":31},{"not_picked":["hexamod:NightmareStrike","hexamod:Firestarter"],"picked":"hexamod:PhantomFireball+1","floor":32},{"not_picked":["hexamod:SecondSeal","hexamod:FirstSeal"],"picked":"hexamod:SixthSeal","floor":33},{"not_picked":["hexamod:WildfireWeapon","hexamod:ApocalypticArmor"],"picked":"hexamod:VolcanoVisage","floor":33},{"not_picked":["hexamod:SwordOfDarkness+1","hexamod:Hexaguard"],"picked":"hexamod:FastForward+1","floor":36},{"not_picked":["hexamod:NightmareStrike","hexamod:SwordOfDarkness+1","hexamod:HauntingEcho"],"picked":"SKIP","floor":36},{"not_picked":["hexamod:Firestarter","hexamod:AdvancingGuard+1"],"picked":"hexamod:StepThrough+1","floor":37},{"not_picked":["hexamod:BacktrackSmack","hexamod:PhantomFireball","hexamod:GhostLash+1"],"picked":"SKIP","floor":37},{"not_picked":["hexamod:FourthSeal","hexamod:ThirdSeal"],"picked":"hexamod:SecondSeal","floor":39},{"not_picked":["hexamod:NightmareGuise+1","hexamod:BacktrackSmack+1"],"picked":"hexamod:BurningTouch","floor":39},{"not_picked":["hexamod:HeatMetal","hexamod:TurnItUp"],"picked":"hexamod:TimeOfNeed","floor":40},{"not_picked":["hexamod:PhantomFireball","hexamod:BacktrackSmack"],"picked":"hexamod:RadiantFlame","floor":41},{"not_picked":["hexamod:ShieldOfDarkness+1","hexamod:GhostShield"],"picked":"hexamod:VolcanoVisage","floor":43},{"not_picked":["hexamod:Hexaguard+1","hexamod:SuperheatedStrike"],"picked":"hexamod:RecurringNightmare+1","floor":45},{"not_picked":["hexamod:HeatCrush+1","hexamod:SpectersWail"],"picked":"hexamod:RadiantFlame","floor":46},{"not_picked":["hexamod:GhostShield+1","hexamod:HeatCrush"],"picked":"hexamod:Again+1","floor":47},{"not_picked":["hexamod:AdvancingGuard","hexamod:GiftsFromTheDead"],"picked":"hexamod:SecondSeal","floor":48},{"not_picked":["hexamod:GhostLash","hexamod:DynamicBlow"],"picked":"hexamod:FastForward+1","floor":49},{"not_picked":["hexamod:SuperheatedStrike+1","hexamod:ChargedBarrage","hexamod:Hexaguard"],"picked":"SKIP","floor":52}],"player_experience":1200268,"relics_obtained":[{"floor":7.0,"key":"Tiny Chest"},{"floor":10.0,"key":"StoneCalendar"},{"floor":12.0,"key":"CCEMRelics:JestersCrown"},{"floor":23.0,"key":"aspiration:EmptySkull"},{"floor":24.0,"key":"Pantograph"},{"floor":30,"key":"conspire:InfiniteJournal"},{"floor":41,"key":"hubris:CuriousFeather"},{"floor":42,"key":"Sundial"},{"floor":43,"key":"Dota2Spire:PowerTreads"},{"floor":46,"key":"Dota2Spire:EchoSabre"},{"floor":52,"key":"Replay:PocketPolymizer"}],"event_choices":[{"damage_healed":0.0,"max_hp_gain":0.0,"max_hp_loss":0.0,"gold_gain":1.0,"event_name":"betterStone:BetterStone","player_choice":"1","floor":2.0,"gold_loss":0.0,"damage_taken":0.0},{"damage_healed":0.0,"max_hp_gain":0.0,"max_hp_loss":0.0,"gold_gain":0.0,"event_name":"betterMatch:BetterMatch","player_choice":"3","floor":5.0,"gold_loss":0.0,"damage_taken":0.0,"cards_obtained":[]}],"is_beta":false,"boss_relics":[{"not_picked":["hubris:BlackHole","energizedSpire:RedRose"],"picked":"hubris:Backtick"},{"not_picked":["Ring of Chaos","aspiration:RitualDagger"],"picked":"aspiration:FutureDiary"}],"items_purged_floors":[],"is_endless":false,"potions_floor_spawned":[10,12,16,23,28,39,43,46,48,49],"ascension_level":1}}