{"host":"x5a6cvihdukvwm3n","time":1608636586,"event":{"mods":["AlwaysNeverKeys","Aspiration","BaseMod","Beaked The Cultist","BetterRewards","Colored Map","Colored Powertips","Conspire","Curses Come First","Downfall","Friendly Minions","GifTheSpireLib","Gremlin Mod","Halation","Highlight Path","Hubris","Minty Spire (QoL Compilation)","Replay The Spire","Shop Mod","StSLib","Stuff the Spire","SuperFastMode","Synergy Search","Td1madao Mod","The Bladedancer","The Construct","The Disciple","The Jungle","The Servant 0.9.4","vexMod"],"gold_per_floor":[112,143,159,170,185,213,111,145,145,145,145,145],"floor_reached":11,"playtime":352,"items_purged":[],"score":87,"play_id":"b313033a-9bb9-4229-9944-7787ae9217c9","local_time":"20201222122946","is_ascension_mode":true,"campfire_choices":[{"floor":10,"key":"DIG"}],"circlet_count":0,"master_deck":["construct:Strike_Gold","construct:Strike_Gold","construct:Strike_Gold","construct:Strike_Gold","construct:Strike_Gold","construct:Defend_Gold","construct:Defend_Gold","construct:Defend_Gold","construct:Defend_Gold","construct:Defend_Gold","construct:AttackMode","construct:DefenseMode","construct:Anticipate","construct:Versatility","construct:ClusterMines","construct:ShiftStrike","construct:SweepLaser","construct:PointDefense","construct:Autoturret","construct:ChargeShot"],"relics":["construct:Cogwheel","NeowsBlessing","ReplayTheSpireMod:Lightbulb","Shovel","MerchantsRug","PreservedInsect","Pondfish Scales","Smiling Mask"],"acts_visited":["Exordium"],"potions_floor_usage":[11],"damage_taken":[{"damage":0,"enemies":"Small Slimes","floor":1,"turns":1},{"damage":0,"enemies":"conspire:MimicChest","floor":2,"turns":1},{"damage":0,"enemies":"2 Louse","floor":3,"turns":2},{"damage":6,"enemies":"Jaw Worm","floor":4,"turns":5},{"damage":10,"enemies":"Looter","floor":5,"turns":2},{"damage":24,"enemies":"Gremlin Nob","floor":6,"turns":5},{"damage":19,"enemies":"Lagavulin","floor":8,"turns":7},{"damage":30,"enemies":"Gremlin Nob","floor":11,"turns":3}],"seed_played":"-6205871267006855636","potions_obtained":[{"floor":2,"key":"SmokeBomb"},{"floor":5,"key":"DuplicationPotion"},{"floor":6,"key":"Swift Potion"},{"floor":8,"key":"champ:CounterPotion"}],"is_trial":false,"path_per_floor":["M","?","M","M","M","E","$","E","T","R","E"],"character_chosen":"THE_CONSTRUCT_MOD","items_purchased":["MerchantsRug","construct:Autoturret"],"campfire_rested":0,"item_purchase_floors":[7,7],"current_hp_per_floor":[85,85,85,79,69,45,45,26,26,26,0,0],"gold":145,"neow_bonus":"THREE_ENEMY_KILL","is_daily":false,"chose_seed":false,"campfire_upgraded":0,"win_rate":0.0,"timestamp":1608636586,"path_taken":["M","?","M","M","M","E","$","E","T","R","E"],"items_purchased_type":["Relic","Card"],"build_version":"2020-12-13","purchased_purges":0,"victory":false,"max_hp_per_floor":[85,85,85,85,85,85,85,85,85,85,85,85],"card_choices":[{"not_picked":["construct:SaveState","construct:Backfire"],"picked":"construct:Anticipate","floor":1},{"not_picked":["construct:HeavyBolt","construct:Tumble"],"picked":"construct:Versatility","floor":2},{"not_picked":["construct:GuardCore","construct:Failsafe"],"picked":"construct:ClusterMines","floor":3},{"not_picked":["construct:Tumble","construct:Versatility"],"picked":"construct:ShiftStrike","floor":4},{"not_picked":["construct:Forcefield","construct:Anticipate"],"picked":"construct:SweepLaser","floor":5},{"not_picked":["construct:PanicFire","construct:HardReboot"],"picked":"construct:PointDefense","floor":6},{"not_picked":["construct:Accumulate","construct:Analyze"],"picked":"construct:ChargeShot","floor":8}],"player_experience":292394,"relics_obtained":[{"floor":2,"key":"ReplayTheSpireMod:Lightbulb"},{"floor":6,"key":"Shovel"},{"floor":8,"key":"PreservedInsect"},{"floor":9,"key":"Pondfish Scales"},{"floor":10,"key":"Smiling Mask"}],"event_choices":[],"is_beta":false,"boss_relics":[],"items_purged_floors":[],"is_endless":false,"potions_floor_spawned":[2,5,6,8],"killed_by":"Gremlin Nob","ascension_level":1}}