{"host":"lklj3eidp7g5an38","time":1608602624,"event":{"mods":["BaseMod","Minty Spire (QoL Compilation)","Relic Stats","StSLib"],"gold_per_floor":[117,133,133,133,133,133,167,177,177,177,187,216,141,9,9,83,83,95,95,19,50,90,115,115,115,138,138,189,104,155,192,192,267,267,304,322,338,363,383,438,458,458,458,458,468,468,468,499,499,499,499,499,15,49,49],"floor_reached":56,"playtime":5175,"items_purged":[],"score":1987,"play_id":"4766569a-313f-458a-8dac-adcab3364f6c","local_time":"20201222020344","is_ascension_mode":true,"campfire_choices":[{"floor":6,"key":"REST"},{"floor":10,"key":"REST"},{"floor":15,"key":"REST"},{"floor":24,"key":"RECALL"},{"floor":32,"key":"REST"},{"floor":42,"key":"REST"},{"floor":47,"key":"REST"},{"floor":49,"key":"REST"},{"floor":52,"key":"REST"}],"circlet_count":0,"master_deck":["AscendersBane","Strike_B+1","Defend_B","Dualcast+1","Ball Lightning","Sweeping Beam","Undo","Reinforced Body","Go for the Eyes","Electrodynamics","Skim+1","Conserve Battery+1","Buffer+1","Steam","Skim+1","Coolheaded+1","Darkness+1","RitualDagger","Melter","Creative AI","Reinforced Body","Echo Form","Turbo+1","Capacitor","Force Field","Biased Cognition","Aggregate+1","Glacier","Glacier+1","Gash","Recycle","Consume"],"relics":["Fusion Hammer","Emotion Chip","Du-Vu Doll","The Courier","Membership Card","Astrolabe","DataDisk","Juzu Bracelet","Omamori","Pantograph","Cursed Key","Unceasing Top","Darkstone Periapt","StrikeDummy","Singing Bowl","Symbiotic Virus","Thread and Needle","Lee\u0027s Waffle","Gambling Chip","Anchor"],"acts_visited":["Exordium","TheCity","TheBeyond","TheEnding"],"potions_floor_usage":[16,16,28,40,50,55,55],"damage_taken":[{"damage":0,"enemies":"Small Slimes","floor":1,"turns":3},{"damage":2,"enemies":"2 Louse","floor":2,"turns":3},{"damage":37,"enemies":"Lagavulin","floor":7,"turns":6},{"damage":0,"enemies":"Cultist","floor":8,"turns":2},{"damage":5,"enemies":"2 Fungi Beasts","floor":11,"turns":4},{"damage":5,"enemies":"3 Sentries","floor":12,"turns":6},{"damage":16,"enemies":"Slime Boss","floor":16,"turns":9},{"damage":1,"enemies":"2 Thieves","floor":18,"turns":3},{"damage":0,"enemies":"3 Byrds","floor":21,"turns":5},{"damage":0,"enemies":"Snecko","floor":22,"turns":6},{"damage":7,"enemies":"Gremlin Leader","floor":23,"turns":7},{"damage":11,"enemies":"Slavers","floor":28,"turns":4},{"damage":0,"enemies":"Sentry and Sphere","floor":31,"turns":2},{"damage":7,"enemies":"Champ","floor":33,"turns":14},{"damage":0,"enemies":"3 Shapes","floor":35,"turns":5},{"damage":0,"enemies":"Orb Walker","floor":36,"turns":5},{"damage":26,"enemies":"Maw","floor":37,"turns":7},{"damage":17,"enemies":"Mind Bloom Boss Battle","floor":38,"turns":8},{"damage":0,"enemies":"Jaw Worm Horde","floor":39,"turns":4},{"damage":35,"enemies":"Reptomancer","floor":40,"turns":8},{"damage":16,"enemies":"Writhing Mass","floor":41,"turns":6},{"damage":0,"enemies":"Spire Growth","floor":45,"turns":7},{"damage":0,"enemies":"Giant Head","floor":48,"turns":6},{"damage":14,"enemies":"Donu and Deca","floor":50,"turns":11},{"damage":28,"enemies":"Shield and Spear","floor":54,"turns":9},{"damage":77,"enemies":"The Heart","floor":55,"turns":12}],"seed_played":"-8006121096761265398","potions_obtained":[{"floor":7,"key":"LiquidMemories"},{"floor":8,"key":"GamblersBrew"},{"floor":21,"key":"DistilledChaos"},{"floor":23,"key":"Explosive Potion"},{"floor":28,"key":"FearPotion"},{"floor":36,"key":"AttackPotion"},{"floor":40,"key":"SpeedPotion"},{"floor":41,"key":"Dexterity Potion"},{"floor":44,"key":"FocusPotion"}],"is_trial":false,"path_per_floor":["M","M","?","?","?","R","E","M","T","R","M","E","?","$","R","B",null,"M","?","$","M","M","E","R","?","T","?","E","?","T","M","R","B",null,"M","M","M","?","M","E","M","R","T","?","M","?","R","E","R","B",null,"R","$","E","B",null],"character_chosen":"DEFECT","items_purchased":["Membership Card","Go for the Eyes","HandOfGreed","Symbiotic Virus","Gash","Recycle","Thread and Needle","Lee\u0027s Waffle","Gambling Chip","Swift Potion"],"campfire_rested":8,"item_purchase_floors":[14,14,20,53,53,53,53,53,53,53],"current_hp_per_floor":[64,62,41,46,46,68,31,31,31,53,48,43,43,43,65,49,69,68,68,68,68,68,61,61,55,55,55,44,44,44,44,66,69,74,74,74,48,56,56,21,5,27,27,27,27,86,86,86,86,72,83,86,93,65,13],"gold":49,"neow_bonus":"BOSS_RELIC","is_daily":false,"chose_seed":false,"campfire_upgraded":0,"win_rate":0.0,"timestamp":1608602624,"path_taken":["M","M","?","?","?","R","E","?","T","R","M","E","?","$","R","BOSS","M","?","?","M","M","E","R","?","T","?","E","?","?","M","R","BOSS","M","M","M","?","M","E","M","R","T","?","M","?","R","E","R","BOSS","R","$","E","BOSS"],"items_purchased_type":["Relic","Card","Card","Relic","Card","Card","Relic","Relic","Relic","Potion"],"build_version":"2020-12-13","purchased_purges":0,"victory":true,"max_hp_per_floor":[71,71,71,76,76,76,76,76,76,76,76,76,76,76,76,76,76,76,76,76,76,76,76,76,76,76,76,76,76,76,76,76,76,76,76,76,76,76,76,76,76,76,76,76,76,86,86,86,86,86,86,86,93,93,93],"relic_stats":{"Darkstone Periapt":0,"Emotion Chip":[62,34,17,11,0],"Lee\u0027s Waffle":7,"Singing Bowl":0,"counters":[26,162],"Astrolabe":["Skim","Conserve Battery","Buffer"],"Pantograph":60,"Gambling Chip":[6],"Juzu Bracelet":1,"Cursed Key":1,"obtain_stats":[{"Darkstone Periapt":40,"Lee\u0027s Waffle":53,"Singing Bowl":48,"Astrolabe":17,"Thread and Needle":53,"The Courier":12,"Juzu Bracelet":26,"Omamori":28,"Cursed Key":34,"Du-Vu Doll":9,"Emotion Chip":7,"DataDisk":23,"Anchor":54,"Pantograph":29,"Gambling Chip":53,"Fusion Hammer":0,"Membership Card":14,"Cracked Core":0,"StrikeDummy":43,"Symbiotic Virus":53,"Unceasing Top":38},{"Darkstone Periapt":20,"Lee\u0027s Waffle":24,"Singing Bowl":23,"Astrolabe":7,"Thread and Needle":24,"The Courier":6,"Juzu Bracelet":11,"Omamori":12,"Cursed Key":14,"Du-Vu Doll":4,"Emotion Chip":3,"DataDisk":11,"Anchor":25,"Pantograph":12,"Gambling Chip":24,"Fusion Hammer":0,"Membership Card":6,"Cracked Core":0,"StrikeDummy":21,"Symbiotic Virus":24,"Unceasing Top":18},{"Darkstone Periapt":111,"Lee\u0027s Waffle":141,"Singing Bowl":130,"Astrolabe":33,"Thread and Needle":141,"The Courier":24,"Juzu Bracelet":54,"Omamori":58,"Cursed Key":74,"Du-Vu Doll":14,"Emotion Chip":12,"DataDisk":54,"Anchor":150,"Pantograph":58,"Gambling Chip":141,"Fusion Hammer":0,"Membership Card":24,"Cracked Core":0,"StrikeDummy":117,"Symbiotic Virus":141,"Unceasing Top":99}],"Unceasing Top":[3]},"card_choices":[{"not_picked":["Barrage","Go for the Eyes"],"picked":"Ball Lightning","floor":1},{"not_picked":["Leap","Steam"],"picked":"Sweeping Beam","floor":2},{"not_picked":["Sweeping Beam","Conserve Battery"],"picked":"Undo","floor":7},{"not_picked":["Hologram","Compile Driver","Stack"],"picked":"SKIP","floor":8},{"not_picked":["Ball Lightning","Rebound"],"picked":"Reinforced Body","floor":11},{"not_picked":["Steam","Stack","Gash"],"picked":"SKIP","floor":12},{"not_picked":["Core Surge","Meteor Strike"],"picked":"Electrodynamics","floor":16},{"not_picked":["Leap","Streamline"],"picked":"Steam","floor":18},{"not_picked":["Rebound","Aggregate"],"picked":"Coolheaded+1","floor":21},{"not_picked":["Coolheaded","Turbo","Undo"],"picked":"SKIP","floor":22},{"not_picked":["Rip and Tear+1","Rebound"],"picked":"Darkness+1","floor":23},{"not_picked":["Stack","Compile Driver","Steam Power"],"picked":"SKIP","floor":28},{"not_picked":["Compile Driver","Leap"],"picked":"Reinforced Body","floor":31},{"not_picked":["Seek","Creative AI"],"picked":"Echo Form","floor":33},{"not_picked":["Beam Cell","Steam+1"],"picked":"Turbo+1","floor":35},{"not_picked":["Melter","Gash"],"picked":"Capacitor","floor":36},{"not_picked":["Rebound+1","Turbo"],"picked":"Force Field","floor":37},{"not_picked":["Lockon","Go for the Eyes+1"],"picked":"Biased Cognition","floor":38},{"not_picked":["Leap","Coolheaded"],"picked":"Aggregate+1","floor":39},{"not_picked":["Hologram","Aggregate","Chill"],"picked":"SKIP","floor":40},{"not_picked":["Loop","Barrage+1"],"picked":"Glacier","floor":41},{"not_picked":["Static Discharge","Skim","Redo"],"picked":"SKIP","floor":45},{"not_picked":["BootSequence","Turbo"],"picked":"Glacier+1","floor":48},{"not_picked":["Beam Cell","Go for the Eyes+1"],"picked":"Consume","floor":54}],"player_experience":858245,"relics_obtained":[{"floor":7,"key":"Emotion Chip"},{"floor":9,"key":"Du-Vu Doll"},{"floor":12,"key":"The Courier"},{"floor":23,"key":"DataDisk"},{"floor":26,"key":"Juzu Bracelet"},{"floor":28,"key":"Omamori"},{"floor":38,"key":"Unceasing Top"},{"floor":40,"key":"Darkstone Periapt"},{"floor":43,"key":"StrikeDummy"},{"floor":48,"key":"Singing Bowl"},{"floor":54,"key":"Anchor"}],"event_choices":[{"damage_healed":0,"gold_gain":0,"player_choice":"Entered Light","damage_taken":21,"max_hp_gain":0,"max_hp_loss":0,"event_name":"Shining Light","floor":3,"gold_loss":0,"cards_upgraded":["Strike_B","Dualcast"]},{"damage_healed":0,"gold_gain":0,"player_choice":"Donut","damage_taken":0,"max_hp_gain":5,"max_hp_loss":0,"event_name":"Big Fish","floor":4,"gold_loss":0},{"cards_removed":["Strike_B"],"damage_healed":0,"gold_gain":0,"player_choice":"Purged","damage_taken":0,"max_hp_gain":0,"max_hp_loss":0,"event_name":"Purifier","floor":5,"gold_loss":0},{"cards_removed":["Strike_B"],"damage_healed":0,"gold_gain":0,"player_choice":"Card Removal","damage_taken":0,"max_hp_gain":0,"max_hp_loss":0,"event_name":"The Cleric","floor":13,"gold_loss":75},{"damage_healed":0,"gold_gain":0,"player_choice":"Copied","damage_taken":0,"max_hp_gain":0,"max_hp_loss":0,"event_name":"Duplicator","floor":19,"gold_loss":0,"cards_obtained":["Skim"]},{"damage_healed":0,"gold_gain":0,"player_choice":"Joined the Cult","damage_taken":6,"max_hp_gain":0,"max_hp_loss":0,"event_name":"Nest","floor":25,"gold_loss":0,"cards_obtained":["RitualDagger"]},{"damage_healed":0,"gold_gain":0,"cards_transformed":["Defend_B","Zap"],"player_choice":"Became Test Subject","damage_taken":0,"max_hp_gain":0,"max_hp_loss":0,"event_name":"Drug Dealer","floor":27,"gold_loss":0,"cards_obtained":["Melter","Creative AI"]},{"damage_healed":0,"gold_gain":0,"player_choice":"Obtained Relic","damage_taken":0,"relics_obtained":["Pantograph"],"max_hp_gain":0,"max_hp_loss":0,"event_name":"Addict","floor":29,"gold_loss":85},{"damage_healed":0,"gold_gain":0,"player_choice":"Fight","damage_taken":0,"max_hp_gain":0,"max_hp_loss":0,"event_name":"MindBloom","floor":38,"gold_loss":0},{"damage_healed":0,"gold_gain":0,"player_choice":"Got Potions","damage_taken":0,"max_hp_gain":0,"max_hp_loss":0,"event_name":"Lab","floor":44,"gold_loss":0},{"cards_removed":["HandOfGreed"],"damage_healed":49,"gold_gain":0,"player_choice":"Offered Rare","damage_taken":0,"max_hp_gain":10,"max_hp_loss":0,"event_name":"Bonfire Elementals","floor":46,"gold_loss":0}],"is_beta":false,"boss_relics":[{"not_picked":["Velvet Choker","Calling Bell"],"picked":"Astrolabe"},{"not_picked":["Busted Crown","SlaversCollar"],"picked":"Cursed Key"}],"items_purged_floors":[],"is_endless":false,"potions_floor_spawned":[7,8,12,21,23,28,36,40,41],"ascension_level":15}}