{"host":"pf9sh7nh6rpu9sau","time":1608680076,"event":{"mods":["2.2 Compatiblity","BaseMod","BetterRewards","Downfall","Hermit","Hubris","Mad Scientist","Minty Spire (QoL Compilation)","Permanent Neow","Quick Restart","Replay The Spire","Somnambulant","StSLib","The Clintock","The Cursed","The Disciple","The Hierophant","The Necromancer","The Runesmith","The Servant 0.9.4","TheVacant"],"gold_per_floor":[99,132,232,242,242,255,278,278,278,278,278],"floor_reached":9,"playtime":2715,"items_purged":[],"score":59,"play_id":"0377a380-255a-45b7-9844-e1692f794352","local_time":"20201222183436","is_ascension_mode":false,"campfire_choices":[],"circlet_count":0,"master_deck":["champ:Strike","champ:Strike","champ:Strike","champ:Defend","champ:Defend","champ:Defend","champ:Defend","champ:Execute","champ:Taunt","champ:ShieldSlam","champ:StanceDance","champ:BringItOn","champ:Circumvent"],"relics":["champ:ChampionCrown","Blue Candle","Regal Pillow","Lantern"],"acts_visited":["Exordium"],"potions_floor_usage":[9],"damage_taken":[{"damage":50,"enemies":"3 Sentries","floor":2,"turns":13},{"damage":8,"enemies":"Jaw Worm","floor":4,"turns":3},{"damage":0,"enemies":"2 Louse","floor":6,"turns":3},{"damage":15,"enemies":"Lagavulin","floor":9,"turns":6}],"seed_played":"-7957559538797598326","potions_obtained":[{"floor":6,"key":"Energy Potion"}],"is_trial":false,"path_per_floor":["R","E","?","M","?","M","T","?","E"],"character_chosen":"THE_CHAMP","items_purchased":[],"campfire_rested":0,"item_purchase_floors":[],"current_hp_per_floor":[90,55,55,52,34,34,34,34,29,29,29],"gold":278,"neow_bonus":"ONE_RANDOM_RARE_CARD","is_daily":false,"chose_seed":false,"campfire_upgraded":0,"win_rate":0.0,"timestamp":1608680076,"path_taken":["R","E","?","M","?","M","T","?","E"],"items_purchased_type":[],"build_version":"2020-12-13","purchased_purges":0,"victory":false,"max_hp_per_floor":[90,90,90,90,90,90,90,90,90,90,90],"card_choices":[{"not_picked":["champ:StanceDance","champ:HeartStrike"],"picked":"champ:BringItOn","floor":2},{"not_picked":["champ:PreciseThrust","champ:AdrenalArmor"],"picked":"champ:Circumvent","floor":4},{"not_picked":["champ:Encircle","champ:BerserkerStyle","champ:GladiatorsShout"],"picked":"SKIP","floor":6}],"player_experience":736290,"relics_obtained":[{"floor":2,"key":"Blue Candle"},{"floor":7,"key":"Lantern"}],"event_choices":[{"damage_healed":0,"gold_gain":0,"player_choice":"Success","damage_taken":18,"relics_obtained":["Regal Pillow"],"max_hp_gain":0,"max_hp_loss":0,"event_name":"Scrap Ooze","floor":5,"gold_loss":0},{"cards_removed":["champ:Strike"],"damage_healed":0,"gold_gain":0,"player_choice":"Purged","damage_taken":0,"max_hp_gain":0,"max_hp_loss":0,"event_name":"Purifier","floor":8,"gold_loss":0}],"is_beta":false,"boss_relics":[],"items_purged_floors":[],"is_endless":false,"potions_floor_spawned":[6],"killed_by":"Lagavulin","ascension_level":0}}