{"host":"8e68pzgs4bln6t6e","time":1608595544,"event":{"mods":["AchievementEnabler","Act Like it!","BaseMod","Better Note","BetterRewards","Colored Powertips","Googly Eyes","Hallownest","Hubris","Infinite Spire","Jorbs\u0027s Wanderer Trilogy","Marisa????????","Minty Spire (QoL Compilation)","Quick Restart","Rare Cards Sparkle","Replay The Spire","Shop Mod","StSLib","The Animator","The Bug Knight","The Cursed","The Disciple","The Hierophant","The Servant 0.9.4"],"gold_per_floor":[111,111,128,128,128,128,160,175,175,185,195,40,40,52,52,153,153,163,163,163,177,191,223,223,254,332,332,375,375,389,405,405,520,520,568,568,630,630,674,1007,1007,1039,1066,1130,1164,1164,1223,1223,1223,1268,1268,1268,477,518,518,518],"floor_reached":55,"playtime":7193,"items_purged":["hubris:Envy","Delirium"],"score":1070,"play_id":"0c61ce49-82db-413d-a167-39f8f352b205","local_time":"20201222010544","is_ascension_mode":true,"campfire_choices":[{"data":"TheCursedMod:ForbiddenAlchemy","floor":6,"key":"SMITH"},{"data":"TheCursedMod:CursedBlade","floor":15,"key":"SMITH"},{"data":"TheCursedMod:NeowsMight","floor":24,"key":"SMITH"},{"floor":27,"key":"RECALL"},{"data":"infinitespire:FutureSight","floor":32,"key":"SMITH"},{"data":"TheCursedMod:NeowsMight","floor":41,"key":"SMITH"},{"data":"TheCursedMod:Neurasthenia","floor":46,"key":"SMITH"},{"data":"Replay:Fractal Strike","floor":49,"key":"SMITH"},{"data":"TheCursedMod:SpitefulPray","floor":52,"key":"SMITH"}],"circlet_count":0,"master_deck":["TheCursedMod:Strike_TheCursed","TheCursedMod:Strike_TheCursed","TheCursedMod:Strike_TheCursed","TheCursedMod:Defend_TheCursed","TheCursedMod:Defend_TheCursed","TheCursedMod:CursedWand","TheCursedMod:CleanUpWorkshop","TheCursedMod:Dregs","TheCursedMod:WearCloak","Hallucinations","TheCursedMod:ForbiddenAlchemy+1","Languid","TheCursedMod:CursedBlade+1","TheCursedMod:RavingStaff","TheCursedMod:CursedAmulet","TheCursedMod:ManaBullet","TheCursedMod:NeowsMight+1","TheCursedMod:CursedMace+1","TheCursedMod:Neurasthenia+1","TheCursedMod:CursedBoomerang+1","TheCursedMod:CircleOfFocus+1","TheCursedMod:CursedBoomerang+1","TheCursedMod:CursedAmulet+1","TheCursedMod:CursedSpellbook","infinitespire:FutureSight+1","TheCursedMod:Stretching+1","TheCursedMod:NeowsMight+1","TheCursedMod:SpitefulPray","hubris:Insight","TheCursedMod:LuckyCharm+1","TheCursedMod:HellfireBreathing+1","TheCursedMod:LuckyCharm+1","TheCursedMod:LuckyCharm+1","TheCursedMod:SpitefulPray+1","TheCursedMod:SpitefulStrike+1","Replay:Fractal Strike+1","TheCursedMod:DoubleShield+1"],"relics":["TheCursedMod:BlackMagic101","NeowsBlessing","ReplayTheSpireMod:Ring of Addiction","SacredBark","ReplayTheSpireMod:Ring of Challenge","White Beast Statue","Pear","Eternal Feather","Lantern","infinitespire:CheckeredPen","Kintsugi","hubris:ToyBattleship","Replay:Mystery Machine","Replay:Baseball","infinitespire:Satchel","Ring of Chaos","infinitespire:Beetle Shell","Old Coin","TungstenRod","HollowMod:PaleOreRelic","infinitespire:PuzzleCube","hubris:Zylophone","Sling","Centennial Puzzle","hubris:Zylophone","MerchantsRug","Anchor","infinitespire:Broken Mirror"],"acts_visited":["Exordium","TheCity","TheBeyond","TheEnding"],"potions_floor_usage":[8,10,10,11,11,11,11,16,16,16,16,16,16,18,21,21,21,21,21,21,21,22,22,23,23,23,25,25,25,25,28,28,28,28,30,30,31,31,33,33,33,33,33,33,35,35,35,37,37,37,37,37,39,39,39,39,39,39,39,40,40,40,40,40,42,42,42,42,42,42,42,42,44,44,44,44,44,44,44,45,45,45,45,47,47,47,50,50,50,50,50,50,50,50,50,50,50,50,50,54,55,55,55,55,55,55,55,55,55,55],"damage_taken":[{"damage":0,"enemies":"2 Louse","floor":1,"turns":1},{"damage":0,"enemies":"Small Slimes","floor":3,"turns":1},{"damage":0,"enemies":"3 Sentries","floor":7,"turns":1},{"damage":3,"enemies":"Jaw Worm","floor":8,"turns":6},{"damage":12,"enemies":"2 Fungi Beasts","floor":10,"turns":4},{"damage":0,"enemies":"3 Louse","floor":11,"turns":3},{"damage":0,"enemies":"Blue Slaver","floor":14,"turns":2},{"damage":3,"enemies":"Hexaghost","floor":16,"turns":9},{"damage":5,"enemies":"Spheric Guardian","floor":18,"turns":3},{"damage":7,"enemies":"Shell Parasite","floor":21,"turns":4},{"damage":0,"enemies":"3 Cultists","floor":22,"turns":3},{"damage":12,"enemies":"Book of Stabbing","floor":23,"turns":5},{"damage":7,"enemies":"Centurion and Healer","floor":25,"turns":3},{"damage":12,"enemies":"Replay:Snechameleon","floor":28,"turns":7},{"damage":3,"enemies":"Chosen and Byrds","floor":30,"turns":5},{"damage":3,"enemies":"Snake Plant","floor":31,"turns":3},{"damage":25,"enemies":"hubris:MusketHawk","floor":33,"turns":5},{"damage":28,"enemies":"3 Shapes","floor":35,"turns":4},{"damage":0,"enemies":"Orb Walker","floor":37,"turns":2},{"damage":0,"enemies":"Sphere and 2 Shapes","floor":39,"turns":4},{"damage":0,"enemies":"HollowMod:StalkingDevout","floor":40,"turns":4},{"damage":0,"enemies":"Nemesis","floor":42,"turns":3},{"damage":0,"enemies":"Transient","floor":44,"turns":5},{"damage":0,"enemies":"R_Hoarder","floor":45,"turns":8},{"damage":16,"enemies":"Maw","floor":47,"turns":4},{"damage":110,"enemies":"Time Eater","floor":50,"turns":20},{"damage":8,"enemies":"Shield and Spear","floor":54,"turns":8},{"damage":135,"enemies":"The Heart","floor":55,"turns":17}],"seed_played":"-8610503244814551953","potions_obtained":[{"floor":3,"key":"infinitespire:BlackPotion"},{"floor":5,"key":"Block Potion"},{"floor":5,"key":"DistilledChaos"},{"floor":5,"key":"LifebloodPotion"},{"floor":8,"key":"Death Potion"},{"floor":10,"key":"Venom Potion"},{"floor":11,"key":"SpeedPotion"},{"floor":14,"key":"Reflective Coating"},{"floor":16,"key":"LiquidMemories"},{"floor":18,"key":"SpeedPotion"},{"floor":21,"key":"ColorlessPotion"},{"floor":22,"key":"Swift Potion"},{"floor":25,"key":"Venom Potion"},{"floor":28,"key":"Adrenaline Potion"},{"floor":30,"key":"Languid Potion"},{"floor":33,"key":"Block Potion"},{"floor":35,"key":"Elixir"},{"floor":37,"key":"BlessingOfTheForge"},{"floor":39,"key":"DuplicationPotion"},{"floor":40,"key":"Energy Potion"},{"floor":42,"key":"DuplicationPotion"},{"floor":44,"key":"Fire Potion"},{"floor":45,"key":"SteroidPotion"},{"floor":47,"key":"Elixir"},{"floor":54,"key":"Languid Potion"}],"is_trial":false,"path_per_floor":["M","?","M","?","?","R","E","M","T","M","M","$","?","M","R","B",null,"M","?","?","M","M","E","R","M","T","R","E","AVR","M","M","R","B",null,"M","?","M","?","M","E","R","E","T","M","E","R","M","AVR","R","B",null,"R","$","E","B"],"character_chosen":"THE_CURSED","items_purchased":["Lantern","Sling","Centennial Puzzle","hubris:Zylophone","MerchantsRug","SkillPotion"],"campfire_rested":0,"item_purchase_floors":[12,53,53,53,53,53],"current_hp_per_floor":[75,75,75,75,75,75,85,82,82,70,70,70,58,58,70,67,83,78,78,78,71,71,59,74,67,67,82,70,70,67,64,79,54,83,55,50,60,60,60,60,78,78,78,83,83,83,67,67,83,15,83,83,83,73,0,0],"gold":518,"neow_bonus":"THREE_ENEMY_KILL","is_daily":false,"chose_seed":false,"campfire_upgraded":8,"win_rate":0.0,"timestamp":1608595544,"path_taken":["M","?","M","?","?","R","E","M","T","M","M","$","?","?","R","BOSS","M","?","?","?","M","E","R","M","T","R","E","AVR","M","M","R","BOSS","M","?","M","?","M","E","R","E","T","M","E","R","M","AVR","R","BOSS","R","$","E","BOSS"],"items_purchased_type":["Relic","Relic","Relic","Relic","Relic","Potion"],"build_version":"2020-12-13","purchased_purges":2,"victory":false,"max_hp_per_floor":[75,75,75,75,75,75,85,85,85,85,85,85,85,85,83,83,83,83,83,83,83,83,83,83,83,83,83,83,83,83,83,83,83,83,83,83,83,83,83,83,83,83,83,83,83,83,83,83,83,83,83,83,83,81,81,81],"card_choices":[{"not_picked":["TheCursedMod:Stigma","TheCursedMod:Stretching"],"picked":"TheCursedMod:WearCloak","floor":1},{"not_picked":["TheCursedMod:Stretching","TheCursedMod:Wield"],"picked":"TheCursedMod:ForbiddenAlchemy","floor":3},{"not_picked":["TheCursedMod:Obscuration","TheCursedMod:RapidMovement"],"picked":"TheCursedMod:CursedBlade","floor":7},{"not_picked":["TheCursedMod:TacticalStrike","TheCursedMod:RapidMovement"],"picked":"TheCursedMod:SurpriseAttack","floor":8},{"not_picked":["TheCursedMod:Stretching","TheCursedMod:CircleOfFlame"],"picked":"TheCursedMod:RavingStaff","floor":10},{"not_picked":["TheCursedMod:CircleOfCorruption","TheCursedMod:TroublousMinions"],"picked":"TheCursedMod:CursedAmulet","floor":11},{"not_picked":["TheCursedMod:Stretching","TheCursedMod:CircleOfFocus"],"picked":"TheCursedMod:ManaBullet","floor":14},{"not_picked":["TheCursedMod:CursedRelics","TheCursedMod:UltimatePain"],"picked":"TheCursedMod:NeowsMight","floor":16},{"not_picked":["TheCursedMod:CursedShiv","TheCursedMod:Torture"],"picked":"TheCursedMod:CursedMace+1","floor":18},{"not_picked":["TheCursedMod:Torture","TheCursedMod:CircleOfCorruption+1"],"picked":"TheCursedMod:CursedBoomerang+1","floor":21},{"not_picked":["TheCursedMod:CursedSpellbook+1","TheCursedMod:SurpriseAttack+1"],"picked":"TheCursedMod:CircleOfFocus+1","floor":22},{"not_picked":["TheCursedMod:VitalStrike+1","TheCursedMod:Stretching+1"],"picked":"TheCursedMod:CursedBoomerang+1","floor":23},{"not_picked":["TheCursedMod:Stigma","TheCursedMod:HellsGateOpen+1"],"picked":"TheCursedMod:CursedAmulet+1","floor":25},{"not_picked":["TheCursedMod:Mangle","TheCursedMod:CursedMace"],"picked":"TheCursedMod:CursedSpellbook","floor":28},{"not_picked":["TheCursedMod:Hemoplague","TheCursedMod:CursedSpellbook","TheCursedMod:SmokeScreen"],"picked":"SKIP","floor":30},{"not_picked":["TheCursedMod:SpreadPlague","TheCursedMod:DemonicPact"],"picked":"TheCursedMod:Stretching+1","floor":31},{"not_picked":["TheCursedMod:DemonSword","TheCursedMod:Neurasthenia"],"picked":"TheCursedMod:NeowsMight","floor":33},{"not_picked":["TheCursedMod:TroublousMinions+1","TheCursedMod:SurpriseAttack+1"],"picked":"TheCursedMod:SpitefulPray","floor":35},{"not_picked":["Specialist","Mind Blast"],"picked":"hubris:Insight","floor":36},{"not_picked":["TheCursedMod:Torture+1","TheCursedMod:CircleOfCorruption","TheCursedMod:CursedStaff"],"picked":"SKIP","floor":37},{"not_picked":["TheCursedMod:Evocation","TheCursedMod:TacticalStrike+1"],"picked":"TheCursedMod:LuckyCharm+1","floor":39},{"not_picked":["TheCursedMod:Stigma","TheCursedMod:RapidMovement+1"],"picked":"TheCursedMod:HellfireBreathing+1","floor":40},{"not_picked":["TheCursedMod:VitalStrike","TheCursedMod:Torture+1"],"picked":"TheCursedMod:LuckyCharm+1","floor":42},{"not_picked":["TheCursedMod:Stretching+1","TheCursedMod:Torture+1"],"picked":"TheCursedMod:LuckyCharm+1","floor":44},{"not_picked":["TheCursedMod:CursedBoomerang+1","TheCursedMod:EmpowerCircles+1"],"picked":"TheCursedMod:SpitefulPray","floor":45},{"not_picked":["TheCursedMod:HellsGateOpen+1","TheCursedMod:CursedBlade"],"picked":"TheCursedMod:SpitefulStrike+1","floor":47},{"not_picked":["TheCursedMod:RapidMovement+1","TheCursedMod:VitalStrike+1"],"picked":"TheCursedMod:DoubleShield+1","floor":54}],"player_experience":206819,"relics_obtained":[{"floor":5,"key":"ReplayTheSpireMod:Ring of Addiction"},{"floor":5,"key":"SacredBark"},{"floor":5,"key":"ReplayTheSpireMod:Ring of Challenge"},{"floor":5,"key":"White Beast Statue"},{"floor":7,"key":"Pear"},{"floor":9,"key":"Eternal Feather"},{"floor":23,"key":"Replay:Mystery Machine"},{"floor":28,"key":"Replay:Baseball"},{"floor":39,"key":"infinitespire:Beetle Shell"},{"floor":40,"key":"Old Coin"},{"floor":42,"key":"TungstenRod"},{"floor":43,"key":"HollowMod:PaleOreRelic"},{"floor":45,"key":"infinitespire:PuzzleCube"},{"floor":54,"key":"Anchor"},{"floor":54,"key":"infinitespire:Broken Mirror"}],"event_choices":[{"damage_healed":0,"gold_gain":0,"player_choice":"Success","damage_taken":12,"relics_obtained":["infinitespire:CheckeredPen"],"max_hp_gain":0,"max_hp_loss":0,"event_name":"Scrap Ooze","floor":13,"gold_loss":0},{"damage_healed":0,"gold_gain":0,"player_choice":"Read","damage_taken":0,"max_hp_gain":0,"max_hp_loss":0,"event_name":"The Library","floor":19,"gold_loss":0,"cards_obtained":["TheCursedMod:Neurasthenia"]},{"damage_healed":0,"gold_gain":0,"player_choice":"Gave Potion","damage_taken":0,"relics_obtained":["hubris:ToyBattleship"],"max_hp_gain":0,"max_hp_loss":0,"event_name":"WeMeetAgain","floor":20,"gold_loss":0},{"damage_healed":0,"gold_gain":0,"player_choice":"Memory 2","damage_taken":5,"max_hp_gain":0,"max_hp_loss":0,"event_name":"SensoryStone","floor":36,"gold_loss":0},{"cards_removed":["TheCursedMod:SurpriseAttack"],"damage_healed":0,"gold_gain":0,"player_choice":"Removed Attack","damage_taken":0,"max_hp_gain":0,"max_hp_loss":0,"event_name":"Falling","floor":38,"gold_loss":0}],"is_beta":false,"boss_relics":[{"not_picked":["Replay:Grab Bag","hubris:CrackedHourglass"],"picked":"Kintsugi"},{"not_picked":["Replay:Drink Me","Honey Jar"],"picked":"Ring of Chaos"}],"items_purged_floors":[29,48],"is_endless":false,"potions_floor_spawned":[3,7,8,10,11,14,16,18,21,22,23,25,28,30,31,33,35,37,39,40,42,44,45,47,54],"killed_by":"The Heart","ascension_level":1}}