{"host":"28p8ce41sjwa6lzf","time":1608670212,"event":{"mods":["BaseMod","Colored Map","Colored Powertips","Highlight Path","Minty Spire (QoL Compilation)","Permanent Neow","Quick Restart","Random Character Button","Rare Cards Sparkle","Relic Stats","StSLib","Unceasing Turn Reminder"],"gold_per_floor":[118,135,153,173,190,219,219,239,239,265,265,265,283,302,302,374,374,391,411,428,113,113,113,132,132,132],"floor_reached":25,"playtime":2407,"items_purged":["Strike_R"],"score":438,"play_id":"9ac71f47-6329-4596-b1d1-f62b2d5067b9","local_time":"20201222145012","is_ascension_mode":true,"campfire_choices":[{"data":"Demon Form","floor":7.0,"key":"SMITH"},{"data":"Flex","floor":11.0,"key":"SMITH"},{"floor":15.0,"key":"REST"},{"floor":23.0,"key":"REST"}],"circlet_count":0,"master_deck":["AscendersBane","Strike_R","Strike_R","Strike_R","Strike_R","Defend_R","Defend_R","Defend_R","Defend_R","Bash","Demon Form+1","Heavy Blade","Sword Boomerang","Pummel","Flex+1","Battle Trance","Headbutt","Sword Boomerang","True Grit","Corruption","Feed","Flex+1","Disarm","Reaper"],"relics":["Burning Blood","Mercury Hourglass","The Courier","Bag of Preparation","Sozu","OrangePellets"],"acts_visited":["Exordium","TheCity"],"potions_floor_usage":[],"damage_taken":[{"damage":6.0,"enemies":"Jaw Worm","floor":1.0,"turns":6.0},{"damage":2.0,"enemies":"Cultist","floor":2.0,"turns":4.0},{"damage":4.0,"enemies":"2 Louse","floor":3.0,"turns":3.0},{"damage":8.0,"enemies":"Red Slaver","floor":4.0,"turns":3.0},{"damage":30.0,"enemies":"Lots of Slimes","floor":5.0,"turns":6.0},{"damage":32.0,"enemies":"Gremlin Nob","floor":6.0,"turns":4.0},{"damage":7.0,"enemies":"Gremlin Gang","floor":8.0,"turns":3.0},{"damage":10.0,"enemies":"Lagavulin","floor":10.0,"turns":5.0},{"damage":3.0,"enemies":"Blue Slaver","floor":13.0,"turns":2.0},{"damage":0.0,"enemies":"Large Slime","floor":14.0,"turns":3.0},{"damage":26.0,"enemies":"Slime Boss","floor":16.0,"turns":7.0},{"damage":16.0,"enemies":"Shell Parasite","floor":18.0,"turns":2.0},{"damage":6.0,"enemies":"Spheric Guardian","floor":19.0,"turns":3.0},{"damage":31.0,"enemies":"3 Cultists","floor":20.0,"turns":5.0},{"damage":34.0,"enemies":"Snake Plant","floor":24.0,"turns":4.0},{"damage":27,"enemies":"Gremlin Leader","floor":25,"turns":2}],"seed_played":"4660592394674182421","potions_obtained":[{"floor":2.0,"key":"EntropicBrew"},{"floor":5.0,"key":"Swift Potion"},{"floor":10.0,"key":"Block Potion"}],"is_trial":false,"path_per_floor":["M","M","M","M","M","E","R","M","T","E","R","?","M","M","R","B",null,"M","M","M","$","?","R","M","E"],"character_chosen":"IRONCLAD","items_purchased":["OrangePellets","Reaper"],"campfire_rested":2,"item_purchase_floors":[21,21],"current_hp_per_floor":[68,72,74,72,48,22,22,21,21,17,17,17,20,26,48,28,63,56,56,34,34,11,36,19,0,0],"gold":132,"neow_bonus":"ONE_RANDOM_RARE_CARD","is_daily":false,"chose_seed":false,"campfire_upgraded":2,"win_rate":0.0,"timestamp":1608670212,"path_taken":["M","M","M","M","M","E","R","M","T","E","R","?","M","M","R","BOSS","M","M","M","$","?","R","M","E"],"items_purchased_type":["Relic","Card"],"build_version":"2020-12-13","purchased_purges":1,"victory":false,"max_hp_per_floor":[75,75,75,75,75,75,75,75,75,75,75,75,75,75,75,75,75,78,78,81,81,86,86,86,86,86],"relic_stats":{"Sozu":1,"OrangePellets":[1],"counters":[16,62],"Bag of Preparation":[16],"obtain_stats":[{"Sozu":17,"OrangePellets":21,"The Courier":9,"Bag of Preparation":10,"Burning Blood":0,"Mercury Hourglass":6},{"Sozu":11,"OrangePellets":14,"The Courier":7,"Bag of Preparation":8,"Burning Blood":0,"Mercury Hourglass":6},{"Sozu":46,"OrangePellets":56,"The Courier":29,"Bag of Preparation":34,"Burning Blood":0,"Mercury Hourglass":26}],"Burning Blood":90,"Mercury Hourglass":[126]},"card_choices":[{"not_picked":["Body Slam","Perfected Strike"],"picked":"Heavy Blade","floor":1.0},{"not_picked":["Thunderclap","Twin Strike"],"picked":"Sword Boomerang","floor":2.0},{"not_picked":["Seeing Red","Flame Barrier"],"picked":"Pummel","floor":3.0},{"not_picked":["Perfected Strike","Clothesline"],"picked":"Flex","floor":4.0},{"not_picked":["Fire Breathing","Fiend Fire"],"picked":"Battle Trance","floor":5.0},{"not_picked":["Heavy Blade","Perfected Strike"],"picked":"Headbutt","floor":6.0},{"not_picked":["Twin Strike","Heavy Blade"],"picked":"Sword Boomerang","floor":8.0},{"not_picked":["Cleave","Flex","Sword Boomerang"],"picked":"SKIP","floor":10.0},{"not_picked":["Dark Embrace","Flex"],"picked":"Corruption","floor":13.0},{"not_picked":["Searing Blow","Sever Soul","Thunderclap"],"picked":"SKIP","floor":14.0},{"not_picked":["Immolate","Berserk"],"picked":"Feed","floor":16.0},{"not_picked":["Armaments","Twin Strike"],"picked":"Flex+1","floor":18.0},{"not_picked":["Armaments","Thunderclap"],"picked":"Disarm","floor":19.0},{"not_picked":["Warcry+1","Metallicize","Havoc"],"picked":"SKIP","floor":20.0},{"not_picked":["Clash","Dropkick","Metallicize"],"picked":"SKIP","floor":24.0}],"player_experience":1018108,"relics_obtained":[{"floor":6.0,"key":"Mercury Hourglass"},{"floor":9.0,"key":"The Courier"},{"floor":10.0,"key":"Bag of Preparation"}],"event_choices":[{"damage_healed":0.0,"max_hp_gain":0.0,"max_hp_loss":0.0,"gold_gain":0.0,"event_name":"Match and Keep!","player_choice":"1 cards matched","floor":12.0,"gold_loss":0.0,"damage_taken":0.0,"cards_obtained":["True Grit"]},{"damage_healed":0.0,"max_hp_gain":5.0,"max_hp_loss":0.0,"gold_gain":0.0,"event_name":"Forgotten Altar","player_choice":"Shed Blood","floor":22.0,"gold_loss":0.0,"damage_taken":28.0}],"is_beta":false,"boss_relics":[{"not_picked":["Tiny House","Ectoplasm"],"picked":"Sozu"}],"items_purged_floors":[21],"is_endless":false,"potions_floor_spawned":[2,5,10,24],"killed_by":"Gremlin Leader","ascension_level":20}}