{"host":"4w8ocelhatf0iefc","time":1608638592,"event":{"mods":["AchievementEnabler","Act Like it!","Aspiration","BaseMod","Colored Map","Colored Powertips","Hubris","Minty Spire (QoL Compilation)","StSLib"],"gold_per_floor":[115,134,151,165,184,259,285,285,309,338,338,338,338,353,353,353,353],"floor_reached":16,"playtime":508,"items_purged":[],"score":134,"play_id":"50abf734-67f1-464d-9980-3488a3d5e3b1","local_time":"20201222200312","is_ascension_mode":true,"campfire_choices":[{"floor":8,"key":"REST"},{"data":"Body Slam","floor":11,"key":"SMITH"},{"data":"True Grit","floor":13,"key":"SMITH"},{"data":"Shrug It Off","floor":15,"key":"SMITH"}],"circlet_count":0,"master_deck":["Strike_R","Strike_R","Strike_R","Strike_R","Strike_R","Defend_R","Defend_R","Defend_R","Defend_R","Bash","hubris:ReadiedAction","Wild Strike","Thunderclap","Body Slam+1","Metallicize","Spot Weakness","True Grit+1","Shrug It Off+1"],"relics":["Burning Blood","aspiration:Nostalgia","PureWater","Regal Pillow","Red Skull","Toy Ornithopter"],"acts_visited":["Exordium"],"potions_floor_usage":[5,7,7,16],"damage_taken":[{"damage":6,"enemies":"Cultist","floor":1,"turns":3},{"damage":0,"enemies":"Small Slimes","floor":2,"turns":2},{"damage":12,"enemies":"Jaw Worm","floor":3,"turns":2},{"damage":9,"enemies":"3 Louse","floor":4,"turns":3},{"damage":2,"enemies":"Exordium Wildlife","floor":5,"turns":3},{"damage":46,"enemies":"Lagavulin","floor":7,"turns":6},{"damage":34,"enemies":"3 Sentries","floor":10,"turns":7},{"damage":8,"enemies":"Blue Slaver","floor":14,"turns":2},{"damage":50,"enemies":"The Guardian","floor":16,"turns":6}],"seed_played":"8513246738516995242","potions_obtained":[{"floor":1,"key":"Ancient Potion"},{"floor":3,"key":"SkillPotion"},{"floor":4,"key":"Fire Potion"},{"floor":14,"key":"SkillPotion"}],"is_trial":false,"path_per_floor":["M","M","M","M","M","?","E","R","T","E","R","?","R","M","R","B"],"character_chosen":"IRONCLAD","items_purchased":[],"campfire_rested":1,"item_purchase_floors":[],"current_hp_per_floor":[80,80,74,71,75,64,24,63,63,35,35,43,43,41,41,0,0],"gold":353,"neow_bonus":"NOSTALGIA","is_daily":false,"chose_seed":false,"campfire_upgraded":3,"win_rate":0.0,"timestamp":1608638592,"path_taken":["M","M","?","M","M","?","E","R","T","E","R","?","R","M","R","BOSS"],"items_purchased_type":[],"build_version":"2020-12-13","purchased_purges":0,"victory":false,"max_hp_per_floor":[80,80,80,80,80,80,80,80,80,80,80,80,80,80,80,80,80],"card_choices":[{"not_picked":["Hemokinesis","Carnage"],"picked":"hubris:ReadiedAction","floor":1},{"not_picked":["Reckless Charge","hubris:ReadiedAction"],"picked":"Wild Strike","floor":2},{"not_picked":["Heavy Blade","Pommel Strike"],"picked":"Thunderclap","floor":3},{"not_picked":["Disarm","Perfected Strike"],"picked":"Body Slam","floor":4},{"not_picked":["Clothesline","Entrench"],"picked":"Metallicize","floor":5},{"not_picked":["hubris:StunningStrike","Rupture"],"picked":"Spot Weakness","floor":7},{"not_picked":["Hemokinesis","hubris:CleavingFinish"],"picked":"True Grit","floor":10},{"not_picked":["Cleave","Carnage"],"picked":"Shrug It Off","floor":14}],"player_experience":257345,"relics_obtained":[{"floor":7,"key":"Regal Pillow"},{"floor":9,"key":"Red Skull"},{"floor":10,"key":"Toy Ornithopter"}],"event_choices":[{"damage_healed":0,"gold_gain":75,"player_choice":"Gather Gold","damage_taken":11,"max_hp_gain":0,"max_hp_loss":0,"event_name":"World of Goop","floor":6,"gold_loss":0}],"is_beta":false,"boss_relics":[],"items_purged_floors":[],"is_endless":false,"potions_floor_spawned":[1,3,4,14],"killed_by":"The Guardian","ascension_level":4}}