{"host":"1c52r9kaxdyo25eq","time":1608630064,"event":{"mods":["AchievementEnabler","BaseMod","Minty Spire (QoL Compilation)","Rare Cards Sparkle","SuperFastMode","everything is the same but u backflip on backflip"],"gold_per_floor":[117,132,152,152,252,263,282,282,282,23,23,61,136,197,197,299,299,366,366,384,397,297,297,297,297,345,345,345],"floor_reached":27,"playtime":549,"items_purged":["Strike_G","Strike_G"],"score":410,"play_id":"37d4f73e-08bf-4cf4-b856-f2b30e058de4","local_time":"20201222184104","is_ascension_mode":true,"campfire_choices":[{"data":"Adrenaline","floor":8.0,"key":"SMITH"},{"data":"HandOfGreed","floor":11.0,"key":"SMITH"},{"data":"Catalyst","floor":15.0,"key":"SMITH"},{"floor":23,"key":"REST"},{"data":"Deadly Poison","floor":25,"key":"SMITH"}],"circlet_count":0,"master_deck":["AscendersBane","Strike_G","Defend_G","Defend_G","Defend_G","Defend_G","Defend_G","Survivor","Neutralize","Acrobatics","Adrenaline+1","Leg Sweep","Dagger Throw","Catalyst+1","HandOfGreed+1","Deadly Poison+1","Backflip","Wraith Form v2","Backflip+1"],"relics":["Ring of the Snake","NeowsBlessing","Lantern","Runic Pyramid","Omamori"],"acts_visited":["Exordium","TheCity"],"potions_floor_usage":[16,16],"damage_taken":[{"damage":0.0,"enemies":"Cultist","floor":1.0,"turns":1.0},{"damage":0.0,"enemies":"Small Slimes","floor":2.0,"turns":1.0},{"damage":0.0,"enemies":"2 Louse","floor":3.0,"turns":1.0},{"damage":0.0,"enemies":"2 Fungi Beasts","floor":6.0,"turns":6.0},{"damage":0.0,"enemies":"Red Slaver","floor":7.0,"turns":5.0},{"damage":0.0,"enemies":"Blue Slaver","floor":12.0,"turns":5.0},{"damage":1.0,"enemies":"2 Fungi Beasts","floor":14.0,"turns":4.0},{"damage":31,"enemies":"The Guardian","floor":16,"turns":9},{"damage":7,"enemies":"2 Thieves","floor":18,"turns":5},{"damage":21,"enemies":"Spheric Guardian","floor":20,"turns":5},{"damage":23,"enemies":"Snecko","floor":21,"turns":8},{"damage":12,"enemies":"Cultist and Chosen","floor":27,"turns":7}],"seed_played":"-2527406519379215720","potions_obtained":[{"floor":3.0,"key":"Strength Potion"},{"floor":6.0,"key":"Fire Potion"},{"floor":7.0,"key":"Fire Potion"},{"floor":20,"key":"ColorlessPotion"},{"floor":21,"key":"Weak Potion"}],"is_trial":false,"path_per_floor":["M","M","M","?","?","M","M","R","T","$","R","M","?","M","R","B",null,"M","?","M","M","$","R","?","R","T","M"],"character_chosen":"THE_SILENT","items_purchased":["HandOfGreed"],"campfire_rested":1,"item_purchase_floors":[10],"current_hp_per_floor":[59,59,59,59,59,59,59,59,59,59,59,59,48,47,47,16,54,47,47,26,3,3,22,22,22,22,10,10],"gold":345,"neow_bonus":"THREE_ENEMY_KILL","is_daily":false,"chose_seed":false,"campfire_upgraded":4,"win_rate":0.0,"timestamp":1608630064,"path_taken":["M","M","?","?","?","M","M","R","T","$","R","?","?","M","R","BOSS","M","?","M","?","?","R","?","R","T","M"],"items_purchased_type":["Card"],"build_version":"2020-12-13","purchased_purges":2,"victory":false,"max_hp_per_floor":[66,66,66,66,66,66,66,66,66,66,66,66,66,66,66,66,66,66,66,66,66,66,66,66,66,66,66,66],"card_choices":[{"not_picked":["Calculated Gamble","PiercingWail"],"picked":"Acrobatics","floor":1.0},{"not_picked":["Infinite Blades","Flying Knee","All Out Attack"],"picked":"SKIP","floor":2.0},{"not_picked":["Acrobatics","Quick Slash"],"picked":"Adrenaline","floor":3.0},{"not_picked":["Backflip","Well Laid Plans"],"picked":"Dagger Throw","floor":6.0},{"not_picked":["Cloak And Dagger","Backstab"],"picked":"Catalyst","floor":7.0},{"not_picked":["Catalyst","Outmaneuver"],"picked":"Deadly Poison","floor":12.0},{"not_picked":["Acrobatics","Distraction"],"picked":"Backflip","floor":14.0},{"not_picked":["Glass Knife","Malaise"],"picked":"Wraith Form v2","floor":16},{"not_picked":["Dagger Spray","Deflect","Blur"],"picked":"SKIP","floor":18},{"not_picked":["Heel Hook","Deflect+1"],"picked":"Backflip+1","floor":20},{"not_picked":["Endless Agony","Dagger Spray","Quick Slash"],"picked":"SKIP","floor":21}],"player_experience":507137,"relics_obtained":[{"floor":9.0,"key":"Lantern"},{"floor":26,"key":"Omamori"}],"event_choices":[{"damage_healed":0.0,"max_hp_gain":0.0,"max_hp_loss":0.0,"gold_gain":0.0,"cards_transformed":["Strike_G"],"event_name":"Living Wall","player_choice":"Change","floor":4.0,"gold_loss":0.0,"damage_taken":0.0,"cards_obtained":["Leg Sweep"]},{"damage_healed":0.0,"max_hp_gain":0.0,"max_hp_loss":0.0,"gold_gain":100.0,"event_name":"Wheel of Change","player_choice":"Gold","floor":5.0,"gold_loss":0.0,"damage_taken":0.0},{"damage_healed":0.0,"max_hp_gain":0.0,"max_hp_loss":0.0,"gold_gain":75.0,"event_name":"World of Goop","player_choice":"Gather Gold","floor":13.0,"gold_loss":0.0,"damage_taken":11.0},{"damage_healed":0,"gold_gain":0,"player_choice":"0 cards matched","damage_taken":0,"max_hp_gain":0,"max_hp_loss":0,"event_name":"Match and Keep!","floor":19,"gold_loss":0,"cards_obtained":[]},{"cards_removed":["Strike_G"],"damage_healed":0,"gold_gain":0,"player_choice":"Elegance","damage_taken":0,"max_hp_gain":0,"max_hp_loss":0,"event_name":"Back to Basics","floor":24,"gold_loss":0}],"is_beta":false,"boss_relics":[{"not_picked":["Snecko Eye","Velvet Choker"],"picked":"Runic Pyramid"}],"items_purged_floors":[10,22],"is_endless":false,"potions_floor_spawned":[3,6,7,12,20,21],"killed_by":"Cultist and Chosen","ascension_level":20}}