{"host":"0kaxg9rjckhp4v2r","time":1608617939,"event":{"mods":["AchievementEnabler","BaseMod","Bestiary","Better Altar","Better Match","Better Note","Better Sensory Stone","Better Silent Start","Better Skull","Better Third Choice","Better-Laid Plans","Colored Powertips","Disable Question Mark Monsters","Emptier Cage","Melee Mod","Minty Spire (QoL Compilation)","Quick Restart","SacredBarkPlus","StSLib","The Disciple","The Marked","TheFirefly","Unceasing Turn Reminder","yUi"],"gold_per_floor":[118,130,104,120,138,138,168,118,172,172,172,172,172,186,186,288,288,278,377,377,394,394,422,439,186,209,209,234,234,234],"floor_reached":29,"playtime":3542,"items_purged":[],"score":352,"play_id":"a8407c4e-546b-4445-9a93-af45b5c6d4e6","local_time":"20201222011859","is_ascension_mode":true,"campfire_choices":[{"data":"Armaments","floor":6.0,"key":"SMITH"},{"floor":11.0,"key":"RECALL"},{"data":"Barricade","floor":15.0,"key":"SMITH"},{"floor":27,"key":"REST"}],"circlet_count":0,"master_deck":["Strike_R","Strike_R","Strike_R","Defend_R","Defend_R","Defend_R","Bash","Cleave","Wild Strike","Armaments+1","Clothesline","Shrug It Off","Barricade+1","Evolve","Reaper","Body Slam","Metallicize+1","Body Slam+1","Master of Strategy","Flame Barrier"],"relics":["Burning Blood","Art of War","InkBottle","Red Skull","Fusion Hammer","Paper Frog","Orichalcum","Blood Vial"],"acts_visited":["Exordium","TheCity"],"potions_floor_usage":[16,18,28],"damage_taken":[{"damage":8.0,"enemies":"Jaw Worm","floor":1.0,"turns":5.0},{"damage":0.0,"enemies":"2 Louse","floor":2.0,"turns":2.0},{"damage":0.0,"enemies":"Small Slimes","floor":4.0,"turns":3.0},{"damage":1.0,"enemies":"2 Fungi Beasts","floor":5.0,"turns":3.0},{"damage":40.0,"enemies":"Lagavulin","floor":7.0,"turns":8.0},{"damage":0.0,"enemies":"Gremlin Gang","floor":14.0,"turns":3.0},{"damage":24,"enemies":"The Guardian","floor":16,"turns":13},{"damage":18,"enemies":"2 Thieves","floor":18,"turns":4},{"damage":12,"enemies":"3 Byrds","floor":21,"turns":7},{"damage":46,"enemies":"Book of Stabbing","floor":23,"turns":8},{"damage":26,"enemies":"Centurion and Healer","floor":24,"turns":6},{"damage":44,"enemies":"Gremlin Leader","floor":28,"turns":8},{"damage":41,"enemies":"Colosseum Slavers","floor":29,"turns":4}],"seed_played":"5825798483759906294","potions_obtained":[{"floor":4.0,"key":"SteroidPotion"},{"floor":7.0,"key":"Energy Potion"},{"floor":24,"key":"AttackPotion"},{"floor":28,"key":"BlessingOfTheForge"}],"is_trial":false,"path_per_floor":["M","M","$","M","M","R","E","?","T","?","R","?","?","M","R","B",null,"M","?","?","M","?","E","M","$","T","R","E","?"],"character_chosen":"IRONCLAD","items_purchased":["Armaments","Master of Strategy","Flame Barrier"],"campfire_rested":1,"item_purchase_floors":[3,25,25],"current_hp_per_floor":[70,76,76,80,80,80,46,46,46,39,39,39,39,45,45,27,67,63,63,63,69,69,37,25,25,25,49,18,0,0],"gold":234,"neow_bonus":"RANDOM_COMMON_RELIC","is_daily":false,"chose_seed":false,"campfire_upgraded":2,"win_rate":0.0,"timestamp":1608617939,"path_taken":["M","M","$","M","M","R","E","?","T","?","R","?","?","?","R","BOSS","M","?","?","M","?","E","?","$","T","R","E","?"],"items_purchased_type":["Card","Card","Card"],"build_version":"2020-12-13","purchased_purges":0,"victory":false,"max_hp_per_floor":[80,80,80,80,80,80,80,80,80,80,80,80,80,80,80,80,80,80,80,80,80,80,80,80,80,80,80,80,80,80],"card_choices":[{"not_picked":["Pommel Strike","Iron Wave"],"picked":"Cleave","floor":1.0},{"not_picked":["Sword Boomerang","Whirlwind"],"picked":"Wild Strike","floor":2.0},{"not_picked":["Sword Boomerang","Havoc"],"picked":"Clothesline","floor":4.0},{"not_picked":["Wild Strike","Havoc","Dual Wield"],"picked":"SKIP","floor":5.0},{"not_picked":["Sentinel","Dropkick","Pommel Strike"],"picked":"SKIP","floor":7.0},{"not_picked":["Body Slam","Warcry"],"picked":"Evolve","floor":14.0},{"not_picked":["Fiend Fire","Corruption"],"picked":"Reaper","floor":16},{"not_picked":["Clothesline","Clash+1"],"picked":"Body Slam","floor":18},{"not_picked":["Havoc+1","Shrug It Off"],"picked":"Metallicize+1","floor":21},{"not_picked":["Twin Strike","Carnage","True Grit"],"picked":"SKIP","floor":23},{"not_picked":["Feel No Pain","Evolve"],"picked":"Body Slam+1","floor":24},{"not_picked":["Whirlwind","Wild Strike","Rupture"],"picked":"SKIP","floor":28}],"player_experience":292743,"relics_obtained":[{"floor":7.0,"key":"InkBottle"},{"floor":23,"key":"Paper Frog"},{"floor":26,"key":"Orichalcum"},{"floor":28,"key":"Blood Vial"}],"event_choices":[{"cards_removed":["Strike_R"],"damage_healed":0.0,"max_hp_gain":0.0,"max_hp_loss":0.0,"gold_gain":0.0,"event_name":"The Cleric","player_choice":"Card Removal","floor":8.0,"gold_loss":50.0,"damage_taken":0.0},{"damage_healed":0.0,"max_hp_gain":0.0,"max_hp_loss":0.0,"gold_gain":0.0,"event_name":"betterThird:BetterScrap","player_choice":"Relic ","floor":10.0,"gold_loss":0.0,"damage_taken":7.0,"cards_obtained":["Choke"]},{"damage_healed":0.0,"max_hp_gain":0.0,"max_hp_loss":0.0,"gold_gain":0.0,"cards_transformed":["Strike_R"],"event_name":"Living Wall","player_choice":"Change","floor":12.0,"gold_loss":0.0,"damage_taken":0.0,"cards_obtained":["Shrug It Off"]},{"damage_healed":0.0,"max_hp_gain":0.0,"max_hp_loss":0.0,"gold_gain":0.0,"cards_transformed":["Defend_R"],"event_name":"Transmorgrifier","player_choice":"Transformed","floor":13.0,"gold_loss":0.0,"damage_taken":0.0,"cards_obtained":["Barricade"]},{"damage_healed":0,"gold_gain":99,"player_choice":"Steal","damage_taken":0,"max_hp_gain":0,"max_hp_loss":0,"event_name":"betterThird:BetterNest","floor":19,"gold_loss":0},{"damage_healed":0,"gold_gain":0,"player_choice":"Ignored","damage_taken":0,"max_hp_gain":0,"max_hp_loss":0,"event_name":"Vampires","floor":20,"gold_loss":0},{"damage_healed":0,"gold_gain":0,"player_choice":"Ignored","damage_taken":0,"max_hp_gain":0,"max_hp_loss":0,"event_name":"N\u0027loth","floor":22,"gold_loss":0},{"damage_healed":0,"gold_gain":0,"player_choice":"Fight","damage_taken":0,"max_hp_gain":0,"max_hp_loss":0,"event_name":"Colosseum","floor":29,"gold_loss":0}],"is_beta":false,"boss_relics":[{"not_picked":["Runic Cube","Ectoplasm"],"picked":"Fusion Hammer"}],"items_purged_floors":[],"is_endless":false,"potions_floor_spawned":[4,7,24,28],"killed_by":"Colosseum Slavers","ascension_level":7}}