{"host":"03a85bwj0a5skoit","time":1608617867,"event":{"mods":["BaseMod","Block Reminder","Minty Spire (QoL Compilation)","Relic Stats","StSLib"],"gold_per_floor":[119,119,129,30,42,72,89,89,163,180,180,180,211,231,231,310,310,325,355,13,13,27,27,52,52,52,71,42,42,317,331,331,331,331],"floor_reached":33,"playtime":954,"items_purged":["Strike_B"],"score":600,"play_id":"63d3aa76-c11d-4c02-a99b-3d0a512f6387","local_time":"20201222164747","is_ascension_mode":true,"campfire_choices":[{"data":"Doom and Gloom","floor":8,"key":"SMITH"},{"data":"Ball Lightning","floor":12,"key":"SMITH"},{"data":"Consume","floor":15,"key":"SMITH"},{"data":"Creative AI","floor":23,"key":"SMITH"},{"floor":32,"key":"REST"}],"circlet_count":0,"master_deck":["AscendersBane","Strike_B+1","Defend_B","Defend_B","Defend_B","Zap","Dualcast","Ball Lightning+1","Chill","Gash+1","Leap","Doom and Gloom+1","Turbo","Self Repair","Consume+1","Conserve Battery","Creative AI+1","Ball Lightning","Leap","Amplify","Hyperbeam","Gash","Loop","Conserve Battery","Ghostly","Ghostly","Ghostly","Regret","Leap"],"relics":["Cracked Core","NeowsBlessing","Lizard Tail","Mercury Hourglass","Whetstone","Runic Pyramid","Red Mask","Happy Flower","Calipers","Bottled Flame"],"acts_visited":["Exordium","TheCity"],"potions_floor_usage":[7,13,19,24,33,33],"damage_taken":[{"damage":0,"enemies":"Small Slimes","floor":1,"turns":1},{"damage":0,"enemies":"Cultist","floor":3,"turns":1},{"damage":0,"enemies":"2 Louse","floor":5,"turns":1},{"damage":21,"enemies":"Lagavulin","floor":6,"turns":5},{"damage":4,"enemies":"2 Fungi Beasts","floor":7,"turns":2},{"damage":0,"enemies":"3 Louse","floor":10,"turns":2},{"damage":5,"enemies":"3 Sentries","floor":13,"turns":2},{"damage":0,"enemies":"Gremlin Gang","floor":14,"turns":2},{"damage":25,"enemies":"Slime Boss","floor":16,"turns":9},{"damage":25,"enemies":"2 Thieves","floor":18,"turns":4},{"damage":2,"enemies":"Masked Bandits","floor":19,"turns":2},{"damage":0,"enemies":"3 Byrds","floor":22,"turns":3},{"damage":0,"enemies":"Gremlin Leader","floor":24,"turns":8},{"damage":31,"enemies":"Shelled Parasite and Fungi","floor":27,"turns":5},{"damage":45,"enemies":"Cultist and Chosen","floor":31,"turns":6},{"damage":33,"enemies":"Collector","floor":33,"turns":3}],"seed_played":"-5830597728239981794","potions_obtained":[{"floor":3,"key":"Energy Potion"},{"floor":7,"key":"PowerPotion"},{"floor":14,"key":"Dexterity Potion"},{"floor":16,"key":"AttackPotion"},{"floor":19,"key":"DuplicationPotion"},{"floor":31,"key":"Strength Potion"}],"is_trial":false,"path_per_floor":["M","?","M","$","M","E","M","R","T","M","?","R","E","M","R","B",null,"M","?","$","?","M","R","E","$","T","M","$","?","?","M","R","B"],"character_chosen":"DEFECT","items_purchased":["Gash","Happy Flower","Amplify","Conserve Battery"],"campfire_rested":1,"item_purchase_floors":[4,20,20,28],"current_hp_per_floor":[64,64,64,64,64,43,39,39,39,39,39,39,41,48,48,30,61,43,41,41,41,41,41,55,55,55,24,24,24,24,20,30,0,0],"gold":331,"neow_bonus":"THREE_ENEMY_KILL","is_daily":false,"chose_seed":false,"campfire_upgraded":4,"win_rate":0.0,"timestamp":1608617867,"path_taken":["M","?","M","$","?","E","M","R","T","M","?","R","E","M","R","BOSS","M","?","$","?","?","R","E","$","T","M","?","?","?","?","R","BOSS"],"items_purchased_type":["Card","Relic","Card","Card"],"build_version":"2020-12-13","purchased_purges":1,"victory":false,"max_hp_per_floor":[71,71,71,71,71,71,71,71,71,71,71,71,71,71,71,71,71,71,71,71,71,71,71,71,71,71,71,71,35,35,35,35,35,35],"relic_stats":{"Lizard Tail":17,"Happy Flower":[8],"counters":[16,54],"Whetstone":["Strike_B","Gash"],"obtain_stats":[{"Lizard Tail":6,"Bottled Flame":26,"Calipers":24,"NeowsBlessing":0,"Happy Flower":20,"Red Mask":19,"Whetstone":13,"Cracked Core":0,"Mercury Hourglass":9,"Runic Pyramid":17},{"Lizard Tail":4,"Bottled Flame":13,"Calipers":13,"NeowsBlessing":0,"Happy Flower":11,"Red Mask":11,"Whetstone":7,"Cracked Core":0,"Mercury Hourglass":5,"Runic Pyramid":9},{"Lizard Tail":8,"Bottled Flame":40,"Calipers":40,"NeowsBlessing":0,"Happy Flower":29,"Red Mask":29,"Whetstone":13,"Cracked Core":0,"Mercury Hourglass":10,"Runic Pyramid":23}],"Mercury Hourglass":[255]},"card_choices":[{"not_picked":["Hologram","Streamline"],"picked":"Ball Lightning","floor":1},{"not_picked":["Stack","Scrape"],"picked":"Chill","floor":3},{"not_picked":["Capacitor","Blizzard"],"picked":"Leap","floor":5},{"not_picked":["Stack","Rebound"],"picked":"Doom and Gloom","floor":6},{"not_picked":["Beam Cell","Coolheaded"],"picked":"Turbo","floor":7},{"not_picked":["Hologram","Turbo"],"picked":"Self Repair","floor":10},{"not_picked":["Reprogram","Doom and Gloom"],"picked":"Consume","floor":13},{"not_picked":["Genetic Algorithm","Go for the Eyes"],"picked":"Conserve Battery","floor":14},{"not_picked":["Core Surge","Meteor Strike"],"picked":"Creative AI","floor":16},{"not_picked":["Storm","Chaos"],"picked":"Ball Lightning","floor":18},{"not_picked":["Streamline","Turbo"],"picked":"Leap","floor":19},{"not_picked":["Beam Cell","Compile Driver"],"picked":"Hyperbeam","floor":22},{"not_picked":["Genetic Algorithm","Leap"],"picked":"Gash","floor":24},{"not_picked":["Stack","Blizzard"],"picked":"Loop","floor":27},{"not_picked":["Tempest","Hologram"],"picked":"Leap","floor":31}],"player_experience":2291776,"relics_obtained":[{"floor":6,"key":"Lizard Tail"},{"floor":9,"key":"Mercury Hourglass"},{"floor":13,"key":"Whetstone"},{"floor":19,"key":"Red Mask"},{"floor":24,"key":"Calipers"},{"floor":26,"key":"Bottled Flame"}],"event_choices":[{"cards_removed":["Strike_B"],"damage_healed":0,"gold_gain":0,"player_choice":"Offered Basic","damage_taken":0,"max_hp_gain":0,"max_hp_loss":0,"event_name":"Bonfire Elementals","floor":2,"gold_loss":0},{"cards_removed":["Strike_B"],"damage_healed":0,"gold_gain":0,"player_choice":"Forget","damage_taken":0,"max_hp_gain":0,"max_hp_loss":0,"event_name":"Living Wall","floor":11,"gold_loss":0},{"damage_healed":0,"gold_gain":0,"player_choice":"Fought Bandits","damage_taken":0,"max_hp_gain":0,"max_hp_loss":0,"event_name":"Masked Bandits","floor":19,"gold_loss":0},{"cards_removed":["Defend_B"],"damage_healed":0,"gold_gain":0,"player_choice":"Purged","damage_taken":0,"max_hp_gain":0,"max_hp_loss":0,"event_name":"Purifier","floor":21,"gold_loss":0},{"damage_healed":0,"gold_gain":0,"player_choice":"Became a Ghost","damage_taken":0,"max_hp_gain":0,"max_hp_loss":36,"event_name":"Ghosts","floor":29,"gold_loss":0,"cards_obtained":["Ghostly","Ghostly","Ghostly"]},{"damage_healed":0,"gold_gain":275,"player_choice":"Desecrate","damage_taken":0,"max_hp_gain":0,"max_hp_loss":0,"event_name":"Golden Shrine","floor":30,"gold_loss":0,"cards_obtained":["Regret"]}],"is_beta":false,"boss_relics":[{"not_picked":["Runic Dome","Calling Bell"],"picked":"Runic Pyramid"}],"items_purged_floors":[4],"is_endless":false,"potions_floor_spawned":[3,7,14,16,19,22,31],"killed_by":"Collector","ascension_level":20}}