{"host":"709gjpjg43u3i5a8","time":1608602592,"event":{"mods":["BaseMod","Colored Map","Colored Powertips","Downfall","Hermit","Hubris","Infinite Spire","Marisa????????","Minty Spire (QoL Compilation)","Remilia??????","StSLib","Td1madao Mod","The Animator","The Bug Knight","The Cursed","The Disciple","The Hierophant","The Jungle","The Servant 0.9.4"],"gold_per_floor":[23,46,46,46,64,108,108,134,134,56,69,69,69,79,79,79,79],"floor_reached":16,"playtime":1382,"items_purged":[],"score":110,"play_id":"7a402ad5-edc7-46cb-95f7-b32fb935bf5b","local_time":"20201221190312","is_ascension_mode":false,"campfire_choices":[{"data":"animator:Kaijin","floor":7,"key":"SMITH"},{"data":"animator:Vesta","floor":12,"key":"SMITH"},{"floor":15,"key":"REST"}],"circlet_count":0,"master_deck":["animator:Strike_Elsword","animator:Defend_Elsword","animator:Strike","animator:Strike","animator:Strike","animator:Defend","animator:Defend","animator:Defend+1","animator:Chung","animator:Raven","animator:Greed","animator:SuzuneAmano","animator:Ain","animator:Kaijin+1","animator:Raven","animator:Add","animator:Vesta+1","Pain"],"relics":["animator:LivingPicture","animator:TheMissingPiece","HollowMod:LifeEnderRelic","Lantern","Tiny Chest","WarpedTongs"],"acts_visited":["Exordium"],"potions_floor_usage":[5,6,11,16],"damage_taken":[{"damage":0,"enemies":"Small Slimes","floor":1,"turns":4},{"damage":0,"enemies":"Cultist","floor":2,"turns":4},{"damage":0,"enemies":"Jaw Worm","floor":5,"turns":6},{"damage":25,"enemies":"3 Sentries","floor":6,"turns":12},{"damage":11,"enemies":"Gremlin Nob","floor":8,"turns":6},{"damage":2,"enemies":"Lots of Slimes","floor":11,"turns":4},{"damage":14,"enemies":"Looter","floor":14,"turns":3},{"damage":34,"enemies":"The Guardian","floor":16,"turns":6}],"seed_played":"5190566100602537996","potions_obtained":[{"floor":1,"key":"Weak Potion"},{"floor":4,"key":"Slimebound:ThreeZeroPotion"},{"floor":4,"key":"BlessingOfTheForge"},{"floor":6,"key":"animator:GrowthPotion"},{"floor":8,"key":"Fire Potion"},{"floor":14,"key":"SpeedPotion"}],"is_trial":false,"path_per_floor":["M","M","$","?","M","E","R","E","T","$","M","R","?","M","R","B"],"character_chosen":"THE_ANIMATOR","items_purchased":["animator:Add"],"campfire_rested":1,"item_purchase_floors":[10],"current_hp_per_floor":[66,66,66,66,66,41,41,30,30,30,29,29,29,15,35,1,1],"gold":79,"neow_bonus":"THREE_RARE_CARDS","is_daily":false,"chose_seed":false,"campfire_upgraded":2,"win_rate":0.0,"timestamp":1608602592,"path_taken":["M","M","$","?","M","E","R","E","T","$","?","R","?","?","R","BOSS"],"items_purchased_type":["Card"],"build_version":"2020-12-13","purchased_purges":0,"victory":false,"max_hp_per_floor":[66,66,66,66,66,66,66,66,66,66,67,67,67,67,67,67,67],"card_choices":[{"not_picked":["animator:HomuraAkemi","animator:Boros"],"picked":"animator:Greed","floor":0},{"not_picked":["animator:SayakaMiki","animator:Sonic"],"picked":"animator:SuzuneAmano","floor":1},{"not_picked":["animator:Entoma","animator:SilverFang"],"picked":"animator:Ain","floor":2},{"not_picked":["animator:Genos","animator:YachiyoNanami","animator:Geryuganshoop"],"picked":"SKIP","floor":5},{"not_picked":["animator:Benimaru","animator:GazelDwargon"],"picked":"animator:Kaijin","floor":6},{"not_picked":["animator:MamiTomoe","animator:Spearman"],"picked":"animator:Raven","floor":8},{"not_picked":["animator:Demiurge","animator:HighElfArcher"],"picked":"animator:Vesta","floor":11},{"not_picked":["animator:Kyubey","animator:Entoma","animator:DwarfShaman"],"picked":"SKIP","floor":14}],"player_experience":364429,"relics_obtained":[{"floor":6,"key":"HollowMod:LifeEnderRelic"},{"floor":8,"key":"Lantern"},{"floor":9,"key":"Tiny Chest"}],"event_choices":[{"damage_healed":0,"gold_gain":0,"player_choice":"Got Potions","damage_taken":0,"max_hp_gain":0,"max_hp_loss":0,"event_name":"Lab","floor":4,"gold_loss":0},{"damage_healed":0,"gold_gain":0,"player_choice":"Rummage","damage_taken":0,"relics_obtained":["WarpedTongs"],"max_hp_gain":0,"max_hp_loss":0,"event_name":"Accursed Blacksmith","floor":13,"gold_loss":0,"cards_obtained":["Pain"]}],"is_beta":false,"boss_relics":[],"items_purged_floors":[],"is_endless":false,"potions_floor_spawned":[1,6,8,14],"killed_by":"The Guardian","ascension_level":0}}