{"host":"yp47u74hk6n79vj1","time":1608665995,"event":{"mods":["BaseMod","Minty Spire (QoL Compilation)"],"gold_per_floor":[14,14,31,44,44,58,58,119,119,139,153,153,171,96,96,195,195,209,209,221,97,110,110,110],"floor_reached":23,"playtime":1090,"items_purged":["Strike_B","Strike_B"],"score":185,"play_id":"f6c8257e-741c-4366-8138-2fd7a7ca9439","local_time":"20201222143955","is_ascension_mode":false,"campfire_choices":[{"data":"Coolheaded","floor":7,"key":"SMITH"},{"data":"Loop","floor":12,"key":"SMITH"},{"data":"Sunder","floor":15,"key":"SMITH"}],"circlet_count":0,"master_deck":["Strike_B","Defend_B","Defend_B","Defend_B","Zap","Dualcast","Streamline","Coolheaded+1","Conserve Battery","Reboot","Sunder+1","Loop+1","Echo Form","Cold Snap","Echo Form"],"relics":["Cracked Core","HornCleat","Matryoshka","Nilry\u0027s Codex"],"acts_visited":["Exordium","TheCity"],"potions_floor_usage":[16,16,18,20,20],"damage_taken":[{"damage":0,"enemies":"Cultist","floor":1,"turns":4},{"damage":0,"enemies":"Small Slimes","floor":3,"turns":3},{"damage":8,"enemies":"Jaw Worm","floor":4,"turns":4},{"damage":1,"enemies":"Gremlin Gang","floor":6,"turns":5},{"damage":24,"enemies":"Lagavulin Event","floor":8,"turns":6},{"damage":10,"enemies":"Exordium Wildlife","floor":10,"turns":4},{"damage":6,"enemies":"Large Slime","floor":11,"turns":4},{"damage":0,"enemies":"Red Slaver","floor":13,"turns":4},{"damage":5,"enemies":"Hexaghost","floor":16,"turns":11},{"damage":5,"enemies":"Chosen","floor":18,"turns":5},{"damage":26,"enemies":"3 Byrds","floor":20,"turns":9},{"damage":12,"enemies":"Centurion and Healer","floor":22,"turns":6},{"damage":44,"enemies":"Gremlin Leader","floor":23,"turns":7}],"seed_played":"-4076303594435825413","potions_obtained":[{"floor":8,"key":"Weak Potion"},{"floor":10,"key":"ColorlessPotion"},{"floor":11,"key":"Block Potion"},{"floor":16,"key":"Regen Potion"},{"floor":18,"key":"Weak Potion"}],"is_trial":false,"path_per_floor":["M","?","M","M","?","M","R","?","T","M","M","R","M","$","R","B",null,"M","?","M","$","M","E"],"character_chosen":"DEFECT","items_purchased":["Cold Snap"],"campfire_rested":0,"item_purchase_floors":[21],"current_hp_per_floor":[75,75,75,67,60,59,59,35,35,25,19,19,19,19,19,14,75,70,54,43,43,31,0,0],"gold":110,"neow_bonus":"REMOVE_TWO","is_daily":false,"chose_seed":false,"campfire_upgraded":3,"win_rate":0.0,"timestamp":1608665995,"path_taken":["M","?","M","?","?","M","R","?","T","?","?","R","M","$","R","BOSS","M","?","M","$","M","E"],"items_purchased_type":["Card"],"build_version":"2020-12-13","purchased_purges":2,"victory":false,"max_hp_per_floor":[75,75,75,75,75,75,75,75,75,75,75,75,75,75,75,75,75,75,75,75,75,75,75,75],"card_choices":[{"not_picked":["Rebound","Compile Driver"],"picked":"Streamline","floor":1},{"not_picked":["Streamline","Conserve Battery"],"picked":"Coolheaded","floor":3},{"not_picked":["Redo","Go for the Eyes"],"picked":"Conserve Battery","floor":4},{"not_picked":["Stack","Fusion","Beam Cell"],"picked":"SKIP","floor":6},{"not_picked":["Gash","BootSequence"],"picked":"Reboot","floor":8},{"not_picked":["Compile Driver","Coolheaded"],"picked":"Sunder","floor":10},{"not_picked":["Chill","Turbo"],"picked":"Loop","floor":11},{"not_picked":["Compile Driver","Melter","Doom and Gloom"],"picked":"SKIP","floor":13},{"not_picked":["Seek","Fission"],"picked":"Echo Form","floor":16},{"not_picked":["Coolheaded+1","Sunder+1","Compile Driver"],"picked":"SKIP","floor":18},{"not_picked":["Streamline","Steam+1","Darkness"],"picked":"SKIP","floor":20},{"not_picked":["Leap","Compile Driver"],"picked":"Echo Form","floor":22}],"player_experience":491198,"relics_obtained":[{"floor":8,"key":"HornCleat"},{"floor":9,"key":"Matryoshka"},{"floor":19,"key":"Nilry\u0027s Codex"}],"event_choices":[{"damage_healed":0,"gold_gain":0,"player_choice":"Cursed","damage_taken":0,"max_hp_gain":0,"max_hp_loss":0,"event_name":"Wheel of Change","floor":2,"gold_loss":0,"cards_obtained":["Decay"]},{"cards_removed":["Decay"],"damage_healed":0,"gold_gain":0,"player_choice":"Card Removal","damage_taken":7,"max_hp_gain":0,"max_hp_loss":0,"event_name":"Golden Wing","floor":5,"gold_loss":0},{"damage_healed":0,"gold_gain":30,"player_choice":"Searched \u00272\u0027 times","damage_taken":0,"max_hp_gain":0,"max_hp_loss":0,"event_name":"Dead Adventurer","floor":8,"gold_loss":0},{"damage_healed":0,"gold_gain":0,"player_choice":"Obtained Book","damage_taken":16,"max_hp_gain":0,"max_hp_loss":0,"event_name":"Cursed Tome","floor":19,"gold_loss":0}],"is_beta":false,"boss_relics":[{"not_picked":["Ectoplasm","Nuclear Battery","Cursed Key"]}],"items_purged_floors":[14,21],"is_endless":false,"potions_floor_spawned":[8,10,11,16,18],"killed_by":"Gremlin Leader","ascension_level":0}}