{"host":"81h68oe4mr04pk3r","time":1608627232,"event":{"mods":["Act Like it!","Aspiration","BaseMod","BetterRewards","Colored Map","Colored Powertips","Conspire","Downfall","Hermit","Hubris","Infinite Spire","Jorbs\u0027s Wanderer Trilogy","Koishi","Lobotomy","LobotomyExtend","Marisa????????","Minty Spire (QoL Compilation)","Quick Restart","Reimu??????","Remilia??????","Replay The Spire","StSLib","The Bug Knight","The Construct","The Cursed","The Disciple","The Servant 0.9.4"],"gold_per_floor":[115,126,3,15,32,32,44,44,44,58,58,78,78,78,78,78,78],"floor_reached":16,"playtime":1588,"items_purged":[],"score":94,"play_id":"5344ac01-2f8b-461a-8387-86856e99698b","local_time":"20201222005352","is_ascension_mode":false,"campfire_choices":[{"data":"Koishi:ParalyzingFear","floor":6,"key":"SMITH"},{"floor":8,"key":"REST"},{"floor":13,"key":"REST"},{"floor":15,"key":"REST"}],"circlet_count":0,"master_deck":["Koishi:BasicStrike","Koishi:BasicStrike","Koishi:BasicStrike","Koishi:BasicStrike","Koishi:BasicDefend","Koishi:BasicDefend","Koishi:BasicDefend","Koishi:BasicDefend","Koishi:Provoke","Koishi:HauntingSlash","Koishi:TremblingHands","Koishi:ParalyzingFear+1","Koishi:StrangeCloudFist","Koishi:SpiritedAway","Koishi:Whimsy","Koishi:Jaunt","Koishi:RacingHeart"],"relics":["Koishi:ImaginaryFriend","infinitespire:Satchel","LetterFromLob","Replay:WaspNest","conspire:TopHat"],"acts_visited":["Exordium"],"potions_floor_usage":[10,16,16],"damage_taken":[{"damage":2,"enemies":"Jaw Worm","floor":1,"turns":5},{"damage":1,"enemies":"2 Louse","floor":2,"turns":3},{"damage":1,"enemies":"Cultist","floor":4,"turns":4},{"damage":20,"enemies":"3 Louse","floor":5,"turns":3},{"damage":11,"enemies":"Exordium Wildlife","floor":7,"turns":5},{"damage":12,"enemies":"Exordium Thugs","floor":10,"turns":3},{"damage":6,"enemies":"3 Louse","floor":12,"turns":3},{"damage":66,"enemies":"Fading Forest","floor":16,"turns":8}],"seed_played":"1959068188951371833","potions_obtained":[{"floor":4,"key":"SkillPotion"},{"floor":7,"key":"Fire Potion"},{"floor":10,"key":"Explosive Potion"}],"is_trial":false,"path_per_floor":["M","M","$","M","M","R","M","R","T","M","$","M","R","?","R","B"],"character_chosen":"KOISHI","items_purchased":["Koishi:StrangeCloudFist","Koishi:SpiritedAway"],"campfire_rested":3,"item_purchase_floors":[3,3],"current_hp_per_floor":[60,60,60,60,41,41,32,50,50,39,39,33,51,33,51,0,0],"gold":78,"neow_bonus":"RANDOM_COMMON_RELIC","is_daily":false,"chose_seed":false,"campfire_upgraded":1,"win_rate":0.0,"timestamp":1608627232,"path_taken":["M","M","$","M","M","R","M","R","T","M","$","M","R","?","R","BOSS"],"items_purchased_type":["Card","Card"],"build_version":"2020-12-13","purchased_purges":0,"victory":false,"max_hp_per_floor":[60,60,60,60,60,60,60,60,60,60,60,60,60,60,60,60,60],"card_choices":[{"not_picked":["Koishi:ParalyzingFear","Koishi:YoukaiPolygraph"],"picked":"Koishi:TremblingHands","floor":1},{"not_picked":["Koishi:UnconsciousUprising","Koishi:IdleWhim"],"picked":"Koishi:ParalyzingFear","floor":2},{"not_picked":["Koishi:EmbryosDream","Koishi:SubterraneanRose","Koishi:SubconsciousSweep"],"picked":"SKIP","floor":4},{"not_picked":["Koishi:SubterraneanRose","Koishi:GeneticsOfTheUnconscious"],"picked":"Koishi:Whimsy","floor":5},{"not_picked":["Koishi:VengefulSpirit","Koishi:UnansweredLove","Koishi:FleetingPhantom"],"picked":"SKIP","floor":7},{"not_picked":["Koishi:SuperEgo","Koishi:Prune"],"picked":"Koishi:Jaunt","floor":10},{"not_picked":["Koishi:SpiritedAway","Koishi:Jaunt"],"picked":"Koishi:RacingHeart","floor":12}],"player_experience":159375,"relics_obtained":[{"floor":1,"key":"LetterFromLob"},{"floor":9,"key":"Replay:WaspNest"}],"event_choices":[{"damage_healed":0,"gold_gain":0,"player_choice":"Success","damage_taken":18,"relics_obtained":["conspire:TopHat"],"max_hp_gain":0,"max_hp_loss":0,"event_name":"Scrap Ooze","floor":14,"gold_loss":0}],"is_beta":false,"boss_relics":[],"items_purged_floors":[],"is_endless":false,"potions_floor_spawned":[4,7,10],"killed_by":"Fading Forest","ascension_level":0}}