{"host":"z7uf2ohomj0wklrw","time":1608630001,"event":{"mods":["BaseMod","Downfall","Minty Spire (QoL Compilation)","StSLib"],"gold_per_floor":[99,118,118,136,236,161,188,21,40,67,78,78,78,103,114,215,215,215,231,251,269,119,219,219,251,51,65,65,98,98,123,136,231,231,81,92,105,90,110,110,110,135,135,167,167,178,178,228,239,239],"floor_reached":51,"playtime":3618,"items_purged":[],"score":1000,"play_id":"681df290-b98f-4f9e-bc4d-66bec3324e53","local_time":"20201222024001","is_ascension_mode":true,"campfire_choices":[{"floor":1.0,"key":"RECALL"},{"data":"Guardian:PiercingHide","floor":6.0,"key":"SMITH"},{"data":"Guardian:CurlUp","floor":12.0,"key":"SMITH"},{"data":"Guardian:EvasiveProtocol","floor":18.0,"key":"SMITH"},{"data":"expansioncontent:DashGenerateEvil","floor":35.0,"key":"SMITH"},{"data":"Guardian:BaubleBeam","floor":45,"key":"SMITH"},{"data":"Guardian:ExploitGems","floor":47,"key":"SMITH"}],"circlet_count":0,"master_deck":["Guardian:Defend_Guardian","Guardian:Defend_Guardian","Guardian:Defend_Guardian+1","Guardian:Defend_Guardian+1","Guardian:CurlUp+1","Guardian:TwinSlam","expansioncontent:GoopSpray","Guardian:TimeCapacitor","Guardian:PiercingHide+1","Guardian:BronzeArmor","Guardian:EvasiveProtocol+1","Guardian:ArmoredProtocol","Guardian:SentryBeam","Guardian:ArmoredProtocol","Ghostly","Guardian:TimeCapacitor+1","expansioncontent:DashGenerateEvil+1","Slimebound:Tackle+1","Slimebound:Tackle+1","Slimebound:Tackle+1","Guardian:HyperBeam_Guardian","Guardian:BaubleBeam+1","Guardian:ExploitGems+1","Guardian:Planning+1","Guardian:Aged","Guardian:Clone+1"],"relics":["Guardian:ModeShifter","downfall:HeartBlessingRed","Orichalcum","Toolbox","PreservedInsect","Sozu","Lizard Tail","Guardian:StasisCodex","Juzu Bracelet","Red Mask","FossilizedHelix","Black Star","downfall:HeartBlessingGreen","downfall:HeartBlessingBlue","Guardian:StasisEgg","White Beast Statue","Bag of Marbles","Mango","Toy Ornithopter","Prayer Wheel","Ginger"],"acts_visited":["Exordium","TheCity","TheBeyond"],"potions_floor_usage":[],"damage_taken":[{"damage":4.0,"enemies":"2 Louse","floor":2.0,"turns":2.0},{"damage":0.0,"enemies":"Small Slimes","floor":4.0,"turns":2.0},{"damage":6.0,"enemies":"downfall:FleeingMerchant","floor":8.0,"turns":4.0},{"damage":0.0,"enemies":"Jaw Worm","floor":9.0,"turns":3.0},{"damage":8.0,"enemies":"Lagavulin","floor":10.0,"turns":6.0},{"damage":2.0,"enemies":"Blue Slaver","floor":11.0,"turns":3.0},{"damage":7.0,"enemies":"Gremlin Nob","floor":14.0,"turns":3.0},{"damage":0.0,"enemies":"Lots of Slimes","floor":15.0,"turns":4.0},{"damage":13.0,"enemies":"downfall:Watcher","floor":16.0,"turns":11.0},{"damage":12.0,"enemies":"Chosen","floor":19.0,"turns":5.0},{"damage":0.0,"enemies":"Spheric Guardian","floor":20.0,"turns":4.0},{"damage":0.0,"enemies":"Centurion and Healer","floor":21.0,"turns":8.0},{"damage":0.0,"enemies":"Colosseum Nobs","floor":23.0,"turns":4.0},{"damage":6.0,"enemies":"Book of Stabbing","floor":25.0,"turns":5.0},{"damage":0.0,"enemies":"downfall:FleeingMerchant","floor":26.0,"turns":4.0},{"damage":0.0,"enemies":"Cultist and Chosen","floor":27.0,"turns":5.0},{"damage":0.0,"enemies":"Masked Bandits","floor":29.0,"turns":4.0},{"damage":14.0,"enemies":"Gremlin Leader","floor":31.0,"turns":5.0},{"damage":11.0,"enemies":"Sentry and Sphere","floor":32.0,"turns":8.0},{"damage":24.0,"enemies":"downfall:Ironclad","floor":33.0,"turns":8.0},{"damage":0.0,"enemies":"Orb Walker","floor":36.0,"turns":2.0},{"damage":0.0,"enemies":"3 Shapes","floor":37.0,"turns":4.0},{"damage":0.0,"enemies":"downfall:FleeingMerchant","floor":38.0,"turns":4.0},{"damage":8,"enemies":"Jaw Worm Horde","floor":39,"turns":3},{"damage":7,"enemies":"Giant Head","floor":42,"turns":4},{"damage":28,"enemies":"Reptomancer","floor":44,"turns":5},{"damage":0,"enemies":"Transient","floor":46,"turns":4},{"damage":0,"enemies":"Mind Bloom Boss Battle","floor":48,"turns":4},{"damage":0,"enemies":"Spire Growth","floor":49,"turns":3},{"damage":0,"enemies":"downfall:Silent","floor":50,"turns":5}],"seed_played":"-4039809965934282646","potions_obtained":[{"floor":2.0,"key":"DistilledChaos"},{"floor":4.0,"key":"Swift Potion"},{"floor":15.0,"key":"Dexterity Potion"},{"floor":16.0,"key":"EntropicBrew"}],"is_trial":false,"path_per_floor":["R","M","?","M","?","R","T","$","M","E","M","R","?","E","M","B",null,"R","M","M","M","?","?","T","E","$","M","?","?","?","E","M","B",null,"R","M","M","$","M","?","T","E","?","E","R","M","R","?","M","B",null],"character_chosen":"GUARDIAN","items_purchased":["Toolbox","expansioncontent:DashGenerateEvil"],"campfire_rested":0,"item_purchase_floors":[8,26],"current_hp_per_floor":[80,76,76,76,76,76,76,70,70,62,60,60,60,53,53,40,70,70,58,58,58,58,58,58,52,52,52,52,52,52,38,27,3,61,71,71,71,71,63,63,63,70,70,42,42,42,42,52,52,52],"gold":239,"neow_bonus":"RANDOM_COLORLESS","is_daily":false,"chose_seed":false,"campfire_upgraded":6,"win_rate":0.0,"timestamp":1608630001,"path_taken":["R","M","?","M","?","R","T","$","M","E","M","R","?","E","M","BOSS","R","M","M","M","?","?","T","E","$","M","?","?","?","E","M","BOSS","R","M","M","$","M","?","T","E","?","E","R","M","R","?","M","BOSS"],"items_purchased_type":["Relic","Card"],"build_version":"2020-12-13","purchased_purges":0,"victory":true,"max_hp_per_floor":[80,80,80,80,80,80,80,80,80,80,80,80,80,80,80,80,80,80,80,80,80,80,80,80,80,80,80,80,80,80,80,80,80,80,90,90,90,90,90,90,90,104,104,104,104,104,104,104,104,104],"card_choices":[{"not_picked":["Flash of Steel","Deep Breath"],"picked":"expansioncontent:GoopSpray","floor":0.0},{"not_picked":["Guardian:TemporalStrike","Guardian:CrystalBeam"],"picked":"Guardian:TimeCapacitor","floor":2.0},{"not_picked":["Guardian:Gem_Lightblue","Guardian:Suspension"],"picked":"Guardian:PiercingHide","floor":4.0},{"not_picked":["Guardian:VentSteam","Guardian:TemporalStrike","Guardian:PiercingHide"],"picked":"SKIP","floor":8.0},{"not_picked":["Guardian:Gem_Lightblue","Guardian:TemporalShield"],"picked":"Guardian:BronzeArmor","floor":9.0},{"not_picked":["Guardian:ShieldCharger","Guardian:BronzeArmor"],"picked":"Guardian:EvasiveProtocol","floor":10.0},{"not_picked":["Guardian:RefractedBeam","Guardian:CrystalBeam"],"picked":"Guardian:Gem_Blue","floor":11.0},{"not_picked":["Guardian:PrimingBeam","Guardian:TimeBomb","Guardian:TemporalShield"],"picked":"SKIP","floor":14.0},{"not_picked":["Guardian:FloatingOrbs","Guardian:PrimingBeam"],"picked":"Guardian:Gem_Red","floor":15.0},{"not_picked":["Guardian:StasisStrike","Guardian:SphericShield"],"picked":"Guardian:Gem_Orange","floor":16.0},{"not_picked":["Guardian:ChargeCore","Guardian:Suspension"],"picked":"Guardian:ArmoredProtocol","floor":19.0},{"not_picked":["Guardian:Recover","Guardian:TemporalStrike"],"picked":"Guardian:SentryBeam","floor":20.0},{"not_picked":["Guardian:VentSteam+1","Guardian:EvasiveProtocol"],"picked":"Guardian:ArmoredProtocol","floor":21.0},{"not_picked":["Guardian:ArmoredProtocol+1","Guardian:PrimingBeam"],"picked":"Guardian:TimeCapacitor+1","floor":23.0},{"not_picked":["Guardian:DecasProtection","Guardian:CrystalBeam"],"picked":"Guardian:Gem_Orange","floor":25.0},{"not_picked":["Guardian:VentSteam","Guardian:TemporalShield"],"picked":"Guardian:Gem_White","floor":26.0},{"not_picked":["Guardian:TemporalStrike+1","Guardian:Gem_Green"],"picked":"Guardian:Gem_Cyan","floor":27.0},{"not_picked":["Guardian:Planning","Guardian:PiercingHide+1"],"picked":"Guardian:BaubleBeam","floor":31.0},{"not_picked":["Guardian:Gem_Lightblue","Guardian:Repulse"],"picked":"Guardian:Gem_White","floor":32.0},{"not_picked":["Guardian:Gem_Orange","Guardian:AncientConstruct"],"picked":"Guardian:ExploitGems","floor":33.0},{"not_picked":["Guardian:PiercingHide+1","Guardian:Gem_Lightblue","Guardian:ShieldCharger"],"picked":"SKIP","floor":36.0},{"not_picked":["Guardian:PiercingHide","Guardian:Gem_Cyan"],"picked":"Guardian:Planning+1","floor":37.0},{"not_picked":["Guardian:ShieldCharger","Guardian:CompilePackage"],"picked":"Guardian:Gem_Yellow","floor":38},{"not_picked":["Guardian:Preprogram+1","Guardian:Recover+1"],"picked":"Guardian:Gem_Cyan","floor":39},{"not_picked":["Guardian:Incinerate","Guardian:TimeBomb+1","Guardian:PiercingHide+1"],"picked":"SKIP","floor":42},{"not_picked":["Guardian:Gem_Red","Guardian:RollAttack+1","Guardian:Gem_Green"],"picked":"SKIP","floor":44},{"not_picked":["Guardian:Gem_Lightblue","Guardian:CrystalBeam","Guardian:PrismaticBarrier"],"picked":"SKIP","floor":46},{"not_picked":["Guardian:PiercingHide","Guardian:PrimingBeam+1","Guardian:CrystalBeam"],"picked":"SKIP","floor":46},{"not_picked":["Guardian:TemporalShield+1","Guardian:EvasiveProtocol"],"picked":"Guardian:Clone+1","floor":49},{"not_picked":["Guardian:ShieldCharger+1","Guardian:ConstructionForm","Guardian:PiercingHide+1"],"picked":"SKIP","floor":49}],"player_experience":1000717,"relics_obtained":[{"floor":7.0,"key":"Orichalcum"},{"floor":10.0,"key":"PreservedInsect"},{"floor":14.0,"key":"War Paint"},{"floor":23.0,"key":"Lizard Tail"},{"floor":23.0,"key":"Guardian:StasisCodex"},{"floor":25.0,"key":"Juzu Bracelet"},{"floor":29.0,"key":"Red Mask"},{"floor":31.0,"key":"FossilizedHelix"},{"floor":41,"key":"White Beast Statue"},{"floor":42,"key":"Bag of Marbles"},{"floor":42,"key":"Mango"},{"floor":44,"key":"Toy Ornithopter"},{"floor":44,"key":"Prayer Wheel"},{"floor":48,"key":"Ginger"}],"event_choices":[{"damage_healed":0.0,"max_hp_gain":0.0,"max_hp_loss":0.0,"gold_gain":0.0,"event_name":"Masked Bandits","player_choice":"Fought Bandits","floor":29.0,"gold_loss":0.0,"damage_taken":0.0}],"is_beta":false,"boss_relics":[{"not_picked":["Busted Crown","Velvet Choker"],"picked":"Sozu"},{"not_picked":["Runic Pyramid","Snecko Eye"],"picked":"Black Star"}],"items_purged_floors":[],"is_endless":false,"potions_floor_spawned":[2,4,15,16,21,27,31,32,42,44,46,48,49],"ascension_level":5}}