{"host":"c2ayg5c7ie9qrij4","time":1608620029,"event":{"mods":["BaseMod","Minty Spire (QoL Compilation)"],"gold_per_floor":[112,33,45,60,73,73,87,87,141,141,164,164,164,185,185,185,185],"floor_reached":16,"playtime":429,"items_purged":[],"score":194,"play_id":"bc2f3d92-265f-42ba-81a7-ab653ab10ca9","local_time":"20201222145349","is_ascension_mode":true,"campfire_choices":[{"data":"Searing Blow","floor":6,"key":"SMITH"},{"data":"Searing Blow+1","floor":8,"key":"SMITH"},{"data":"Searing Blow+2","floor":12,"key":"SMITH"},{"data":"Searing Blow+3","floor":15,"key":"SMITH"}],"circlet_count":0,"master_deck":["Strike_R","Strike_R","Strike_R","Defend_R","Defend_R","Defend_R","Bash","Dark Embrace","Fire Breathing","Searing Blow+4","Whirlwind","Reaper","Armaments","Burning Pact"],"relics":["Burning Blood","Strawberry","Golden Idol"],"acts_visited":[],"potions_floor_usage":[5,16],"damage_taken":[{"damage":6,"enemies":"Cultist","floor":1,"turns":3},{"damage":23,"enemies":"Small Slimes","floor":3,"turns":4},{"damage":7,"enemies":"Jaw Worm","floor":4,"turns":3},{"damage":36,"enemies":"Gremlin Gang","floor":5,"turns":3},{"damage":25,"enemies":"Large Slime","floor":7,"turns":9},{"damage":12,"enemies":"Looter","floor":11,"turns":4},{"damage":8,"enemies":"2 Fungi Beasts","floor":14,"turns":4},{"damage":29,"enemies":"Hexaghost","floor":16,"turns":7}],"seed_played":"6961029541743942490","potions_obtained":[{"floor":1,"key":"PowerPotion"},{"floor":11,"key":"SmokeBomb"},{"floor":14,"key":"Swift Potion"}],"is_trial":false,"path_per_floor":["M","$","M","M","M","R","M","R","T","?","M","R","?","M","R","B"],"character_chosen":"IRONCLAD","items_purchased":["Whirlwind"],"campfire_rested":0,"item_purchase_floors":[2],"current_hp_per_floor":[72,72,55,54,24,24,11,11,18,18,16,16,16,24,24,0,0],"gold":185,"neow_bonus":"TRANSFORM_TWO_CARDS","is_daily":false,"chose_seed":false,"campfire_upgraded":4,"win_rate":0.0,"timestamp":1608620029,"path_taken":["M","$","M","M","?","R","M","R","T","?","M","R","?","M","R","BOSS"],"items_purchased_type":["Card"],"build_version":"2020-12-13","purchased_purges":0,"victory":false,"max_hp_per_floor":[72,72,72,72,72,72,72,72,79,73,73,73,73,73,73,73,73],"card_choices":[{"not_picked":["Body Slam","Cleave"],"picked":"Searing Blow","floor":1},{"not_picked":["Warcry","Whirlwind","Intimidate"],"picked":"SKIP","floor":3},{"not_picked":["Uppercut","Cleave","Perfected Strike"],"picked":"SKIP","floor":4},{"not_picked":["Clash","Havoc"],"picked":"Reaper","floor":5},{"not_picked":["Evolve","Flame Barrier","Wild Strike"],"picked":"SKIP","floor":7},{"not_picked":["Perfected Strike","Headbutt","Cleave"],"picked":"SKIP","floor":11},{"not_picked":["Headbutt","Combust"],"picked":"Burning Pact","floor":14}],"player_experience":169878,"relics_obtained":[{"floor":9,"key":"Strawberry"}],"event_choices":[{"damage_healed":0,"gold_gain":0,"player_choice":"Lose Max HP","damage_taken":0,"relics_obtained":["Golden Idol"],"max_hp_gain":0,"max_hp_loss":6,"event_name":"Golden Idol","floor":10,"gold_loss":0},{"damage_healed":0,"gold_gain":0,"cards_transformed":["Strike_R"],"player_choice":"Change","damage_taken":0,"max_hp_gain":0,"max_hp_loss":0,"event_name":"Living Wall","floor":13,"gold_loss":0,"cards_obtained":["Armaments"]}],"is_beta":false,"boss_relics":[],"items_purged_floors":[],"is_endless":false,"potions_floor_spawned":[1,11,14],"killed_by":"Hexaghost","ascension_level":7}}