{"host":"w7o06k3e8uel8euj","time":1608638614,"event":{"mods":["AchievementEnabler","BaseMod","Colored Powertips","Custom Start","DeckTracker","Keyboard Shortcuts","Minty Spire (QoL Compilation)","Quick Restart","Relic Stats","StSLib","SuperFastMode","everything is the same but u backflip on backflip"],"gold_per_floor":[116,266,266,341,341,376,387,417,440,440,440],"floor_reached":10,"playtime":110,"items_purged":[],"score":173,"play_id":"c30b8de4-6573-4ff4-afed-14db63da634e","local_time":"20201222210334","is_ascension_mode":true,"campfire_choices":[],"circlet_count":0,"master_deck":["AscendersBane","Strike_P","Strike_P","Strike_P","Strike_P","Defend_P","Defend_P","Defend_P","Defend_P","Eruption+1","Vigilance","InnerPeace","Doubt","EmptyMind","LessonLearned"],"relics":["PureWater","NeowsBlessing","MealTicket","Bottled Lightning","Tiny Chest"],"acts_visited":["Exordium"],"potions_floor_usage":[],"damage_taken":[{"damage":0.0,"enemies":"Jaw Worm","floor":1.0,"turns":1.0},{"damage":0.0,"enemies":"Lagavulin","floor":6.0,"turns":2.0},{"damage":0.0,"enemies":"Small Slimes","floor":7.0,"turns":2.0},{"damage":32.0,"enemies":"Gremlin Nob","floor":8.0,"turns":4.0},{"damage":27,"enemies":"Lagavulin","floor":10,"turns":5}],"seed_played":"-6695064610116787869","potions_obtained":[{"floor":1.0,"key":"Swift Potion"},{"floor":7.0,"key":"BottledMiracle"}],"is_trial":false,"path_per_floor":["M","?","?","?","?","E","M","E","T","E"],"character_chosen":"WATCHER","items_purchased":[],"campfire_rested":0,"item_purchase_floors":[],"current_hp_per_floor":[61,61,61,50,55,55,55,23,23,0,0],"gold":440,"neow_bonus":"THREE_ENEMY_KILL","is_daily":false,"chose_seed":false,"campfire_upgraded":0,"win_rate":0.0,"timestamp":1608638614,"path_taken":["M","?","?","?","?","E","?","E","T","E"],"items_purchased_type":[],"build_version":"2020-12-13","purchased_purges":0,"victory":false,"max_hp_per_floor":[68,68,68,68,73,73,73,73,73,73,73],"relic_stats":{"counters":[5,14],"MealTicket":0,"Tiny Chest":0,"obtain_stats":[{"NeowsBlessing":0,"MealTicket":6,"Tiny Chest":9,"Bottled Lightning":8,"PureWater":0},{"NeowsBlessing":0,"MealTicket":2,"Tiny Chest":4,"Bottled Lightning":4,"PureWater":0},{"NeowsBlessing":0,"MealTicket":3,"Tiny Chest":9,"Bottled Lightning":9,"PureWater":0}]},"card_choices":[{"not_picked":["SandsOfTime","CrushJoints"],"picked":"InnerPeace","floor":1.0},{"not_picked":["Evaluate","Worship","BattleHymn"],"picked":"SKIP","floor":6.0},{"not_picked":["Conclude","FlurryOfBlows"],"picked":"EmptyMind","floor":7.0},{"not_picked":["EmptyFist","Halt"],"picked":"LessonLearned","floor":8.0}],"player_experience":564303,"relics_obtained":[{"floor":6.0,"key":"MealTicket"},{"floor":8.0,"key":"Bottled Lightning"},{"floor":9.0,"key":"Tiny Chest"}],"event_choices":[{"damage_healed":0.0,"max_hp_gain":0.0,"max_hp_loss":0.0,"gold_gain":150.0,"event_name":"Liars Game","player_choice":"AGREE","floor":2.0,"gold_loss":0.0,"damage_taken":0.0,"cards_obtained":["Doubt"]},{"damage_healed":0.0,"max_hp_gain":0.0,"max_hp_loss":0.0,"gold_gain":0.0,"event_name":"Living Wall","player_choice":"Grow","floor":3.0,"gold_loss":0.0,"damage_taken":0.0,"cards_upgraded":["Eruption"]},{"damage_healed":0.0,"max_hp_gain":0.0,"max_hp_loss":0.0,"gold_gain":75.0,"event_name":"World of Goop","player_choice":"Gather Gold","floor":4.0,"gold_loss":0.0,"damage_taken":11.0},{"damage_healed":0.0,"max_hp_gain":5.0,"max_hp_loss":0.0,"gold_gain":0.0,"event_name":"Big Fish","player_choice":"Donut","floor":5.0,"gold_loss":0.0,"damage_taken":0.0}],"is_beta":false,"boss_relics":[],"items_purged_floors":[],"is_endless":false,"potions_floor_spawned":[1,7],"killed_by":"Lagavulin","ascension_level":15}}