{"host":"pvedlq59if0kbxhz","time":1608670911,"event":{"mods":["Act Like it!","BaseMod","Duelist Mod","Friendly Minions","GifTheSpireLib","Gold Saver","Minty Spire (QoL Compilation)","Replay The Spire","Shop Mod","StSLib","The Jungle"],"gold_per_floor":[217,230,323,334,346,106,122,140,140,169,25,36,36,55,55,160,160,178,191,191,191,201,201,201],"floor_reached":23,"playtime":1967,"items_purged":[],"score":222,"play_id":"026cfc00-7eaf-4208-94aa-a2a8a99a353a","local_time":"20201222160151","is_ascension_mode":false,"campfire_choices":[{"floor":15,"key":"REST"}],"circlet_count":0,"master_deck":["Strike_R","Strike_R","Strike_R","Strike_R","Strike_R","Defend_R","Defend_R","Defend_R","Bash","Defy Death","ReplayTheSpireMod:Corrosion Curse","True Grit","Shrug It Off","Body Slam","Cleave","Bandage Up","ReplayTheSpireMod:Limb From Limb","Body Slam","Replay:Many Hands","Armaments","Perfected Strike","Double Tap","Flame Barrier","Abandon","Regret","Perfected Strike"],"relics":["Burning Blood","ReplayTheSpireMod:TigerMarble","Lee\u0027s Waffle","Counterbalance","Question Card","Replay:Mystery Machine","Ice Cream","Replay:Bronze Core","Ring of Panic","Ring of Peace"],"acts_visited":["Exordium","Exordium"],"potions_floor_usage":[2,10,23,23],"damage_taken":[{"damage":1,"enemies":"Cultist","floor":1,"turns":3},{"damage":1,"enemies":"Jaw Worm","floor":2,"turns":3},{"damage":0,"enemies":"Small Slimes","floor":4,"turns":5},{"damage":32,"enemies":"Gremlin Gang","floor":5,"turns":7},{"damage":11,"enemies":"Lots of Slimes","floor":7,"turns":4},{"damage":0,"enemies":"Exordium Wildlife","floor":8,"turns":2},{"damage":14,"enemies":"Gremlin Nob","floor":10,"turns":3},{"damage":23,"enemies":"Large Slime","floor":12,"turns":10},{"damage":13,"enemies":"Red Slaver","floor":14,"turns":3},{"damage":77,"enemies":"The Guardian","floor":16,"turns":15},{"damage":34,"enemies":"theJungle:MUSHROOMGANG","floor":18,"turns":5},{"damage":42,"enemies":"theJungle:GiantWrat","floor":19,"turns":9},{"damage":6,"enemies":"theJungle:Lyon","floor":22,"turns":4},{"damage":51,"enemies":"theJungle:MamaSnecko","floor":23,"turns":4}],"seed_played":"-2745698415189164581","potions_obtained":[{"floor":1,"key":"PowerPotion"},{"floor":5,"key":"FearPotion"},{"floor":7,"key":"LiquidMemories"},{"floor":16,"key":"Energy Potion"},{"floor":22,"key":"Fire Potion"}],"is_trial":false,"path_per_floor":["M","M","?","M","M","$","M","M","T","E","$","M","?","M","R","B",null,"M","M","?","?","M","E"],"character_chosen":"IRONCLAD","items_purchased":["Lee\u0027s Waffle","Bandage Up","Replay:Mystery Machine"],"campfire_rested":1,"item_purchase_floors":[6,6,11],"current_hp_per_floor":[88,88,53,59,33,95,90,95,95,91,91,78,66,59,87,20,95,71,39,39,39,43,0,0],"gold":201,"neow_bonus":"TEN_PERCENT_HP_BONUS","is_daily":false,"chose_seed":false,"campfire_upgraded":0,"win_rate":0.0,"timestamp":1608670911,"path_taken":["M","?","?","?","M","$","?","M","T","E","$","M","?","M","R","BOSS","M","M","?","?","M","E"],"items_purchased_type":["Relic","Card","Relic"],"build_version":"2020-12-13","purchased_purges":0,"victory":false,"max_hp_per_floor":[88,88,88,88,88,95,95,95,95,95,95,95,95,95,95,95,95,95,95,95,95,95,95,95],"card_choices":[{"not_picked":["ReplayTheSpireMod:Muscle Training","Thunderclap"],"picked":"Defy Death","floor":1},{"not_picked":["Replay:Undeath\u0027s Touch","Iron Wave"],"picked":"ReplayTheSpireMod:Corrosion Curse","floor":2},{"not_picked":["Searing Blow","Body Slam"],"picked":"True Grit","floor":3},{"not_picked":["Uppercut","Whirlwind"],"picked":"Shrug It Off","floor":3},{"not_picked":["Iron Wave","Hemokinesis"],"picked":"Body Slam","floor":4},{"not_picked":["Perfected Strike","Anger"],"picked":"Cleave","floor":5},{"not_picked":["Rupture","Rampage"],"picked":"ReplayTheSpireMod:Limb From Limb","floor":7},{"not_picked":["Fiend Fire","Carnage"],"picked":"Body Slam","floor":8},{"not_picked":["Spot Weakness","Dropkick"],"picked":"Replay:Many Hands","floor":10},{"not_picked":["Heavy Blade","Offering","Headbutt"],"picked":"Armaments","floor":12},{"not_picked":["Headbutt","Entrench","Defy Death"],"picked":"Perfected Strike","floor":14},{"not_picked":["Feed","Juggernaut","Brutality"],"picked":"Double Tap","floor":16},{"not_picked":["Clash","Sword Boomerang+1","ReplayTheSpireMod:Strike From Hell"],"picked":"Flame Barrier","floor":18},{"not_picked":["Twin Strike+1","Iron Wave","Carnage"],"picked":"Abandon","floor":19},{"not_picked":["Run Through","Body Slam","Brutality"],"picked":"Perfected Strike","floor":22}],"player_experience":9803,"relics_obtained":[{"floor":3,"key":"ReplayTheSpireMod:TigerMarble"},{"floor":9,"key":"Counterbalance"},{"floor":10,"key":"Question Card"},{"floor":20,"key":"Ring of Panic"},{"floor":20,"key":"Ring of Peace"}],"event_choices":[{"damage_healed":0,"gold_gain":0,"player_choice":"Success","damage_taken":12,"relics_obtained":["Ice Cream"],"max_hp_gain":0,"max_hp_loss":0,"event_name":"Scrap Ooze","floor":13,"gold_loss":0},{"cards_removed":["Defend_R"],"damage_healed":0,"gold_gain":0,"player_choice":"Took Card","damage_taken":0,"max_hp_gain":0,"max_hp_loss":0,"event_name":"NoteForYourself","floor":21,"gold_loss":0,"cards_obtained":["Regret"]}],"is_beta":false,"boss_relics":[{"not_picked":["Honey Jar","Ring of Chaos"],"picked":"Replay:Bronze Core"}],"items_purged_floors":[],"is_endless":false,"potions_floor_spawned":[1,5,7,16,22],"killed_by":"theJungle:MamaSnecko","ascension_level":0}}