{"host":"mqhvlr3kpxebko0t","time":1608597288,"event":{"mods":["AchievementEnabler","BaseMod","Colored Map","Colored Powertips","Keyboard Shortcuts","Minty Spire (QoL Compilation)","StSLib","SuperFastMode"],"gold_per_floor":[109,109,34,50,50,77,27,42,69,69,81,99,99,129,129,208,208,228,245,256,256,206,239,239,274,299,299,299,102,121,71,71,145,145,145,84,97,22,22,47,47,47],"floor_reached":41,"playtime":858,"items_purged":["Strike_G","Defend_G","Underhanded Strike+1","Expertise","Terror","Masterful Stab+1"],"score":861,"play_id":"6f2a108a-e4c4-4057-b8b6-f9151e15ef75","local_time":"20201222093448","is_ascension_mode":true,"campfire_choices":[{"data":"Masterful Stab","floor":10.0,"key":"SMITH"},{"data":"Footwork","floor":13.0,"key":"SMITH"},{"data":"Bouncing Flask","floor":15.0,"key":"SMITH"},{"data":"Accuracy","floor":24.0,"key":"SMITH"},{"data":"Venomology","floor":28.0,"key":"SMITH"},{"floor":32.0,"key":"REST"}],"circlet_count":0,"master_deck":["AscendersBane","Survivor","Neutralize+1","Backstab","Footwork+1","Dagger Throw","Bouncing Flask+1","Malaise","Choke+1","Leg Sweep","Accuracy+1","Venomology+1","Blade Dance","Blade Dance","Adrenaline","Calculated Gamble+1","Adrenaline","Backflip","Acrobatics"],"relics":["Ring of the Snake","NeowsBlessing","Smiling Mask","Orichalcum","Whetstone","Molten Egg 2","Pandora\u0027s Box","Potion Belt","Blood Vial","Regal Pillow","Membership Card","Runic Pyramid","Bronze Scales"],"acts_visited":["Exordium","TheCity","TheBeyond"],"potions_floor_usage":[40,40,40,40,40,41],"damage_taken":[{"damage":0.0,"enemies":"Small Slimes","floor":1.0,"turns":1.0},{"damage":0.0,"enemies":"Cultist","floor":4.0,"turns":1.0},{"damage":0.0,"enemies":"Lagavulin","floor":6.0,"turns":1.0},{"damage":0.0,"enemies":"Jaw Worm","floor":8.0,"turns":3.0},{"damage":0.0,"enemies":"Gremlin Gang","floor":11.0,"turns":4.0},{"damage":0.0,"enemies":"Blue Slaver","floor":12.0,"turns":4.0},{"damage":9.0,"enemies":"3 Sentries","floor":14.0,"turns":10.0},{"damage":5.0,"enemies":"The Guardian","floor":16.0,"turns":9.0},{"damage":0.0,"enemies":"Chosen","floor":18.0,"turns":3.0},{"damage":6.0,"enemies":"3 Byrds","floor":19.0,"turns":4.0},{"damage":7.0,"enemies":"Snecko","floor":20.0,"turns":4.0},{"damage":20.0,"enemies":"Slavers","floor":23.0,"turns":4.0},{"damage":6.0,"enemies":"Gremlin Leader","floor":25.0,"turns":3.0},{"damage":5.0,"enemies":"Sentry and Sphere","floor":30.0,"turns":3.0},{"damage":44.0,"enemies":"Automaton","floor":33.0,"turns":5.0},{"damage":0.0,"enemies":"3 Darklings","floor":35.0,"turns":1.0},{"damage":1.0,"enemies":"Orb Walker","floor":37.0,"turns":2.0},{"damage":34,"enemies":"Giant Head","floor":40,"turns":6},{"damage":22,"enemies":"Spire Growth","floor":41,"turns":3}],"seed_played":"4456966322010140872","potions_obtained":[{"floor":6.0,"key":"PowerPotion"},{"floor":8.0,"key":"LiquidBronze"},{"floor":20.0,"key":"Swift Potion"},{"floor":25.0,"key":"Poison Potion"},{"floor":33.0,"key":"EntropicBrew"}],"is_trial":false,"path_per_floor":["M","?","$","M","?","E","$","M","T","R","M","M","R","E","R","B",null,"M","M","M","?","$","E","R","E","T","?","R","$","M","$","R","B",null,"M","$","M","?","$","E","M"],"character_chosen":"THE_SILENT","items_purchased":["Membership Card","Backflip"],"campfire_rested":1,"item_purchase_floors":[29,36],"current_hp_per_floor":[59,59,59,59,59,59,59,59,59,59,59,59,59,50,50,45,61,61,55,48,48,48,28,28,22,22,22,22,22,19,19,53,11,52,54,54,55,55,55,23,3,3],"gold":47,"neow_bonus":"THREE_ENEMY_KILL","is_daily":false,"chose_seed":false,"campfire_upgraded":5,"win_rate":0.0,"timestamp":1608597288,"path_taken":["M","?","?","?","?","E","$","M","T","R","M","M","R","E","R","BOSS","M","M","?","?","$","E","R","E","T","?","R","$","M","?","R","BOSS","M","$","?","?","$","E","?"],"items_purchased_type":["Relic","Card"],"build_version":"2020-12-13","purchased_purges":6,"victory":false,"max_hp_per_floor":[66,66,66,66,66,66,66,66,66,66,66,66,66,66,66,66,66,66,66,66,66,66,66,66,66,66,66,66,66,66,66,66,66,66,66,66,66,66,66,66,66,66],"card_choices":[{"not_picked":["Poisoned Stab","Reflex"],"picked":"Backflip","floor":1.0},{"not_picked":["PiercingWail","Blade Dance"],"picked":"Backstab","floor":4.0},{"not_picked":["Blur","Storm of Steel"],"picked":"Masterful Stab","floor":6.0},{"not_picked":["Blade Dance","Quick Slash"],"picked":"Footwork","floor":8.0},{"not_picked":["Quick Slash","Prepared","Underhanded Strike"],"picked":"SKIP","floor":11.0},{"not_picked":["Dodge and Roll","Acrobatics"],"picked":"Dagger Throw","floor":12.0},{"not_picked":["Setup","Crippling Poison"],"picked":"Bouncing Flask","floor":14.0},{"not_picked":["Venomology","Unload+1"],"picked":"Malaise","floor":16.0},{"not_picked":["All Out Attack+1","Bouncing Flask","Dodge and Roll"],"picked":"SKIP","floor":18.0},{"not_picked":["Dagger Throw+1","Endless Agony+1"],"picked":"Blade Dance","floor":19.0},{"not_picked":["PiercingWail","Underhanded Strike+1"],"picked":"Blade Dance","floor":20.0},{"not_picked":["Finisher+1","Prepared"],"picked":"Calculated Gamble+1","floor":23.0},{"not_picked":["Outmaneuver","Slice+1","Unload+1"],"picked":"SKIP","floor":25.0},{"not_picked":["Dagger Spray+1","Underhanded Strike+1","Infinite Blades"],"picked":"SKIP","floor":30.0},{"not_picked":["Phantasmal Killer","Venomology"],"picked":"Adrenaline","floor":33.0},{"not_picked":["Outmaneuver","Flying Knee+1"],"picked":"Acrobatics","floor":37.0},{"not_picked":["Poisoned Stab+1","Footwork","Deflect+1"],"picked":"SKIP","floor":40}],"player_experience":670756,"relics_obtained":[{"floor":6.0,"key":"Orichalcum"},{"floor":9.0,"key":"Whetstone"},{"floor":14.0,"key":"Molten Egg 2"},{"floor":23.0,"key":"Potion Belt"},{"floor":25.0,"key":"Blood Vial"},{"floor":26.0,"key":"Regal Pillow"},{"floor":40,"key":"Bronze Scales"}],"event_choices":[{"damage_healed":0.0,"max_hp_gain":0.0,"max_hp_loss":0.0,"gold_gain":0.0,"event_name":"Accursed Blacksmith","player_choice":"Forge","floor":2.0,"gold_loss":0.0,"damage_taken":0.0,"cards_upgraded":["Neutralize"]},{"cards_removed":["Backflip"],"damage_healed":0.0,"max_hp_gain":0.0,"max_hp_loss":0.0,"gold_gain":0.0,"event_name":"WeMeetAgain","player_choice":"Gave Card","floor":5.0,"gold_loss":0.0,"damage_taken":0.0,"relics_obtained":["Smiling Mask"]},{"damage_healed":0.0,"max_hp_gain":0.0,"max_hp_loss":0.0,"gold_gain":0.0,"event_name":"The Library","player_choice":"Read","floor":21.0,"gold_loss":0.0,"damage_taken":0.0,"cards_obtained":["Adrenaline"]},{"damage_healed":0.0,"max_hp_gain":0.0,"max_hp_loss":0.0,"gold_gain":0.0,"event_name":"The Mausoleum","player_choice":"Ignored","floor":27.0,"gold_loss":0.0,"damage_taken":0.0},{"cards_removed":["Masterful Stab"],"damage_healed":0.0,"max_hp_gain":0.0,"max_hp_loss":0.0,"gold_gain":0.0,"event_name":"Designer","player_choice":"Single Remove","floor":38.0,"gold_loss":75.0,"damage_taken":0.0}],"is_beta":false,"boss_relics":[{"not_picked":["Runic Dome","SlaversCollar"],"picked":"Pandora\u0027s Box"},{"not_picked":["Calling Bell","Sozu"],"picked":"Runic Pyramid"}],"items_purged_floors":[3,7,22,29,31,36],"is_endless":false,"potions_floor_spawned":[6,8,11,14,20,25,33,40],"killed_by":"Spire Growth","ascension_level":15}}