{"host":"rwzz6mk6bpmb57ql","time":1608611387,"event":{"mods":["AchievementEnabler","BaseMod","BetterRewards","Colored Map","Highlight Path","Hubris","Minty Spire (QoL Compilation)","Replay The Spire","StSLib"],"gold_per_floor":[5611,5611,5611,5579,5598,5598,5627,5627,5627,5627,5737,5086,5106,5090,5090,5144,5144,5144,5144],"floor_reached":18,"playtime":739,"items_purged":["Defend_R"],"score":389,"play_id":"1ec3e59f-a0df-454d-a353-88f601136f5a","local_time":"20201221222947","is_ascension_mode":true,"campfire_choices":[{"data":"Limit Break","floor":6,"key":"SMITH"},{"floor":8,"key":"RECALL"},{"data":"Flex","floor":10,"key":"SMITH"},{"data":"Rampage","floor":15,"key":"SMITH"}],"circlet_count":0,"master_deck":["AscendersBane","Strike_R","Strike_R","Strike_R","Strike_R","Defend_R","Defend_R","Defend_R","Bash","Flex+1","Disarm","Limit Break+1","Rampage+1","Berserk","Doubt","Hallucinations","hubris:Sloth"],"relics":["Burning Blood","Potion Belt","hubris:Icosahedron","hubris:TinFlute","Mirror","Paper Frog","Pen Nib","Replay:Ancient Bell","King of Hearts","Toxic Egg 2","hubris:64BitClover"],"acts_visited":["Exordium","TheCity"],"potions_floor_usage":[7,7,13,14,16,16],"damage_taken":[{"damage":11,"enemies":"Jaw Worm","floor":1,"turns":4},{"damage":8,"enemies":"2 Louse","floor":4,"turns":3},{"damage":3,"enemies":"Cultist","floor":5,"turns":4},{"damage":21,"enemies":"Lagavulin","floor":7,"turns":8},{"damage":12,"enemies":"Red Slaver","floor":11,"turns":4},{"damage":18,"enemies":"Large Slime","floor":13,"turns":4},{"damage":35,"enemies":"3 Sentries","floor":14,"turns":8},{"damage":58,"enemies":"The Guardian","floor":16,"turns":8},{"damage":34,"enemies":"3 Byrds","floor":18,"turns":3}],"seed_played":"-4693096473271584956","potions_obtained":[{"floor":3,"key":"DuplicationPotion"},{"floor":3,"key":"Adrenaline Potion"},{"floor":3,"key":"Block Potion"},{"floor":5,"key":"EssenceOfSteel"},{"floor":14,"key":"Swift Potion"}],"is_trial":false,"path_per_floor":["M","?","?","M","M","R","E","R","T","R","M","$","M","E","R","B",null,"M"],"character_chosen":"IRONCLAD","items_purchased":["Mirror","Paper Frog","DuplicationPotion"],"campfire_rested":0,"item_purchase_floors":[12,12,12],"current_hp_per_floor":[132,132,132,130,133,133,118,118,118,118,112,112,100,71,71,19,114,80,80],"gold":5144,"neow_bonus":"REMOVE_CARD","is_daily":false,"chose_seed":false,"campfire_upgraded":3,"win_rate":0.0,"timestamp":1608611387,"path_taken":["M","?","?","M","M","R","E","R","T","R","M","$","?","E","R","BOSS","M"],"items_purchased_type":["Relic","Relic","Potion"],"build_version":"2020-12-13","purchased_purges":1,"victory":false,"max_hp_per_floor":[145,145,145,145,145,145,145,145,145,145,145,145,145,145,145,145,145,145,145],"card_choices":[{"not_picked":["Clothesline","Run Through"],"picked":"Flex","floor":1},{"not_picked":["Clash","Headbutt"],"picked":"Disarm","floor":4},{"not_picked":["Twin Strike","hubris:ReadiedAction"],"picked":"Limit Break","floor":5},{"not_picked":["Fire Breathing","True Grit","hubris:CleavingFinish"],"picked":"SKIP","floor":7},{"not_picked":["Abandon","Headbutt"],"picked":"Rampage","floor":11},{"not_picked":["Armaments","Burning Pact","Flame Barrier"],"picked":"SKIP","floor":13},{"not_picked":["Havoc","ReplayTheSpireMod:Strike From Hell","Intimidate"],"picked":"SKIP","floor":14},{"not_picked":["Immolate","Exhume"],"picked":"Berserk","floor":16},{"not_picked":["Decay","hubris:Lust"],"picked":"Doubt","floor":17},{"not_picked":["hubris:Sloth","hubris:Disease"],"picked":"Hallucinations","floor":17},{"not_picked":["ReplayTheSpireMod:Doomed","Voices"],"picked":"hubris:Sloth","floor":17}],"player_experience":72681,"relics_obtained":[{"floor":7,"key":"hubris:TinFlute"},{"floor":14,"key":"Pen Nib"}],"event_choices":[{"damage_healed":0,"gold_gain":0,"player_choice":"Got Potions","damage_taken":0,"max_hp_gain":0,"max_hp_loss":0,"event_name":"Lab","floor":3,"gold_loss":0}],"is_beta":false,"boss_relics":[{"not_picked":["Runic Dome","Coffee Dripper"],"picked":"Replay:Ancient Bell"},{"not_picked":["Replay:Rubber Ducky","Red Skull"],"picked":"King of Hearts"},{"not_picked":["Question Card","Self Forming Clay"],"picked":"Toxic Egg 2"},{"not_picked":["WingedGreaves","Mango"],"picked":"hubris:64BitClover"}],"items_purged_floors":[12],"is_endless":false,"potions_floor_spawned":[5,14],"killed_by":"3 Byrds","ascension_level":11}}