{"host":"81h68oe4mr04pk3r","time":1608620782,"event":{"mods":["Act Like it!","Aspiration","BaseMod","BetterRewards","Colored Map","Colored Powertips","Conspire","Downfall","Hermit","Hubris","Infinite Spire","Jorbs\u0027s Wanderer Trilogy","Koishi","Lobotomy","LobotomyExtend","Marisa????????","Minty Spire (QoL Compilation)","Quick Restart","Reimu??????","Remilia??????","Replay The Spire","StSLib","The Bug Knight","The Construct","The Cursed","The Disciple","The Servant 0.9.4"],"gold_per_floor":[110,120,72,86,96,96,116,116,116,216,229,254,269,289,289,387,387,406,421,421,421,292,302,302,315,368,368,385,484,484,496,496,496,496],"floor_reached":33,"playtime":1186,"items_purged":["Slimebound:Tackle"],"score":303,"play_id":"29dcd2a0-35b4-49f6-b51e-cbf3c675ce05","local_time":"20201221230622","is_ascension_mode":false,"campfire_choices":[{"data":"DarkMatter","floor":6,"key":"SMITH"},{"data":"PowerUp","floor":8,"key":"SMITH"},{"floor":15,"key":"REST"},{"floor":24,"key":"REST"},{"floor":30,"key":"REST"},{"floor":32,"key":"REST"}],"circlet_count":0,"master_deck":["Strike_MRS","Strike_MRS","Strike_MRS","Defend_MRS","Defend_MRS","Defend_MRS","Defend_MRS","MasterSpark","UpSweep","StarDustReverie","PowerUp","PowerUp+1","LuminesStrike","DarkMatter+1","PowerUp","PowerUp","SporeBomb","DoubleSpark","MaximisePower","hubris:Disease","JA","expansioncontent:ChargeUp","infinitespire:Starlight","AsteroidBelt+1","PowerUp","PowerUp","DoubleSpark","EarthLightRay"],"relics":["MiniHakkero","LetterFromLob","RedMistMask","CaptainsWheel","hubris:MedicalManual","ReplayTheSpireMod:SealedPack","hubris:Icosahedron","infinitespire:Beetle Shell"],"acts_visited":["Exordium","TheCity"],"potions_floor_usage":[33,33],"damage_taken":[{"damage":6,"enemies":"Jaw Worm","floor":1,"turns":3},{"damage":1,"enemies":"Cultist","floor":2,"turns":3},{"damage":0,"enemies":"Small Slimes","floor":4,"turns":2},{"damage":0,"enemies":"3 Louse","floor":5,"turns":2},{"damage":10,"enemies":"Gremlin Gang","floor":7,"turns":3},{"damage":0,"enemies":"Exordium Wildlife","floor":11,"turns":2},{"damage":13,"enemies":"Lagavulin","floor":12,"turns":3},{"damage":0,"enemies":"Large Slime","floor":13,"turns":4},{"damage":4,"enemies":"Exordium Thugs","floor":14,"turns":4},{"damage":20,"enemies":"Fading Forest","floor":16,"turns":11},{"damage":14,"enemies":"Chosen","floor":18,"turns":3},{"damage":10,"enemies":"3 Byrds","floor":19,"turns":3},{"damage":20,"enemies":"Snecko","floor":23,"turns":5},{"damage":16,"enemies":"Snake Plant","floor":25,"turns":4},{"damage":5,"enemies":"Cultist and Chosen","floor":28,"turns":3},{"damage":65,"enemies":"3 Cultists","floor":31,"turns":7},{"damage":67,"enemies":"hubris:MusketHawk","floor":33,"turns":6}],"seed_played":"8709181534905554713","potions_obtained":[{"floor":7,"key":"Guardian:BlockOnCardUsePotion"},{"floor":13,"key":"ColorlessPotion"},{"floor":14,"key":"LiquidBronze"}],"is_trial":false,"path_per_floor":["M","M","$","M","M","R","M","R","T","?","M","E","M","M","R","B",null,"M","M","?","?","$","M","R","M","T","?","M","?","R","M","R","B"],"character_chosen":"MARISA","items_purchased":["PowerUp","PowerUp"],"campfire_rested":4,"item_purchase_floors":[3,22],"current_hp_per_floor":[69,68,68,68,68,68,58,58,58,58,58,45,45,41,63,43,75,61,51,51,51,51,31,53,37,37,37,32,32,54,3,25,0,0],"gold":496,"neow_bonus":"TRANSFORM_CARD","is_daily":false,"chose_seed":false,"campfire_upgraded":2,"win_rate":0.0,"timestamp":1608620782,"path_taken":["M","M","$","M","M","R","M","R","T","?","M","E","M","?","R","BOSS","M","M","?","?","$","M","R","M","T","?","?","?","R","M","R","BOSS"],"items_purchased_type":["Card","Card"],"build_version":"2020-12-13","purchased_purges":1,"victory":false,"max_hp_per_floor":[75,75,75,75,75,75,75,75,75,75,75,75,75,75,75,75,75,75,75,75,75,75,75,75,75,75,75,75,75,75,75,75,75,75],"card_choices":[{"not_picked":["Acceleration","OortCloud"],"picked":"WitchLeyline","floor":1},{"not_picked":["GravityBeat","PulseMagic"],"picked":"PowerUp","floor":2},{"not_picked":["CollectingQuirk","DC"],"picked":"LuminesStrike","floor":4},{"not_picked":["LuminesStrike","Acceleration"],"picked":"DarkMatter","floor":5},{"not_picked":["Acceleration","MagicChant"],"picked":"PowerUp","floor":7},{"not_picked":["OrrerysSun","GrandCross"],"picked":"PowerUp","floor":11},{"not_picked":["DeepEcoloBomb","UnstableBomb"],"picked":"SporeBomb","floor":12},{"not_picked":["MysteriousBeam","MeteoricShower","DC"],"picked":"SKIP","floor":13},{"not_picked":["StarBarrage","MysteriousBeam"],"picked":"DoubleSpark","floor":14},{"not_picked":["EscapeVelocity","SuperNova"],"picked":"MaximisePower","floor":16},{"not_picked":["SecondHand","sneckomod:Unknown"],"picked":"Slimebound:Tackle","floor":17},{"not_picked":["TreasureHunter","AbsoluteMagnitude"],"picked":"JA","floor":17},{"not_picked":["expansioncontent:DonusPower","Replay:SS_hec_1"],"picked":"expansioncontent:ChargeUp","floor":17},{"not_picked":["ReplayTheSpireMod:Haul","ReplayTheSpireMod:Book of Names"],"picked":"infinitespire:Starlight","floor":17},{"not_picked":["MachineGunSpark+1","IllusionStar+1"],"picked":"AsteroidBelt+1","floor":18},{"not_picked":["WitchLeyline+1","DragonMeteor"],"picked":"PowerUp","floor":19},{"not_picked":["GalacticHalo","ChargeUpSpray+1"],"picked":"DoubleSpark","floor":23},{"not_picked":["CollectingQuirk","GravityBeat+1"],"picked":"EarthLightRay","floor":25},{"not_picked":["AlicesGift+1","GravityBeat","MysteriousBeam"],"picked":"SKIP","floor":28},{"not_picked":["DC","Singularity+1","ChargeUpSpray"],"picked":"SKIP","floor":31}],"player_experience":150809,"relics_obtained":[{"floor":1,"key":"LetterFromLob"},{"floor":2,"key":"RedMistMask"},{"floor":9,"key":"CaptainsWheel"},{"floor":12,"key":"hubris:MedicalManual"},{"floor":26,"key":"infinitespire:Beetle Shell"}],"event_choices":[{"damage_healed":0,"gold_gain":100,"player_choice":"Pray","damage_taken":0,"max_hp_gain":0,"max_hp_loss":0,"event_name":"Golden Shrine","floor":10,"gold_loss":0},{"cards_removed":["WitchLeyline"],"damage_healed":0,"gold_gain":0,"player_choice":"Purged","damage_taken":0,"max_hp_gain":0,"max_hp_loss":0,"event_name":"Purifier","floor":27,"gold_loss":0},{"damage_healed":0,"gold_gain":99,"player_choice":"Stole From Cult","damage_taken":0,"max_hp_gain":0,"max_hp_loss":0,"event_name":"Nest","floor":29,"gold_loss":0}],"is_beta":false,"boss_relics":[{"not_picked":["aspiration:RitualDagger","Replay:Bronze Core"],"picked":"ReplayTheSpireMod:SealedPack"}],"items_purged_floors":[22],"is_endless":false,"potions_floor_spawned":[7,13,14,16,25,28],"killed_by":"hubris:MusketHawk","ascension_level":0}}