{"host":"BK","time":1608612661,"event":{"mods":["BaseMod","Highlight Path","Minty Spire (QoL Compilation)","StSLib"],"gold_per_floor":[117,117,117,117,117,117,146,146,146,175,185,235,253,269,269,341,341,352,332,344,362,382,382,401,401,401,429,429,429,455,468,468,545,545,557,557,569,569,582,582,609,609,660,660,423,436,470,470,470,470,470],"floor_reached":50,"playtime":1919,"items_purged":["Strike_G"],"score":1371,"play_id":"038e71a7-fe1e-4506-b5b6-461150330983","local_time":"20201221215101","is_ascension_mode":true,"campfire_choices":[{"data":"Poisoned Stab","floor":6.0,"key":"SMITH"},{"data":"Dagger Spray","floor":8.0,"key":"SMITH"},{"data":"Crippling Poison","floor":15.0,"key":"SMITH"},{"floor":23,"key":"REST"},{"floor":25,"key":"REST"},{"floor":29,"key":"REST"},{"floor":32,"key":"REST"},{"floor":40,"key":"REST"},{"floor":42,"key":"DIG"},{"floor":44,"key":"RECALL"},{"floor":49,"key":"DIG"}],"circlet_count":0,"master_deck":["AscendersBane","Strike_G","Strike_G","Strike_G","Strike_G","Defend_G","Defend_G","Defend_G","Defend_G","Defend_G","Survivor","Neutralize","Poisoned Stab+1","Dagger Spray+1","Crippling Poison+1","Leg Sweep","Adrenaline","Catalyst","Catalyst","Catalyst+1","Catalyst+1","PiercingWail+1","Burst+1","Prepared+1","Catalyst+1","Dodge and Roll+1","Backflip+1","Acrobatics+1","Adrenaline+1","Crippling Poison+1"],"relics":["Ring of the Snake","NeowsBlessing","Gremlin Horn","HornCleat","Art of War","Mercury Hourglass","Vajra","Fusion Hammer","Snake Skull","Toxic Egg 2","Shovel","Runic Dome","Kunai","Bronze Scales","Ancient Tea Set","Boot"],"acts_visited":["Exordium","TheCity","TheBeyond"],"potions_floor_usage":[22,22,41,47],"damage_taken":[{"damage":0.0,"enemies":"Cultist","floor":1.0,"turns":1.0},{"damage":0.0,"enemies":"Lagavulin","floor":7.0,"turns":1.0},{"damage":0.0,"enemies":"Gremlin Nob","floor":10.0,"turns":1.0},{"damage":0.0,"enemies":"2 Louse","floor":11.0,"turns":1.0},{"damage":0.0,"enemies":"Small Slimes","floor":13.0,"turns":1.0},{"damage":5.0,"enemies":"Red Slaver","floor":14.0,"turns":3.0},{"damage":16.0,"enemies":"Hexaghost","floor":16.0,"turns":9.0},{"damage":12.0,"enemies":"2 Thieves","floor":18.0,"turns":4.0},{"damage":3.0,"enemies":"3 Byrds","floor":20.0,"turns":3.0},{"damage":23.0,"enemies":"Snake Plant","floor":21.0,"turns":5.0},{"damage":12,"enemies":"Shelled Parasite and Fungi","floor":22,"turns":4},{"damage":0,"enemies":"Cultist and Chosen","floor":24,"turns":5},{"damage":6,"enemies":"Gremlin Leader","floor":27,"turns":3},{"damage":10,"enemies":"Slavers","floor":30,"turns":4},{"damage":7,"enemies":"Centurion and Healer","floor":31,"turns":4},{"damage":22,"enemies":"Champ","floor":33,"turns":4},{"damage":22,"enemies":"Orb Walker","floor":35,"turns":5},{"damage":9,"enemies":"3 Darklings","floor":37,"turns":2},{"damage":9,"enemies":"Jaw Worm Horde","floor":39,"turns":2},{"damage":0,"enemies":"Reptomancer","floor":41,"turns":2},{"damage":1,"enemies":"Sphere and 2 Shapes","floor":46,"turns":5},{"damage":0,"enemies":"Nemesis","floor":47,"turns":3},{"damage":65,"enemies":"Donu and Deca","floor":50,"turns":7}],"seed_played":"-4550348468917280812","potions_obtained":[{"floor":7.0,"key":"Dexterity Potion"},{"floor":11.0,"key":"Block Potion"},{"floor":13.0,"key":"PowerPotion"},{"floor":18.0,"key":"SkillPotion"},{"floor":19.0,"key":"Explosive Potion"},{"floor":20.0,"key":"Block Potion"},{"floor":21.0,"key":"PowerPotion"},{"floor":35,"key":"Weak Potion"},{"floor":39,"key":"Poison Potion"},{"floor":47,"key":"Energy Potion"}],"is_trial":false,"path_per_floor":["M","T","?","?","$","R","E","R","T","E","M","?","M","M","R","B",null,"M","?","M","M","M","R","M","R","T","E","?","R","E","M","R","B",null,"M","?","M","?","M","R","E","R","T","R","$","M","E","?","R","B"],"character_chosen":"THE_SILENT","items_purchased":["Acrobatics+1","Regen Potion","Strength Potion"],"campfire_rested":5,"item_purchase_floors":[45,45,45],"current_hp_per_floor":[59,59,54,54,54,54,54,54,54,54,54,48,48,43,43,27,56,44,44,41,18,6,25,25,44,44,38,20,41,31,24,45,23,59,37,37,28,28,19,40,40,40,40,40,40,39,51,51,51,0,0],"gold":470,"neow_bonus":"THREE_ENEMY_KILL","is_daily":false,"chose_seed":false,"campfire_upgraded":3,"win_rate":0.0,"timestamp":1608612661,"path_taken":["M","?","?","?","$","R","E","R","T","E","M","?","M","?","R","BOSS","M","?","M","M","?","R","M","R","T","E","?","R","E","M","R","BOSS","M","?","?","?","M","R","E","R","T","R","$","M","E","?","R","BOSS"],"items_purchased_type":["Card","Potion","Potion"],"build_version":"2020-12-18","purchased_purges":1,"victory":false,"max_hp_per_floor":[66,66,66,66,66,66,66,66,66,66,66,66,66,66,66,66,66,66,66,66,66,66,66,66,66,66,66,71,71,71,71,71,71,71,71,71,71,71,71,71,71,71,71,71,71,71,71,71,71,71,71],"card_choices":[{"not_picked":["Deadly Poison","Prepared"],"picked":"Poisoned Stab","floor":1.0},{"not_picked":["Acrobatics","Tactician"],"picked":"Dagger Spray","floor":7.0},{"not_picked":["Flechettes","Bane"],"picked":"Crippling Poison","floor":10.0},{"not_picked":["Tactician","Masterful Stab","Dagger Throw"],"picked":"SKIP","floor":11.0},{"not_picked":["Sucker Punch","Distraction"],"picked":"Leg Sweep","floor":13.0},{"not_picked":["Quick Slash","Blade Dance","Poisoned Stab"],"picked":"SKIP","floor":14.0},{"not_picked":["Storm of Steel","Wraith Form v2"],"picked":"Adrenaline","floor":16.0},{"not_picked":["Dagger Throw","Dagger Spray","Underhanded Strike"],"picked":"SKIP","floor":18.0},{"not_picked":["Sucker Punch","Flechettes","Choke"],"picked":"SKIP","floor":20.0},{"not_picked":["Poisoned Stab","Choke"],"picked":"Catalyst","floor":21.0},{"not_picked":["Dagger Throw","PiercingWail"],"picked":"Catalyst","floor":22},{"not_picked":["Quick Slash","Dagger Spray"],"picked":"Catalyst+1","floor":24},{"not_picked":["Bouncing Flask+1","Leg Sweep+1"],"picked":"Catalyst+1","floor":27},{"not_picked":["Dash","Sucker Punch","Poisoned Stab"],"picked":"SKIP","floor":30},{"not_picked":["Concentrate+1","Bane"],"picked":"PiercingWail+1","floor":31},{"not_picked":["Grand Finale","Unload"],"picked":"Burst+1","floor":33},{"not_picked":["Underhanded Strike+1","Dagger Throw"],"picked":"Prepared+1","floor":35},{"not_picked":["Cloak And Dagger+1","Prepared+1"],"picked":"Catalyst+1","floor":37},{"not_picked":["Underhanded Strike","Sucker Punch"],"picked":"Dodge and Roll+1","floor":39},{"not_picked":["Setup+1","Bane"],"picked":"Backflip+1","floor":41},{"not_picked":["Quick Slash","Outmaneuver+1","PiercingWail+1"],"picked":"SKIP","floor":46},{"not_picked":["Well Laid Plans","Flying Knee+1"],"picked":"Adrenaline+1","floor":47}],"player_experience":2392428,"relics_obtained":[{"floor":2.0,"key":"Gremlin Horn"},{"floor":7.0,"key":"Art of War"},{"floor":9.0,"key":"Mercury Hourglass"},{"floor":10.0,"key":"Vajra"},{"floor":26,"key":"Snake Skull"},{"floor":27,"key":"Toxic Egg 2"},{"floor":30,"key":"Shovel"},{"floor":41,"key":"Kunai"},{"floor":42,"key":"Bronze Scales"},{"floor":47,"key":"Ancient Tea Set"},{"floor":49,"key":"Boot"}],"event_choices":[{"damage_healed":0.0,"max_hp_gain":0.0,"max_hp_loss":0.0,"gold_gain":0.0,"event_name":"Scrap Ooze","player_choice":"Success","floor":3.0,"gold_loss":0.0,"damage_taken":5.0,"relics_obtained":["HornCleat"]},{"damage_healed":0.0,"max_hp_gain":0.0,"max_hp_loss":0.0,"gold_gain":0.0,"event_name":"The Cleric","player_choice":"Leave","floor":4.0,"gold_loss":0.0,"damage_taken":0.0},{"damage_healed":0.0,"max_hp_gain":0.0,"max_hp_loss":0.0,"gold_gain":50.0,"event_name":"FaceTrader","player_choice":"Touch","floor":12.0,"gold_loss":0.0,"damage_taken":6.0},{"damage_healed":0.0,"max_hp_gain":0.0,"max_hp_loss":0.0,"gold_gain":0.0,"event_name":"The Woman in Blue","player_choice":"Bought 1 Potion","floor":19.0,"gold_loss":0.0,"damage_taken":0.0},{"damage_healed":0,"gold_gain":0,"player_choice":"Shed Blood","damage_taken":23,"max_hp_gain":5,"max_hp_loss":0,"event_name":"Forgotten Altar","floor":28,"gold_loss":0},{"damage_healed":0,"gold_gain":0,"player_choice":"Ignored","damage_taken":0,"max_hp_gain":0,"max_hp_loss":0,"event_name":"SecretPortal","floor":36,"gold_loss":0},{"damage_healed":0,"gold_gain":0,"player_choice":"Ignored","damage_taken":0,"max_hp_gain":0,"max_hp_loss":0,"event_name":"Mysterious Sphere","floor":38,"gold_loss":0},{"damage_healed":0,"gold_gain":0,"player_choice":"Copied","damage_taken":0,"max_hp_gain":0,"max_hp_loss":0,"event_name":"Duplicator","floor":48,"gold_loss":0,"cards_obtained":["Crippling Poison"]}],"is_beta":true,"boss_relics":[{"not_picked":["WristBlade","Black Star"],"picked":"Fusion Hammer"},{"not_picked":["Sozu","HoveringKite"],"picked":"Runic Dome"}],"items_purged_floors":[45],"is_endless":false,"potions_floor_spawned":[7,11,13,14,18,20,21,35,39,46,47],"killed_by":"Donu and Deca","ascension_level":20}}