{"host":"3ek78t4i81ecmdy1","time":1608603432,"event":{"mods":["2.2 Compatiblity","AchievementEnabler","BaseMod","Colored Map","DeckTracker","Filter the Spire","Keyboard Shortcuts","Minty Spire (QoL Compilation)","Permanent Neow","Quick Restart","SuperFastMode","everything is the same but u backflip on backflip"],"gold_per_floor":[366,3,18,193,209,209,179,193,193,193,209,49,69,69,69,167,167,183,2,2,2,2,36,36,36,36,36,36,61,61,75,75,171,171,182,182,200,215,233,233,233,233],"floor_reached":41,"playtime":1329,"items_purged":["Strike_R","Strike_R"],"score":424,"play_id":"64b1db89-0fce-4c90-8d57-3b72fc9f0219","local_time":"20201222111712","is_ascension_mode":false,"campfire_choices":[{"data":"Rupture","floor":6.0,"key":"SMITH"},{"data":"Fire Breathing","floor":15.0,"key":"SMITH"},{"data":"Brutality","floor":24.0,"key":"SMITH"},{"floor":27.0,"key":"REST"},{"floor":32,"key":"REST"},{"floor":40,"key":"REST"}],"circlet_count":0,"master_deck":["Strike_R","Strike_R","Defend_R","Defend_R","Bash","Ghostly Armor","Dropkick","Doubt","Rupture+1","Flex","Fire Breathing+1","Combust","Disarm","Brutality+1","Wild Strike","Deep Breath","Reckless Charge","Writhe","Disarm+1","Demon Form","Impervious+1","Pommel Strike+1","Heavy Blade+1","Inflame+1","Limit Break","Iron Wave+1"],"relics":["Burning Blood","Du-Vu Doll","Tiny Chest","Letter Opener","Mark of Pain","Pantograph","Ancient Tea Set","Shuriken","Ornamental Fan","Happy Flower","MutagenicStrength","Astrolabe"],"acts_visited":["Exordium","TheCity","TheBeyond"],"potions_floor_usage":[31,31,33,38],"damage_taken":[{"damage":0.0,"enemies":"2 Louse","floor":1.0,"turns":3.0},{"damage":1.0,"enemies":"Small Slimes","floor":3.0,"turns":4.0},{"damage":0.0,"enemies":"Cultist","floor":5.0,"turns":4.0},{"damage":5.0,"enemies":"Looter","floor":7.0,"turns":4.0},{"damage":9.0,"enemies":"Blue Slaver","floor":8.0,"turns":6.0},{"damage":16.0,"enemies":"Large Slime","floor":11.0,"turns":5.0},{"damage":16.0,"enemies":"2 Fungi Beasts","floor":13.0,"turns":4.0},{"damage":40.0,"enemies":"Slime Boss","floor":16.0,"turns":7.0},{"damage":21.0,"enemies":"Spheric Guardian","floor":18.0,"turns":4.0},{"damage":46.0,"enemies":"Slavers","floor":23.0,"turns":4.0},{"damage":22,"enemies":"2 Thieves","floor":31,"turns":4},{"damage":51,"enemies":"Champ","floor":33,"turns":8},{"damage":13,"enemies":"Orb Walker","floor":35,"turns":3},{"damage":23,"enemies":"3 Shapes","floor":37,"turns":5},{"damage":48,"enemies":"Sphere and 2 Shapes","floor":38,"turns":6},{"damage":23,"enemies":"Writhing Mass","floor":39,"turns":5},{"damage":33,"enemies":"Nemesis","floor":41,"turns":2}],"seed_played":"-247836612907625053","potions_obtained":[{"floor":1.0,"key":"Dexterity Potion"},{"floor":3.0,"key":"Dexterity Potion"},{"floor":5.0,"key":"Regen Potion"},{"floor":8.0,"key":"LiquidBronze"},{"floor":13.0,"key":"SpeedPotion"},{"floor":31,"key":"GamblersBrew"},{"floor":33,"key":"BlessingOfTheForge"},{"floor":37,"key":"Regen Potion"}],"is_trial":false,"path_per_floor":["M","$","M","?","M","R","M","M","T","?","M","$","M","?","R","B",null,"M","$","T","?","$","E","R","?","T","R","?","T","?","M","R","B",null,"M","?","M","M","M","R","E"],"character_chosen":"IRONCLAD","items_purchased":["Du-Vu Doll","Combust","Disarm","Deep Breath"],"campfire_rested":3,"item_purchase_floors":[2,12,12,19],"current_hp_per_floor":[72,72,72,72,72,72,72,69,69,69,59,59,49,46,46,12,72,57,57,57,57,57,17,17,17,17,38,25,25,25,9,32,12,77,70,70,53,25,8,31,0,0],"gold":233,"neow_bonus":"TWO_FIFTY_GOLD","is_daily":false,"chose_seed":false,"campfire_upgraded":3,"win_rate":0.0,"timestamp":1608603432,"path_taken":["M","$","M","?","M","R","M","M","T","?","?","$","M","?","R","BOSS","M","$","?","?","$","E","R","?","T","R","?","?","?","M","R","BOSS","M","?","M","?","M","R","E"],"items_purchased_type":["Relic","Card","Card","Card"],"build_version":"2020-12-13","purchased_purges":2,"victory":false,"max_hp_per_floor":[72,72,72,72,72,72,72,72,72,72,72,72,72,72,72,72,72,72,72,72,72,72,72,72,72,72,72,77,77,77,77,77,77,77,77,77,77,77,77,77,77,77],"card_choices":[{"not_picked":["Uppercut","Perfected Strike"],"picked":"Ghostly Armor","floor":1.0},{"not_picked":["Blood for Blood","Sword Boomerang"],"picked":"Dropkick","floor":3.0},{"not_picked":["Whirlwind","Fire Breathing"],"picked":"Rupture","floor":5.0},{"not_picked":["Fire Breathing","Thunderclap"],"picked":"Flex","floor":7.0},{"not_picked":["Clash","Anger"],"picked":"Fire Breathing","floor":8.0},{"not_picked":["Shrug It Off","Berserk","Anger"],"picked":"SKIP","floor":11.0},{"not_picked":["Anger","Pommel Strike","True Grit"],"picked":"SKIP","floor":13.0},{"not_picked":["Juggernaut","Offering"],"picked":"Brutality","floor":16.0},{"not_picked":["True Grit","Armaments"],"picked":"Wild Strike","floor":18.0},{"not_picked":["Rage","Uppercut+1"],"picked":"Reckless Charge","floor":23.0},{"not_picked":["Headbutt","Flex"],"picked":"Disarm+1","floor":31},{"not_picked":["Double Tap","Limit Break"],"picked":"Demon Form","floor":33},{"not_picked":["Havoc","Flex"],"picked":"Inflame+1","floor":35},{"not_picked":["Warcry","Perfected Strike","Feel No Pain"],"picked":"SKIP","floor":37},{"not_picked":["Rage","Twin Strike+1"],"picked":"Limit Break","floor":38},{"not_picked":["Clothesline","Heavy Blade"],"picked":"Iron Wave+1","floor":39}],"player_experience":18243,"relics_obtained":[{"floor":9.0,"key":"Tiny Chest"},{"floor":20.0,"key":"Pantograph"},{"floor":23.0,"key":"Ancient Tea Set"},{"floor":26.0,"key":"Ornamental Fan"},{"floor":29.0,"key":"Happy Flower"}],"event_choices":[{"damage_healed":0.0,"max_hp_gain":0.0,"max_hp_loss":0.0,"gold_gain":175.0,"event_name":"Liars Game","player_choice":"AGREE","floor":4.0,"gold_loss":0.0,"damage_taken":0.0,"cards_obtained":["Doubt"]},{"damage_healed":0.0,"max_hp_gain":0.0,"max_hp_loss":0.0,"gold_gain":0.0,"event_name":"Lab","player_choice":"Got Potions","floor":10.0,"gold_loss":0.0,"damage_taken":0.0},{"damage_healed":0.0,"max_hp_gain":0.0,"max_hp_loss":0.0,"gold_gain":0.0,"event_name":"Scrap Ooze","player_choice":"Success","floor":14.0,"gold_loss":0.0,"damage_taken":3.0,"relics_obtained":["Letter Opener"]},{"damage_healed":0.0,"max_hp_gain":0.0,"max_hp_loss":0.0,"gold_gain":0.0,"event_name":"Vampires","player_choice":"Ignored","floor":21.0,"gold_loss":0.0,"damage_taken":0.0},{"damage_healed":0.0,"max_hp_gain":0.0,"max_hp_loss":0.0,"gold_gain":0.0,"event_name":"The Mausoleum","player_choice":"Opened","floor":25.0,"gold_loss":0.0,"damage_taken":0.0,"relics_obtained":["Shuriken"],"cards_obtained":["Writhe"]},{"damage_healed":0.0,"max_hp_gain":5.0,"max_hp_loss":0.0,"gold_gain":0.0,"event_name":"Forgotten Altar","player_choice":"Shed Blood","floor":28.0,"gold_loss":0.0,"damage_taken":18.0},{"damage_healed":0.0,"max_hp_gain":0.0,"max_hp_loss":0.0,"gold_gain":0.0,"event_name":"Drug Dealer","player_choice":"Inject Mutagens","floor":30.0,"gold_loss":0.0,"damage_taken":0.0,"relics_obtained":["MutagenicStrength"]},{"damage_healed":0,"gold_gain":0,"player_choice":"Ignored","damage_taken":0,"max_hp_gain":0,"max_hp_loss":0,"event_name":"Fountain of Cleansing","floor":36,"gold_loss":0}],"is_beta":false,"boss_relics":[{"not_picked":["Pandora\u0027s Box","Tiny House"],"picked":"Mark of Pain"},{"not_picked":["SacredBark","Runic Dome"],"picked":"Astrolabe"}],"items_purged_floors":[2,19],"is_endless":false,"potions_floor_spawned":[1,3,5,8,13,31,33,37],"killed_by":"Nemesis","ascension_level":0}}