{"host":"sbc312dehzkmua2p","time":1608612296,"event":{"mods":["Act Like it!","Aspiration","Bard","BaseMod","Beaked The Cultist","CatGirl Mod","Conspire","Downfall","Friendly Minions","Gensokyo","Hermit","Hubris","Infinite Spire","Jorbs\u0027s Wanderer Trilogy","Kiyohime????","Koishi","Lobotomy","Marisa????????","Minty Spire (QoL Compilation)","Quick Restart","READ ME - Guardian Mod","Reimu??????","Replay The Spire","StSLib","The Construct","The Disciple","The Druid","The Factory","The Gatherer","The Hierophant","The Judge","The Jungle","The Mystic","The Necromancer","The Runesmith","The Senshi","The Servant 0.9.4","TheBandit","thorton"],"gold_per_floor":[119,119,130,4,16,16,16,94,94,94,110,58,139,155,155,253,353,367,377,395,55,145,160,110,110,110,110,134,134,134,146,176,136,136,238,338,349,349,349],"floor_reached":38,"playtime":2591,"items_purged":["Languid"],"score":452,"play_id":"98a9c3da-0325-4957-98ca-c09f9dbee7fe","local_time":"20201221224456","is_ascension_mode":false,"campfire_choices":[{"floor":6,"key":"RECALL"},{"data":"Gathering:ReiMu","floor":10,"key":"SMITH"},{"floor":15,"key":"REST"},{"floor":25,"key":"REST"},{"data":"RunawayExorcism:ReiMu","floor":25,"key":"SMITH"},{"floor":29,"key":"REST"},{"data":"KamiRite:ReiMu","floor":29,"key":"SMITH"},{"floor":34,"key":"REST"},{"data":"PrayRite:ReiMu","floor":34,"key":"SMITH"}],"circlet_count":0,"master_deck":["Gathering:ReiMu+1","TightArray:ReiMu+1","Voices","FantasyMoon:ReiMu","CardOfSanctity:ReiMu","PrepareRite:ReiMu","LovePray:ReiMu+1","YinYangSign:ReiMu","PrayRite:ReiMu+1","PrayRite:ReiMu+1","RunawayExorcism:ReiMu+1","InherentArray:ReiMu","CleanRite:ReiMu","SpreadBorder2:ReiMu","Authority:ReiMu","SpringWay:ReiMu","KyokaiOfKami:ReiMu","LovePray:ReiMu+1","Conquer:ReiMu","Gensokyo:TurboGranny","ReplayTheSpireMod:Splinters","KamiRite:ReiMu+1","AirStrike:ReiMu","NineCharacters:ReiMu","KamiSacrifice:ReiMu+1","CardOfSanctity:ReiMu","OctopathBindingBorder2:ReiMu+1","SubAcupoint:ReiMu+1","SpreadBorder2:ReiMu+1","Gensokyo:ImpossibleRequest","WordoMod:Petrified","AlertArray:ReiMu"],"relics":["FlyPower:ReiMu","hubris:CuriousFeather","Gensokyo:Justice","ReplayTheSpireMod:Ring of Addiction","Toy Ornithopter","SacredBark","Ring of Hypnosis","hubris:MobiusCoin","infinitespire:Magic Flask","Counterbalance","Pandora\u0027s Box","Toolbox","Lantern","Vajra","conspire:RoyalGoblet","infinitespire:Satchel","Replay:Grab Bag","hubris:RunicObelisk","beaked:SacredNecklace","Astrolabe","Kintsugi"],"acts_visited":["Gensokyo:Gensokyo","Gensokyo:Gensokyoer","Gensokyo:Gensokyoest"],"potions_floor_usage":[8,11,16,16,20,23,31],"damage_taken":[{"damage":13,"enemies":"Gensokyo:Python","floor":1,"turns":7},{"damage":2,"enemies":"Gensokyo:2_Kodama","floor":3,"turns":2},{"damage":1,"enemies":"Gensokyo:3_Fairies","floor":5,"turns":4},{"damage":0,"enemies":"Gensokyo:Cirno","floor":8,"turns":5},{"damage":5,"enemies":"Gensokyo:2_Rabbits","floor":11,"turns":5},{"damage":15,"enemies":"Gensokyo:Aya","floor":13,"turns":7},{"damage":0,"enemies":"Gensokyo:Kitsune","floor":14,"turns":1},{"damage":7,"enemies":"Gensokyo:Kokoro","floor":16,"turns":9},{"damage":1,"enemies":"Gensokyo:Chomper","floor":18,"turns":6},{"damage":42,"enemies":"Gensokyo:3_Dogs","floor":19,"turns":8},{"damage":12,"enemies":"Gensokyo:Wraith","floor":20,"turns":4},{"damage":0,"enemies":"Gensokyo:3_Gloops","floor":23,"turns":4},{"damage":26,"enemies":"Gensokyo:Swordslinger","floor":31,"turns":3},{"damage":18,"enemies":"Gensokyo:Tenshi","floor":32,"turns":4},{"damage":20,"enemies":"Gensokyo:Eiki","floor":35,"turns":7},{"damage":39,"enemies":"Gensokyo:3_Boulders","floor":37,"turns":6},{"damage":29,"enemies":"Gensokyo:AncientGuardian","floor":38,"turns":3}],"seed_played":"5480599635905515936","potions_obtained":[{"floor":1,"key":"DistilledChaos"},{"floor":3,"key":"DuplicationPotion"},{"floor":5,"key":"Fire Potion"},{"floor":7,"key":"Energy Potion"},{"floor":8,"key":"Venom Potion"},{"floor":19,"key":"SkillPotion"},{"floor":22,"key":"Flashbang"},{"floor":23,"key":"LiquidBronze"}],"is_trial":false,"path_per_floor":["M","?","M","COS","M","R","?","E","T","R","M","$","E","M","R","B",null,"M","M","M","COS","?","M","?","R","PTL","PTL","T","R","AVR","M","E","?","R","B",null,"M","M"],"character_chosen":"REIMU","items_purchased":["LovePray:ReiMu+1"],"campfire_rested":4,"item_purchase_floors":[12],"current_hp_per_floor":[52,52,50,50,49,49,49,54,54,54,54,54,39,39,57,60,63,62,20,13,13,13,18,25,45,45,45,45,64,64,43,33,33,52,32,62,23,0,0],"gold":349,"neow_bonus":"ONE_RARE_RELIC","is_daily":false,"chose_seed":false,"campfire_upgraded":4,"win_rate":0.0,"timestamp":1608612296,"path_taken":["M","?","M","COS","M","R","?","E","T","R","M","$","E","M","R","BOSS","M","?","M","COS","?","M","?","R","PTL","PTL","T","R","AVR","M","E","?","R","BOSS","M","M"],"items_purchased_type":["Card"],"build_version":"2020-12-13","purchased_purges":1,"victory":false,"max_hp_per_floor":[65,65,65,65,65,65,65,65,65,65,65,65,65,65,63,63,63,63,63,61,61,61,61,68,68,68,66,66,66,64,64,64,64,64,62,62,62,60,60],"card_choices":[{"not_picked":["PrepareRite:ReiMu","NineCharacters:ReiMu"],"picked":"Conquer:ReiMu","floor":1},{"not_picked":["TightArray:ReiMu","WonderfulDomain:ReiMu"],"picked":"Gathering:ReiMu","floor":3},{"not_picked":["Enchanting:ReiMu+1","AirStrike:ReiMu+1"],"picked":"TightArray:ReiMu+1","floor":5},{"not_picked":["Crusade:ReiMu","Meditation:ReiMu"],"picked":"SafetyPray:ReiMu","floor":5},{"not_picked":["UpKicking:ReiMu","TightArray:ReiMu"],"picked":"FantasyMoon:ReiMu","floor":8},{"not_picked":["CeremonyResonance:ReiMu","HakureiPhantom:ReiMu"],"picked":"CardOfSanctity:ReiMu","floor":11},{"not_picked":["SpiritualOutbreak2:ReiMu","TakeOff:ReiMu"],"picked":"PrepareRite:ReiMu","floor":11},{"not_picked":["BarrageOfMoneybags:ReiMu","Dreaming2:ReiMu"],"picked":"YinYangSign:ReiMu","floor":13},{"not_picked":["SubAcupoint:ReiMu","TightArray:ReiMu"],"picked":"OrbThrow:ReiMu","floor":14},{"not_picked":["OctopathSalyBorderN:ReiMu","Free:ReiMu"],"picked":"PrayRite:ReiMu","floor":16},{"not_picked":["AlertArray:ReiMu","SafetyPray:ReiMu"],"picked":"OrbThrow:ReiMu","floor":18},{"not_picked":["AlertArray:ReiMu+1","SpreadBorder2:ReiMu"],"picked":"LovePray:ReiMu+1","floor":19},{"not_picked":["Enchanting:ReiMu","TightArray:ReiMu"],"picked":"Conquer:ReiMu","floor":20},{"not_picked":["WonderfulDomain:ReiMu","Gathering:ReiMu"],"picked":"KamiRite:ReiMu","floor":22},{"not_picked":["Intuition:ReiMu","OrbThrow:ReiMu"],"picked":"AirStrike:ReiMu","floor":22},{"not_picked":["OrbThrow:ReiMu","Intuition:ReiMu+1"],"picked":"NineCharacters:ReiMu","floor":23},{"not_picked":["RainPray2:ReiMu","Conquer:ReiMu"],"picked":"KamiSacrifice:ReiMu+1","floor":31},{"not_picked":["ManaGlint:ReiMu","UpKicking:ReiMu"],"picked":"EmergencyTakeOff:ReiMu","floor":32},{"not_picked":["DependentForm:ReiMu","Shading:ReiMu"],"picked":"CardOfSanctity:ReiMu","floor":35},{"not_picked":["ForcedLanding:ReiMu","TakeOff:ReiMu"],"picked":"AlertArray:ReiMu","floor":37}],"player_experience":834361,"relics_obtained":[{"floor":7,"key":"ReplayTheSpireMod:Ring of Addiction"},{"floor":7,"key":"Toy Ornithopter"},{"floor":7,"key":"SacredBark"},{"floor":7,"key":"Ring of Hypnosis"},{"floor":8,"key":"hubris:MobiusCoin"},{"floor":13,"key":"Counterbalance"},{"floor":22,"key":"Lantern"},{"floor":28,"key":"Vajra"},{"floor":32,"key":"infinitespire:Satchel"}],"event_choices":[],"is_beta":false,"boss_relics":[{"not_picked":["Philosopher\u0027s Stone","conspire:SeveredTorchhead"],"picked":"Pandora\u0027s Box"},{"not_picked":["Sozu","ShineYinYang:ReiMu"],"picked":"Replay:Grab Bag"},{"not_picked":["Fusion Hammer","hubris:CrackedHourglass"],"picked":"hubris:RunicObelisk"},{"not_picked":["Runesmith:UraniumAnvil","conspire:SlowCooker"],"picked":"beaked:SacredNecklace"},{"not_picked":["Runic Pyramid","beaked:SacredDeck"],"picked":"Astrolabe"},{"not_picked":["RedLine:ReiMu","theSenshi:MoonKaleidoScopeRelic"],"picked":"Kintsugi"}],"items_purged_floors":[30],"is_endless":false,"potions_floor_spawned":[1,3,5,8,19,23],"killed_by":"Gensokyo:AncientGuardian","ascension_level":0}}