{"host":"63o2iqaaus9jfjk5","time":1608606621,"event":{"mods":["AchievementEnabler","BaseMod","Better Altar","Better Match","Better Note","Better Sensory Stone","Better Skull","Better Third Choice","Better-Laid Plans","Displayed Cursed Tome","Downfall","Lobotomy","Minty Spire (QoL Compilation)","RNG Fix","Replay The Spire","StSLib"],"gold_per_floor":[99,115,320,334,40,52,79,79,98,135,157,157,181,208,231,339,339,339,339,354,354,384,506,554,1,1,1,1,0,15,46,81,87,87],"floor_reached":33,"playtime":3225,"items_purged":[],"score":391,"play_id":"ec5bd602-d326-4fd2-9172-bb68266137e6","local_time":"20201221211021","is_ascension_mode":false,"campfire_choices":[{"data":"sneckomod:Unknown","floor":1,"key":"SMITH"},{"floor":12,"key":"REST"},{"data":"sneckomod:SerpentIdol","floor":18,"key":"SMITH"},{"floor":26,"key":"REST"},{"data":"sneckomod:WideSting","floor":28,"key":"SMITH"}],"circlet_count":0,"master_deck":["sneckomod:Strike","sneckomod:Strike","sneckomod:Strike","sneckomod:Defend","sneckomod:Defend","sneckomod:Defend","sneckomod:TailWhip","sneckomod:SnekBite","sneckomod:Unknown+1","sneckomod:Unknown","sneckomod:UnknownBlock","sneckomod:SerpentIdol+1","sneckomod:UnknownClassAngela","sneckomod:SerpentIdol+1","sneckomod:UnknownUncommonAttack","sneckomod:ImprovisedGuard","sneckomod:WideSting","sneckomod:DiceCrush","sneckomod:QuickMove","sneckomod:QuickBite","sneckomod:WideSting+1","sneckomod:SerpentMind+1","sneckomod:UnknownUncommonPower+1","sneckomod:UnknownClassGREEN+1","expansioncontent:Corrupt+1","sneckomod:RainOfDice+1","sneckomod:Mudshield+1","sneckomod:UnknownX","sneckomod:RainOfDice","Parasite","SpAim","expansioncontent:DarkVoid","sneckomod:SoulRoll+1","sneckomod:UnknownBlock+1","sneckomod:CheapStock+1","expansioncontent:QuickStudy+1","sneckomod:Nope","sneckomod:SnakeSap","sneckomod:Restock","sneckomod:UnknownWeak+1","sneckomod:SoulCleanse","sneckomod:Unknown1Cost"],"relics":["sneckomod:SneckoSoul","Frozen Egg 2","Replay:Bandana","Replay:Rubber Ducky","SlaversCollar","downfall:GremlinSack","Happy Flower","Guide Book","Dream Catcher"],"acts_visited":["Exordium","TheCity"],"potions_floor_usage":[13,16,16,16,31],"damage_taken":[{"damage":0,"enemies":"2 Louse","floor":2,"turns":2},{"damage":15,"enemies":"Small Slimes","floor":4,"turns":4},{"damage":0,"enemies":"downfall:FleeingMerchant","floor":5,"turns":4},{"damage":11,"enemies":"Jaw Worm","floor":6,"turns":5},{"damage":8,"enemies":"Exordium Wildlife","floor":9,"turns":4},{"damage":1,"enemies":"Exordium Thugs","floor":10,"turns":4},{"damage":1,"enemies":"2 Fungi Beasts","floor":11,"turns":4},{"damage":0,"enemies":"Lots of Slimes","floor":13,"turns":1},{"damage":0,"enemies":"Exordium Wildlife","floor":15,"turns":1},{"damage":18,"enemies":"downfall:Watcher","floor":16,"turns":5},{"damage":0,"enemies":"Chosen","floor":19,"turns":1},{"damage":0,"enemies":"Snecko","floor":20,"turns":5},{"damage":19,"enemies":"Sentry and Sphere","floor":22,"turns":3},{"damage":11,"enemies":"Sentry and Sphere","floor":23,"turns":4},{"damage":1,"enemies":"downfall:FleeingMerchant","floor":25,"turns":4},{"damage":9,"enemies":"downfall:FleeingMerchant","floor":29,"turns":4},{"damage":46,"enemies":"Shelled Parasite and Fungi","floor":30,"turns":5},{"damage":10,"enemies":"Snake Plant","floor":31,"turns":7},{"damage":18,"enemies":"Centurion and Healer","floor":32,"turns":6},{"damage":27,"enemies":"downfall:Silent","floor":33,"turns":4}],"seed_played":"3556482063999176767","potions_obtained":[{"floor":2,"key":"PowerPotion"},{"floor":10,"key":"champ:CounterPotion"},{"floor":11,"key":"Explosive Potion"},{"floor":15,"key":"Languid Potion"},{"floor":22,"key":"Elixir"},{"floor":30,"key":"SkillPotion"},{"floor":31,"key":"Death Potion"}],"is_trial":false,"path_per_floor":["R","M","?","M","$","M","T","?","M","M","M","R","M","T","M","B",null,"R","M","M","?","M","?","T","$","R","?","R","$","M","M","M","B"],"character_chosen":"THE_SNECKO","items_purchased":["Frozen Egg 2","sneckomod:UnknownUncommonAttack","sneckomod:CheapStock+1","expansioncontent:QuickStudy","Guide Book","Dream Catcher","sneckomod:Nope"],"campfire_rested":2,"item_purchase_floors":[5,5,25,25,25,25,25],"current_hp_per_floor":[99,100,60,46,47,36,36,36,28,27,26,56,56,56,56,42,102,102,103,104,104,85,77,77,79,106,106,106,97,52,42,25,0,0],"gold":87,"neow_bonus":"TEN_PERCENT_HP_BONUS","is_daily":false,"chose_seed":false,"campfire_upgraded":3,"win_rate":0.0,"timestamp":1608606621,"path_taken":["R","M","?","?","$","M","T","?","M","M","M","R","M","?","M","BOSS","R","M","?","?","M","?","T","$","R","?","R","$","M","M","M","BOSS"],"items_purchased_type":["Relic","Card","Card","Card","Relic","Relic","Card"],"build_version":"2020-12-13","purchased_purges":0,"victory":false,"max_hp_per_floor":[99,100,100,101,102,102,102,102,102,102,102,102,102,102,102,102,102,102,103,104,104,104,105,105,106,106,106,106,106,107,107,108,108,108],"card_choices":[{"not_picked":["sneckomod:UnknownClassSLIMEBOUND","sneckomod:DiceBlock"],"picked":"sneckomod:UnknownBlock","floor":2},{"not_picked":["sneckomod:ImprovisedGuard","sneckomod:SnakeSap"],"picked":"sneckomod:SerpentIdol","floor":3},{"not_picked":["sneckomod:MasterEye","sneckomod:UnknownClassRED"],"picked":"sneckomod:UnknownClassAngela","floor":4},{"not_picked":["sneckomod:UnknownExhaust","sneckomod:UnknownClassGUARDIAN"],"picked":"sneckomod:SerpentIdol","floor":5},{"not_picked":["sneckomod:UnknownBlock","sneckomod:UnknownExhaust"],"picked":"sneckomod:ImprovisedGuard","floor":6},{"not_picked":["sneckomod:DiceBoulder","sneckomod:UnknownBlock"],"picked":"sneckomod:WideSting","floor":9},{"not_picked":["sneckomod:SnekBeam","sneckomod:UnknownBlock"],"picked":"sneckomod:DiceCrush","floor":10},{"not_picked":["sneckomod:UnknownWeak","sneckomod:ImprovisedAttack"],"picked":"sneckomod:QuickMove","floor":11},{"not_picked":["sneckomod:DiceBlock","sneckomod:UnknownClassGREEN"],"picked":"sneckomod:QuickBite","floor":13},{"not_picked":["sneckomod:UnknownRareAttack","sneckomod:UnknownClassHEXA_GHOST_PURPLE"],"picked":"sneckomod:WideSting","floor":15},{"not_picked":["sneckomod:SoulExchange","sneckomod:Unknown3Cost"],"picked":"sneckomod:SerpentMind+1","floor":16},{"not_picked":["sneckomod:UnknownCommonSkill","sneckomod:DiceBlock+1"],"picked":"sneckomod:UnknownUncommonPower+1","floor":19},{"not_picked":["sneckomod:DefensiveFlair","sneckomod:QuickMove"],"picked":"sneckomod:UnknownClassGREEN+1","floor":20},{"not_picked":["sneckomod:UnknownExhaust","sneckomod:SoulDraw"],"picked":"sneckomod:RainOfDice+1","floor":22},{"not_picked":["sneckomod:QuickBite+1","sneckomod:ImprovisedAttack"],"picked":"sneckomod:SoulRoll+1","floor":23},{"not_picked":["sneckomod:UnknownClassTHE_CHAMP_GRAY","sneckomod:UnknownClassHEXA_GHOST_PURPLE"],"picked":"sneckomod:UnknownBlock+1","floor":25},{"not_picked":["sneckomod:Unknown1Cost","sneckomod:QuickMove"],"picked":"sneckomod:SnakeSap","floor":26},{"not_picked":["sneckomod:QuickMove","sneckomod:Nope"],"picked":"sneckomod:Restock","floor":29},{"not_picked":["sneckomod:SnekBeam","sneckomod:RainOfDice"],"picked":"sneckomod:UnknownWeak+1","floor":30},{"not_picked":["sneckomod:UnknownCommonSkill","sneckomod:UnknownClassPURPLE+1"],"picked":"sneckomod:SoulCleanse","floor":31},{"not_picked":["sneckomod:UnknownBlock","sneckomod:UnknownWeak"],"picked":"sneckomod:Unknown1Cost","floor":32}],"player_experience":105761,"relics_obtained":[{"floor":7,"key":"Replay:Bandana"},{"floor":14,"key":"Replay:Rubber Ducky"},{"floor":23,"key":"downfall:GremlinSack"},{"floor":24,"key":"Happy Flower"}],"event_choices":[{"cards_removed":["sneckomod:UnknownUncommonPower"],"damage_healed":0,"gold_gain":0,"player_choice":"Take \u0026 Give","damage_taken":0,"max_hp_gain":0,"max_hp_loss":0,"event_name":"betterNote:BetterNote","floor":21,"gold_loss":0,"cards_obtained":["expansioncontent:Corrupt"]}],"is_beta":false,"boss_relics":[{"not_picked":["Sozu","Busted Crown"],"picked":"SlaversCollar"}],"items_purged_floors":[],"is_endless":false,"potions_floor_spawned":[2,10,11,15,22,30,31],"killed_by":"downfall:Silent","ascension_level":0}}