{"host":"5qewjvycy34u7aeo","time":1608662995,"event":{"mods":["Act Like it!","Aspiration","BaseMod","Conspire","Downfall","GifTheSpireLib","Hubris","Infinite Spire","Minty Spire (QoL Compilation)","Permanent Neow","Replay The Spire","Shop Mod","StSLib","Stuff the Spire"],"gold_per_floor":[99,109,121,133,149,149,219,65,90,104,29,62,75,107,123,123,123,123],"floor_reached":16,"playtime":1416,"items_purged":[],"score":164,"play_id":"c7a67112-cad9-419a-94e4-b651a1ac3581","local_time":"20201222104955","is_ascension_mode":true,"campfire_choices":[{"floor":6,"key":"RECALL"},{"floor":11,"key":"REST"}],"circlet_count":0,"master_deck":["Guardian:Strike_Guardian","Guardian:Strike_Guardian","Guardian:Strike_Guardian","Guardian:Strike_Guardian","Guardian:Defend_Guardian","Guardian:Defend_Guardian","Guardian:Defend_Guardian","Guardian:Defend_Guardian","Guardian:CurlUp","Guardian:TwinSlam","Guardian:ExploitGems","Regret","Guardian:ShieldCharger","Guardian:Reroute","Guardian:Suspension","Guardian:RevengeProtocol","Guardian:Gem_Fragmented"],"relics":["Guardian:ModeShifter","StuffTheSpire:GrapeVine","hubris:MysteriousPyramids","downfall:HeartBlessingRed","StuffTheSpire:Barrel","Anchor"],"acts_visited":["Exordium"],"potions_floor_usage":[12,14],"damage_taken":[{"damage":8,"enemies":"Jaw Worm","floor":2,"turns":4},{"damage":2,"enemies":"2 Louse","floor":3,"turns":3},{"damage":3,"enemies":"Cultist","floor":4,"turns":4},{"damage":2,"enemies":"Blue Slaver","floor":5,"turns":6},{"damage":14,"enemies":"downfall:FleeingMerchant","floor":8,"turns":4},{"damage":25,"enemies":"3 Sentries","floor":9,"turns":12},{"damage":12,"enemies":"Red Slaver","floor":10,"turns":5},{"damage":3,"enemies":"Lagavulin","floor":12,"turns":6},{"damage":13,"enemies":"Exordium Thugs","floor":13,"turns":4},{"damage":10,"enemies":"3 Sentries","floor":14,"turns":8},{"damage":2,"enemies":"Large Slime","floor":15,"turns":5},{"damage":14,"enemies":"downfall:Watcher","floor":16,"turns":5}],"seed_played":"-2286482513911571464","potions_obtained":[{"floor":2,"key":"champ:CounterPotion"},{"floor":5,"key":"Dexterity Potion"},{"floor":9,"key":"Swift Potion"},{"floor":15,"key":"SteroidPotion"}],"is_trial":false,"path_per_floor":["R","M","M","M","M","R","T","$","E","M","R","E","M","E","M","B"],"character_chosen":"GUARDIAN","items_purchased":["Guardian:Gem_Orange"],"campfire_rested":1,"item_purchase_floors":[8],"current_hp_per_floor":[80,72,70,67,65,65,65,51,26,14,38,35,22,12,10,0,0,0],"gold":123,"neow_bonus":"ONE_RANDOM_RARE_CARD","is_daily":false,"chose_seed":false,"campfire_upgraded":0,"win_rate":0.0,"timestamp":1608662995,"path_taken":["R","M","M","M","M","R","T","$","E","M","R","E","M","E","M","BOSS"],"items_purchased_type":["Card"],"build_version":"2020-12-13","purchased_purges":0,"victory":false,"max_hp_per_floor":[80,80,80,80,80,80,80,80,80,80,80,80,80,80,80,80,80,80],"card_choices":[{"not_picked":["Guardian:BronzeOrb","Guardian:DonusPower"],"picked":"Guardian:ShieldCharger","floor":2},{"not_picked":["Guardian:VentSteam","Guardian:Gem_Lightblue","Guardian:DecasProtection"],"picked":"SKIP","floor":3},{"not_picked":["Guardian:Recover","Guardian:ArmoredProtocol"],"picked":"Guardian:Gem_Cyan","floor":4},{"not_picked":["Guardian:ArmoredProtocol","Guardian:CrystalBeam","Guardian:BronzeOrb"],"picked":"SKIP","floor":5},{"not_picked":["Guardian:Reroute","Guardian:FloatingOrbs"],"picked":"Guardian:Gem_Purple","floor":8},{"not_picked":["Guardian:GuardianWhirl","Guardian:AncientConstruct"],"picked":"Guardian:Gem_Red","floor":9},{"not_picked":["Guardian:Recover","Guardian:TemporalStrike"],"picked":"Guardian:Reroute","floor":10},{"not_picked":["Guardian:Gem_Purple","Guardian:Planning"],"picked":"Guardian:Suspension","floor":12},{"not_picked":["Guardian:Preprogram","Guardian:ChargeCore","Guardian:SentryBeam"],"picked":"SKIP","floor":13},{"not_picked":["Guardian:RollAttack","Guardian:EvasiveProtocol"],"picked":"Guardian:RevengeProtocol","floor":14},{"not_picked":["Guardian:TimeCapacitor","Guardian:Gem_Crimson"],"picked":"Guardian:Gem_Fragmented","floor":15}],"player_experience":396084,"relics_obtained":[{"floor":9,"key":"hubris:MysteriousPyramids"},{"floor":12,"key":"StuffTheSpire:Barrel"},{"floor":14,"key":"Anchor"}],"event_choices":[{"damage_healed":0,"gold_gain":0,"player_choice":"Box","damage_taken":0,"relics_obtained":["StuffTheSpire:GrapeVine"],"max_hp_gain":0,"max_hp_loss":0,"event_name":"Big Fish","floor":1,"gold_loss":0,"cards_obtained":["Regret"]}],"is_beta":false,"boss_relics":[],"items_purged_floors":[],"is_endless":false,"potions_floor_spawned":[2,5,9,15],"killed_by":"downfall:Watcher","ascension_level":2}}