{"host":"sa7ebub27cgn5wai","time":1608633631,"event":{"mods":["BaseMod","Colored Map","Minty Spire (QoL Compilation)","SuperFastMode"],"gold_per_floor":[119,139,139,162,187,187,187,187,210,210,243,266,39,62,62,190,190,187,202,30,30,30,30,30],"floor_reached":23,"playtime":464,"items_purged":["Strike_G","Strike_G"],"score":256,"play_id":"36c503c5-b1a6-4e69-b05c-01383d1f4ea3","local_time":"20201222194031","is_ascension_mode":true,"campfire_choices":[{"data":"Poisoned Stab","floor":6,"key":"SMITH"},{"data":"Backstab","floor":8,"key":"SMITH"},{"data":"Flying Knee","floor":10,"key":"SMITH"},{"floor":15,"key":"REST"}],"circlet_count":0,"master_deck":["Strike_G","Defend_G","Defend_G","Defend_G","Defend_G","Defend_G","Survivor","Neutralize","Madness","Backstab+1","Flying Knee+1","Poisoned Stab+1","Footwork","Poisoned Stab","Deadly Poison","Bane","Envenom","Bane+1","Footwork"],"relics":["Ring of the Snake","Golden Idol","CeramicFish","Juzu Bracelet","Happy Flower","Empty Cage"],"acts_visited":["Exordium","TheCity"],"potions_floor_usage":[16,16,16],"damage_taken":[{"damage":3,"enemies":"Cultist","floor":1,"turns":4},{"damage":0,"enemies":"Small Slimes","floor":2,"turns":4},{"damage":0,"enemies":"2 Louse","floor":4,"turns":3},{"damage":3,"enemies":"Looter","floor":5,"turns":3},{"damage":0,"enemies":"3 Louse","floor":11,"turns":3},{"damage":12,"enemies":"Exordium Thugs","floor":12,"turns":4},{"damage":4,"enemies":"Lots of Slimes","floor":14,"turns":4},{"damage":38,"enemies":"Slime Boss","floor":16,"turns":10},{"damage":13,"enemies":"2 Thieves","floor":18,"turns":4},{"damage":19,"enemies":"Shell Parasite","floor":19,"turns":4},{"damage":15,"enemies":"Gremlin Leader","floor":23,"turns":2}],"seed_played":"-7789891868006946092","potions_obtained":[{"floor":4,"key":"Swift Potion"},{"floor":11,"key":"Swift Potion"},{"floor":14,"key":"Poison Potion"},{"floor":18,"key":"SteroidPotion"}],"is_trial":false,"path_per_floor":["M","M","?","M","M","R","?","R","T","R","M","M","$","M","R","B",null,"M","M","$","?","$","E"],"character_chosen":"THE_SILENT","items_purchased":["Happy Flower","Footwork"],"campfire_rested":1,"item_purchase_floors":[13,20],"current_hp_per_floor":[60,60,43,43,40,40,37,37,37,37,37,25,25,21,42,4,54,41,22,22,45,45,30,30],"gold":30,"neow_bonus":"RANDOM_COLORLESS","is_daily":false,"chose_seed":false,"campfire_upgraded":3,"win_rate":0.0,"timestamp":1608633631,"path_taken":["M","M","?","M","M","R","?","R","T","R","M","M","$","M","R","BOSS","M","M","$","?","$","E"],"items_purchased_type":["Relic","Card"],"build_version":"2020-12-13","purchased_purges":2,"victory":false,"max_hp_per_floor":[70,70,70,70,70,70,70,70,70,70,70,70,70,70,70,70,70,70,70,70,70,70,70,70],"card_choices":[{"not_picked":["Purity","Good Instincts"],"picked":"Madness","floor":0},{"not_picked":["Dodge and Roll","Eviscerate"],"picked":"Backstab","floor":1},{"not_picked":["Cloak And Dagger","Acrobatics"],"picked":"Flying Knee","floor":2},{"not_picked":["Leg Sweep","PiercingWail"],"picked":"Poisoned Stab","floor":4},{"not_picked":["Sucker Punch","Quick Slash"],"picked":"Footwork","floor":5},{"not_picked":["Underhanded Strike","Backflip"],"picked":"Poisoned Stab","floor":11},{"not_picked":["Dagger Spray","Bane"],"picked":"Deadly Poison","floor":12},{"not_picked":["Night Terror","Cloak And Dagger"],"picked":"Bane","floor":14},{"not_picked":["Glass Knife","Grand Finale"],"picked":"Envenom","floor":16},{"not_picked":["Expertise","Endless Agony"],"picked":"Bane+1","floor":18},{"not_picked":["Flechettes","Prepared","Infinite Blades+1"],"picked":"SKIP","floor":19}],"player_experience":261245,"relics_obtained":[{"floor":9,"key":"Juzu Bracelet"}],"event_choices":[{"damage_healed":0,"gold_gain":0,"player_choice":"Take Damage","damage_taken":17,"relics_obtained":["Golden Idol"],"max_hp_gain":0,"max_hp_loss":0,"event_name":"Golden Idol","floor":3,"gold_loss":0},{"damage_healed":0,"gold_gain":0,"player_choice":"Success","damage_taken":3,"relics_obtained":["CeramicFish"],"max_hp_gain":0,"max_hp_loss":0,"event_name":"Scrap Ooze","floor":7,"gold_loss":0},{"damage_healed":23,"gold_gain":0,"player_choice":"Heal","damage_taken":0,"max_hp_gain":0,"max_hp_loss":0,"event_name":"The Library","floor":21,"gold_loss":0}],"is_beta":false,"boss_relics":[{"not_picked":["Coffee Dripper","Sozu"],"picked":"Empty Cage"}],"items_purged_floors":[13,20],"is_endless":false,"potions_floor_spawned":[4,11,14,18],"killed_by":"Gremlin Leader","ascension_level":8}}