{"host":"mqhvlr3kpxebko0t","time":1608605491,"event":{"mods":["AchievementEnabler","BaseMod","Colored Map","Colored Powertips","Keyboard Shortcuts","Minty Spire (QoL Compilation)","StSLib","SuperFastMode"],"gold_per_floor":[115,126,126,51,101,135,147,172,172,172,191,207,107,142,142,215,215,232,247,247,260,260,260,44,44,44,62,62,62],"floor_reached":28,"playtime":363,"items_purged":["Strike_P","Strike_P","Strike_P"],"score":513,"play_id":"a030b91c-027e-4380-b555-091577118b3c","local_time":"20201222115131","is_ascension_mode":true,"campfire_choices":[{"data":"CrushJoints","floor":10.0,"key":"SMITH"},{"data":"Judgement","floor":15.0,"key":"SMITH"},{"floor":23.0,"key":"REST"}],"circlet_count":0,"master_deck":["AscendersBane","Strike_P+1","Defend_P","Defend_P","Defend_P","Defend_P","Eruption+1","Vigilance","FollowUp","CrushJoints+1","Judgement+1","SandsOfTime+1","Tantrum"],"relics":["PureWater","NeowsBlessing","Nunchaku","Pocketwatch","Shuriken","Smiling Mask","Cursed Key","PreservedInsect"],"acts_visited":["Exordium","TheCity"],"potions_floor_usage":[],"damage_taken":[{"damage":0.0,"enemies":"Small Slimes","floor":1.0,"turns":1.0},{"damage":0.0,"enemies":"Jaw Worm","floor":2.0,"turns":1.0},{"damage":0.0,"enemies":"Lagavulin","floor":6.0,"turns":1.0},{"damage":2.0,"enemies":"Cultist","floor":7.0,"turns":3.0},{"damage":2.0,"enemies":"Gremlin Nob","floor":8.0,"turns":3.0},{"damage":4.0,"enemies":"Looter","floor":11.0,"turns":3.0},{"damage":15.0,"enemies":"3 Louse","floor":12.0,"turns":2.0},{"damage":7.0,"enemies":"Lagavulin","floor":14.0,"turns":5.0},{"damage":2.0,"enemies":"Hexaghost","floor":16.0,"turns":7.0},{"damage":9.0,"enemies":"2 Thieves","floor":18.0,"turns":4.0},{"damage":17.0,"enemies":"3 Byrds","floor":19.0,"turns":3.0},{"damage":0.0,"enemies":"Cultist and Chosen","floor":21.0,"turns":3.0},{"damage":18,"enemies":"Centurion and Healer","floor":27,"turns":4},{"damage":9,"enemies":"Colosseum Slavers","floor":28,"turns":1}],"seed_played":"-5814640375796139275","potions_obtained":[{"floor":2.0,"key":"DistilledChaos"},{"floor":6.0,"key":"Energy Potion"},{"floor":11.0,"key":"ColorlessPotion"},{"floor":14.0,"key":"Explosive Potion"},{"floor":16.0,"key":"StancePotion"}],"is_trial":false,"path_per_floor":["M","M","?","$","?","E","M","E","T","R","M","M","$","E","R","B",null,"M","M","?","M","?","R","$","?","T","M","?"],"character_chosen":"WATCHER","items_purchased":["PreservedInsect"],"campfire_rested":1,"item_purchase_floors":[24],"current_hp_per_floor":[61,61,41,41,35,35,33,31,31,31,27,12,12,5,5,3,52,43,26,26,26,26,46,46,27,27,9,0,0],"gold":62,"neow_bonus":"THREE_ENEMY_KILL","is_daily":false,"chose_seed":false,"campfire_upgraded":2,"win_rate":0.0,"timestamp":1608605491,"path_taken":["M","M","?","$","?","E","M","E","T","R","?","M","$","E","R","BOSS","M","M","?","M","?","R","$","?","T","M","?"],"items_purchased_type":["Relic"],"build_version":"2020-12-13","purchased_purges":3,"victory":false,"max_hp_per_floor":[68,68,68,68,68,68,68,68,68,68,68,68,68,68,68,68,68,68,68,68,68,68,68,68,73,73,73,73,73],"card_choices":[{"not_picked":["Consecrate","BowlingBash","Evaluate"],"picked":"SKIP","floor":1.0},{"not_picked":["DeceiveReality","Indignation"],"picked":"FollowUp","floor":2.0},{"not_picked":["ClearTheMind","ConjureBlade"],"picked":"CrushJoints","floor":6.0},{"not_picked":["FollowUp","DeceiveReality","Protect"],"picked":"SKIP","floor":7.0},{"not_picked":["ReachHeaven","FlyingSleeves","FollowUp"],"picked":"SKIP","floor":8.0},{"not_picked":["ClearTheMind","Sanctity"],"picked":"Judgement","floor":11.0},{"not_picked":["EmptyBody","SashWhip","Vengeance"],"picked":"SKIP","floor":12.0},{"not_picked":["FlurryOfBlows","JustLucky","SashWhip"],"picked":"SKIP","floor":14.0},{"not_picked":["BowlingBash+1","PathToVictory","EmptyBody"],"picked":"SKIP","floor":18.0},{"not_picked":["CrushJoints","Wallop","Crescendo"],"picked":"SKIP","floor":19.0},{"not_picked":["Evaluate+1","EmptyBody"],"picked":"SandsOfTime+1","floor":21.0},{"not_picked":["Pray","FlurryOfBlows"],"picked":"Tantrum","floor":27}],"player_experience":672153,"relics_obtained":[{"floor":6.0,"key":"Nunchaku"},{"floor":8.0,"key":"Pocketwatch"},{"floor":9.0,"key":"Shuriken"},{"floor":14.0,"key":"Smiling Mask"}],"event_choices":[{"damage_healed":0.0,"max_hp_gain":0.0,"max_hp_loss":0.0,"gold_gain":0.0,"event_name":"Shining Light","player_choice":"Entered Light","floor":3.0,"gold_loss":0.0,"damage_taken":20.0,"cards_upgraded":["Eruption","Strike_P"]},{"damage_healed":0.0,"max_hp_gain":0.0,"max_hp_loss":0.0,"gold_gain":50.0,"event_name":"FaceTrader","player_choice":"Touch","floor":5.0,"gold_loss":0.0,"damage_taken":6.0},{"damage_healed":0.0,"max_hp_gain":0.0,"max_hp_loss":0.0,"gold_gain":0.0,"event_name":"Vampires","player_choice":"Ignored","floor":20.0,"gold_loss":0.0,"damage_taken":0.0},{"damage_healed":0.0,"max_hp_gain":0.0,"max_hp_loss":0.0,"gold_gain":0.0,"event_name":"Ghosts","player_choice":"Ignored","floor":22.0,"gold_loss":0.0,"damage_taken":0.0},{"damage_healed":0.0,"max_hp_gain":5.0,"max_hp_loss":0.0,"gold_gain":0.0,"event_name":"Forgotten Altar","player_choice":"Shed Blood","floor":25.0,"gold_loss":0.0,"damage_taken":24.0},{"damage_healed":0,"gold_gain":0,"player_choice":"Fight","damage_taken":0,"max_hp_gain":0,"max_hp_loss":0,"event_name":"Colosseum","floor":28,"gold_loss":0}],"is_beta":false,"boss_relics":[{"not_picked":["Runic Dome","Runic Pyramid"],"picked":"Cursed Key"}],"items_purged_floors":[4,13,24],"is_endless":false,"potions_floor_spawned":[2,6,11,14,16,18,19,21],"killed_by":"Colosseum Slavers","ascension_level":19}}