{"host":"jr9f8lmgw9kaplsw","time":1608612055,"event":{"mods":["AchievementEnabler","BaseMod","BetterRewards","Colored Map","Hubris","Minty Spire (QoL Compilation)","Replay The Spire","Shop Mod","StSLib","The Cursed"],"gold_per_floor":[114,114,114,133,152,190,209,209,209,228,247,14,14,33,33,158,158,177,100,100,119,119,157,157,157,157],"floor_reached":25,"playtime":1088,"items_purged":[],"score":248,"play_id":"56a38fc6-41d0-4994-8b50-66c27c6c4302","local_time":"20201221234055","daily_mods":["Allstar","Diverse","DeadlyEvents"],"is_ascension_mode":false,"campfire_choices":[{"floor":13.0,"key":"REST"},{"floor":15.0,"key":"REST"}],"circlet_count":0,"master_deck":["Strike_R","Strike_R","Strike_R","Strike_R","Strike_R","Defend_R","Defend_R","Defend_R","Defend_R","Bash","Thinking Ahead","Replay:BasicMightCard","Dark Shackles","ReplayTheSpireMod:Brewmster","Crow Ritual","Footwork","Injury","Pain","Dagger Spray","Barricade","Backstab","Leap","TheCursedMod:CircleOfFlame","Pommel Strike","Pommel Strike","Poisoned Strike","Rage","Pommel Strike","Terror","TheCursedMod:CircleOfCorruption","ReplayTheSpireMod:Stacked+1"],"relics":["Burning Blood","Bloody Idol","WarpedTongs","hubris:AstralHammer","Shuriken","hubris:TerracottaHorce","CaptainsWheel"],"acts_visited":["Exordium","TheCity"],"potions_floor_usage":[21,21,23,23,23],"damage_taken":[{"damage":11.0,"enemies":"Jaw Worm","floor":1.0,"turns":6.0},{"damage":5.0,"enemies":"2 Louse","floor":4.0,"turns":5.0},{"damage":11.0,"enemies":"Cultist","floor":5.0,"turns":4.0},{"damage":32.0,"enemies":"Gremlin Nob","floor":6.0,"turns":5.0},{"damage":16.0,"enemies":"2 Fungi Beasts","floor":7.0,"turns":4.0},{"damage":0.0,"enemies":"3 Louse","floor":10.0,"turns":3.0},{"damage":13.0,"enemies":"Looter","floor":11.0,"turns":3.0},{"damage":4.0,"enemies":"2 Fungi Beasts","floor":14.0,"turns":3.0},{"damage":52.0,"enemies":"The Guardian","floor":16.0,"turns":11.0},{"damage":38.0,"enemies":"Spheric Guardian","floor":18.0,"turns":6.0},{"damage":25,"enemies":"Chosen","floor":21,"turns":4},{"damage":42,"enemies":"Replay:Snechameleon","floor":23,"turns":8},{"damage":43,"enemies":"Slavers","floor":25,"turns":2}],"seed_played":"-7682526130134428503","potions_obtained":[],"is_trial":false,"path_per_floor":["M","?","?","M","M","E","M","?","T","M","M","$","R","M","R","B",null,"M","$","?","M","$","E","?","E"],"character_chosen":"IRONCLAD","items_purchased":["Pommel Strike","Poisoned Strike","Terror"],"campfire_rested":2,"item_purchase_floors":[12,12,19],"current_hp_per_floor":[75,75,75,76,71,45,35,35,35,41,34,34,58,60,80,34,69,37,37,63,44,44,8,8,0,0],"gold":157,"neow_bonus":"","is_daily":true,"chose_seed":false,"campfire_upgraded":0,"win_rate":0.0,"timestamp":1608612055,"path_taken":["M","?","?","M","?","E","M","?","T","M","M","$","R","M","R","BOSS","M","$","?","M","$","E","?","?"],"items_purchased_type":["Card","Card","Card"],"build_version":"2020-12-13","purchased_purges":0,"victory":false,"max_hp_per_floor":[80,80,80,80,80,80,80,80,80,80,80,80,80,80,80,80,80,80,80,80,80,80,80,80,80,80],"card_choices":[{"not_picked":["Sword Boomerang","Tempest"],"picked":"Footwork","floor":1.0},{"not_picked":["TheCursedMod:SmokeScreen","Prepared"],"picked":"Dagger Spray","floor":4.0},{"not_picked":["hubris:ReadiedAction","TheCursedMod:CursedAmulet"],"picked":"Barricade","floor":5.0},{"not_picked":["Fluid Movement","Masterful Stab"],"picked":"Backstab","floor":6.0},{"not_picked":["TheCursedMod:CursedAmulet","TheCursedMod:Stigma"],"picked":"Leap","floor":7.0},{"not_picked":["Reboot","TheCursedMod:WearCloak","Rebound"],"picked":"SKIP","floor":10.0},{"not_picked":["Quick Slash","Outmaneuver","CrushJoints"],"picked":"SKIP","floor":11.0},{"not_picked":["Anger","ReplayTheSpireMod:GoodbyeWorld"],"picked":"Rage","floor":14.0},{"not_picked":["Massacre","Hidden Blade+1"],"picked":"Pommel Strike","floor":18.0},{"not_picked":["Hemokinesis","EmptyFist+1"],"picked":"TheCursedMod:CircleOfCorruption","floor":21},{"not_picked":["Scrawl","Quick Slash"],"picked":"ReplayTheSpireMod:Stacked+1","floor":23}],"player_experience":2781302,"relics_obtained":[{"floor":6.0,"key":"hubris:AstralHammer"},{"floor":9.0,"key":"Shuriken"},{"floor":23,"key":"CaptainsWheel"}],"event_choices":[{"damage_healed":0.0,"max_hp_gain":0.0,"max_hp_loss":0.0,"gold_gain":0.0,"event_name":"Golden Idol","player_choice":"Take Wound","floor":2.0,"gold_loss":0.0,"damage_taken":0.0,"relics_obtained":["Golden Idol"],"cards_obtained":["Injury"]},{"damage_healed":0.0,"max_hp_gain":0.0,"max_hp_loss":0.0,"gold_gain":0.0,"event_name":"Accursed Blacksmith","player_choice":"Rummage","floor":3.0,"gold_loss":0.0,"damage_taken":0.0,"relics_obtained":["WarpedTongs"],"cards_obtained":["Pain"]},{"damage_healed":26.0,"max_hp_gain":0.0,"max_hp_loss":0.0,"gold_gain":0.0,"event_name":"The Library","player_choice":"Heal","floor":20.0,"gold_loss":0.0,"damage_taken":0.0},{"damage_healed":0,"gold_gain":0,"player_choice":"Gave Idol","damage_taken":0,"relics_obtained":["Bloody Idol"],"max_hp_gain":0,"max_hp_loss":0,"event_name":"Forgotten Altar","floor":24,"relics_lost":["Golden Idol"],"gold_loss":0}],"is_beta":false,"boss_relics":[{"not_picked":["Replay:Bronze Core","hubris:HollowSoul"],"picked":"hubris:TerracottaHorce"}],"items_purged_floors":[],"is_endless":false,"potions_floor_spawned":[4,7,10,11],"killed_by":"Slavers","ascension_level":0}}