{"host":"usewcu4ohw2wtmxk","time":1608620287,"event":{"mods":["BaseMod","Minty Spire (QoL Compilation)","Permanent Neow","Quick Restart","Relic Stats","UnlockEverythingMod"],"gold_per_floor":[110,130,55,55,71,71,100,116,116,116,126,126,126],"floor_reached":12,"playtime":209,"items_purged":[],"score":160,"play_id":"461d891a-2139-4c54-9558-930ecdd8698f","local_time":"20201222145807","is_ascension_mode":true,"campfire_choices":[{"data":"Dualcast","floor":6.0,"key":"SMITH"},{"data":"Coolheaded","floor":10.0,"key":"SMITH"}],"circlet_count":0,"master_deck":["AscendersBane","Strike_B","Strike_B","Strike_B","Defend_B","Defend_B","Defend_B","Defend_B","Zap","Dualcast+1","Electrodynamics","Tempest","Hello World","Coolheaded+1","Core Surge+1"],"relics":["Cracked Core","Pear","Molten Egg 2","Letter Opener"],"acts_visited":["Exordium"],"potions_floor_usage":[],"damage_taken":[{"damage":7.0,"enemies":"Jaw Worm","floor":1.0,"turns":3.0},{"damage":10.0,"enemies":"2 Louse","floor":2.0,"turns":2.0},{"damage":1.0,"enemies":"Cultist","floor":5.0,"turns":3.0},{"damage":25.0,"enemies":"Lagavulin","floor":7.0,"turns":5.0},{"damage":5.0,"enemies":"Gremlin Gang","floor":8.0,"turns":3.0},{"damage":6.0,"enemies":"Blue Slaver","floor":11.0,"turns":4.0},{"damage":13,"enemies":"3 Sentries","floor":12,"turns":2}],"seed_played":"-6632623879792318753","potions_obtained":[{"floor":2.0,"key":"FairyPotion"},{"floor":5.0,"key":"DuplicationPotion"}],"is_trial":false,"path_per_floor":["M","M","?","?","M","R","E","M","T","R","M","E"],"character_chosen":"DEFECT","items_purchased":[],"campfire_rested":0,"item_purchase_floors":[],"current_hp_per_floor":[39,29,29,21,20,20,24,19,19,19,13,0,0],"gold":126,"neow_bonus":"THREE_RARE_CARDS","is_daily":false,"chose_seed":false,"campfire_upgraded":2,"win_rate":0.0,"timestamp":1608620287,"path_taken":["M","M","?","?","M","R","E","M","T","R","M","E"],"items_purchased_type":[],"build_version":"2020-12-13","purchased_purges":0,"victory":false,"max_hp_per_floor":[71,71,71,81,81,81,81,81,81,81,81,81,81],"relic_stats":{"counters":[7,22],"Letter Opener":[5],"obtain_stats":[{"Pear":4,"Molten Egg 2":7,"Letter Opener":9,"Cracked Core":0},{"Pear":2,"Molten Egg 2":4,"Letter Opener":5,"Cracked Core":0},{"Pear":5,"Molten Egg 2":13,"Letter Opener":16,"Cracked Core":0}]},"card_choices":[{"not_picked":["Thunder Strike","Creative AI"],"picked":"Electrodynamics","floor":0.0},{"not_picked":["Rebound","Compile Driver","Darkness"],"picked":"SKIP","floor":1.0},{"not_picked":["Go for the Eyes","Storm","Hologram"],"picked":"SKIP","floor":2.0},{"not_picked":["Rebound","Turbo"],"picked":"Tempest","floor":5.0},{"not_picked":["Static Discharge","Steam"],"picked":"Hello World","floor":7.0},{"not_picked":["Loop","Turbo"],"picked":"Coolheaded","floor":8.0},{"not_picked":["Capacitor","Streamline+1"],"picked":"Core Surge+1","floor":11.0}],"player_experience":216239,"relics_obtained":[{"floor":7.0,"key":"Molten Egg 2"},{"floor":9.0,"key":"Letter Opener"}],"event_choices":[{"cards_removed":["Strike_B"],"damage_healed":0.0,"max_hp_gain":0.0,"max_hp_loss":0.0,"gold_gain":0.0,"event_name":"The Cleric","player_choice":"Card Removal","floor":3.0,"gold_loss":75.0,"damage_taken":0.0},{"damage_healed":0.0,"max_hp_gain":0.0,"max_hp_loss":0.0,"gold_gain":0.0,"event_name":"Scrap Ooze","player_choice":"Success","floor":4.0,"gold_loss":0.0,"damage_taken":18.0,"relics_obtained":["Pear"]}],"is_beta":false,"boss_relics":[],"items_purged_floors":[],"is_endless":false,"potions_floor_spawned":[2,5],"killed_by":"3 Sentries","ascension_level":20}}