{"host":"m3rs92yjkwi06hli","time":1608670287,"event":{"mods":["Act Like it!","Aspiration","BaseMod","Colored Map","Conspire","Defuse TimeMaze Blight","Downfall","Energized Spire","Hubris","Infinite Spire","Minty Spire (QoL Compilation)","Relic Stats","Replay The Spire","Spicy Shops","StSLib"],"gold_per_floor":[99,99,22,22,34,34,59,409,444,470,470,533,458,458,493,609,609,609,635,663,663,663,713,786,786,786,831,831,831,831,880,927,1052,1152,1152,1203,870,951,951,981,981,906,945,988,1023,592,592,543,592,616],"floor_reached":51,"playtime":2044,"items_purged":["Shame","Voices","hubris:Lust"],"score":1065,"play_id":"ec033ad0-a789-4af6-8eff-3f30c840c0e8","local_time":"20201222145127","is_ascension_mode":false,"campfire_choices":[{"data":"hexamod:Float","floor":1,"key":"SMITH"},{"data":"hexamod:SpectersWail","floor":6,"key":"SMITH"},{"data":"hexamod:EtherealExpedition","floor":13,"key":"SMITH"},{"data":"Looming Evil","floor":18,"key":"PURGE"},{"floor":28,"key":"REST"},{"floor":30,"key":"REST"},{"floor":35,"key":"RECALL"},{"data":"hexamod:SearingWound","floor":42,"key":"SMITH"},{"data":"infinitespire:Collect","floor":47,"key":"SMITH"}],"circlet_count":0,"master_deck":["hexamod:Strike","hexamod:Strike","hexamod:Strike","hexamod:Strike","hexamod:Defend","hexamod:Defend","hexamod:Defend","hexamod:Defend","hexamod:Sear","hexamod:Float+1","hexamod:SpectersWail+1","hexamod:RadiantFlame","hexamod:HauntingEcho","hexamod:Firestarter","Slimebound:Icky","Amnesia","hexamod:SpectralSpark","hexamod:EtherealExpedition+1","Slimebound:Icky","hexamod:Hexaguard","Amnesia","hexamod:Firestarter","hexamod:UnleashSpirits","hexamod:DynamicBlow","hexamod:SearingWound+1","hexamod:FirstSeal","infinitespire:Collect+1","hexamod:GhostLash","Pain","hexamod:RainOfEmbers","hexamod:ThermalTransfer","hubris:Envy","hexamod:GhostflameBarrier","infinitespire:Pacifist","hexamod:GiftsFromTheDead+1","Parasite","hexamod:GhostShield+1","hexamod:HauntingEcho","hexamod:ShieldOfDarkness+1","hexamod:PowerFromBeyond+1","hexamod:Incineration","hexamod:Hexaguard","hexamod:Hexaguard+1","hubris:Wrath","hubris:Compulsion","hexamod:NightmareStrike","hexamod:SpectersWail+1"],"relics":["hexamod:SpiritBrand","downfall:HeartsMalice","Toy Ornithopter","Replay:Bandana","Ring of Greed","Ring of Searing","Old Coin","Blue Doll","hubris:Towel","Pondfish Scales","downfall:HeartBlessingGreen","hexamod:IceCube","Replay:Lucky Slots","conspire:SpecialSausage","TungstenRod","Darkstone Periapt","aspiration:RitualStick","hubris:Icosahedron","downfall:KnowingSkull","Replay:Wanted Poster","hubris:Potato","Replay:WaspNest","downfall:HeartBlessingRed","HandDrill","hubris:Spice"],"acts_visited":["Exordium","TheCity","TheBeyond"],"potions_floor_usage":[10,50,50],"damage_taken":[{"damage":0,"enemies":"Cultist","floor":2,"turns":1},{"damage":0,"enemies":"downfall:FleeingMerchant","floor":3,"turns":1},{"damage":0,"enemies":"2 Louse","floor":4,"turns":1},{"damage":7,"enemies":"Small Slimes","floor":5,"turns":3},{"damage":11,"enemies":"3 Louse","floor":9,"turns":3},{"damage":0,"enemies":"Gremlin Gang","floor":10,"turns":1},{"damage":21,"enemies":"3 Sentries","floor":12,"turns":5},{"damage":12,"enemies":"2 Fungi Beasts","floor":15,"turns":3},{"damage":20,"enemies":"downfall:Ironclad","floor":16,"turns":6},{"damage":19,"enemies":"Shell Parasite","floor":19,"turns":4},{"damage":22,"enemies":"Chosen","floor":20,"turns":7},{"damage":22,"enemies":"conspire:SneckoGhost","floor":23,"turns":4},{"damage":10,"enemies":"Centurion and Healer","floor":27,"turns":3},{"damage":8,"enemies":"Chosen and Byrds","floor":31,"turns":3},{"damage":8,"enemies":"Cultist and Chosen","floor":32,"turns":4},{"damage":19,"enemies":"downfall:Defect","floor":33,"turns":7},{"damage":14,"enemies":"Orb Walker","floor":36,"turns":2},{"damage":37,"enemies":"Mind Bloom Boss Battle","floor":38,"turns":5},{"damage":3,"enemies":"3 Shapes","floor":40,"turns":4},{"damage":0,"enemies":"Sphere and 2 Shapes","floor":43,"turns":5},{"damage":0,"enemies":"4 Shapes","floor":44,"turns":6},{"damage":0,"enemies":"3 Darklings","floor":45,"turns":5},{"damage":0,"enemies":"downfall:FleeingMerchant","floor":46,"turns":4},{"damage":0,"enemies":"downfall:FleeingMerchant","floor":48,"turns":3},{"damage":19,"enemies":"Sphere and 2 Shapes","floor":49,"turns":4},{"damage":5,"enemies":"downfall:Silent","floor":50,"turns":5}],"seed_played":"-8766654143771725958","potions_obtained":[{"floor":5,"key":"SteroidPotion"},{"floor":12,"key":"FairyPotion"},{"floor":20,"key":"FairyPotion"},{"floor":27,"key":"DuplicationPotion"},{"floor":32,"key":"hexamod:InfernoChargePotion"},{"floor":43,"key":"Slimebound:ThreeZeroPotion"},{"floor":44,"key":"DuplicationPotion"}],"is_trial":false,"path_per_floor":["R","M","$","M","M","R","T","?","M","M","?","E","R","?","M","B",null,"R_BF","M","M","?","AVR","E","T","?","?","M","R","?","R","M","M","B",null,"R","M","?","?","?","M","T","R","M","M","M","$","R","$","M","B",null],"character_chosen":"THE_SPIRIT","items_purchased":["Toy Ornithopter","HandDrill","hubris:Spice","hubris:Spice"],"campfire_rested":2,"item_purchase_floors":[3,46,46,48],"current_hp_per_floor":[70,70,70,70,63,63,63,63,52,57,57,36,36,70,58,38,70,70,51,29,22,22,45,45,32,32,22,43,37,58,57,55,49,82,82,74,99,69,69,73,73,73,86,93,100,113,113,139,120,132],"gold":616,"neow_bonus":"THREE_ENEMY_KILL","is_daily":false,"chose_seed":false,"campfire_upgraded":5,"win_rate":0.0,"timestamp":1608670287,"path_taken":["R","M","?","M","M","R","T","?","M","M","?","E","R","?","M","BOSS","R_BF","M","M","?","AVR","E","T","?","?","M","R","?","R","M","M","BOSS","R","?","?","?","?","?","T","R","M","M","M","$","R","?","M","BOSS"],"items_purchased_type":["Relic","Relic","Relic","Relic"],"build_version":"2020-12-13","purchased_purges":3,"victory":true,"max_hp_per_floor":[70,70,70,70,70,70,70,70,70,70,70,70,70,70,70,70,70,70,70,70,70,70,70,70,70,70,70,70,70,70,70,76,82,82,82,88,99,99,99,99,99,99,105,105,105,113,113,139,139,139],"relic_stats":{"Darkstone Periapt":42,"counters":[26,96],"HandDrill":[12],"obtain_stats":[{"Darkstone Periapt":24,"Blue Doll":8,"downfall:HeartBlessingGreen":13,"conspire:SpecialSausage":22,"aspiration:RitualStick":25,"Ring of Searing":8,"Old Coin":8,"Replay:Wanted Poster":34,"Replay:Bandana":7,"hubris:Icosahedron":26,"downfall:KnowingSkull":29,"Replay:Lucky Slots":22,"HandDrill":46,"hexamod:SpiritBrand":0,"downfall:HeartBlessingRed":42,"downfall:HeartsMalice":0,"Replay:WaspNest":41,"Ring of Greed":8,"hubris:Towel":11,"Pondfish Scales":12,"hubris:Spice":46,"Toy Ornithopter":3,"hexamod:IceCube":17,"TungstenRod":23,"hubris:Potato":38},{"Darkstone Periapt":12,"Blue Doll":4,"downfall:HeartBlessingGreen":7,"conspire:SpecialSausage":11,"aspiration:RitualStick":12,"Ring of Searing":4,"Old Coin":4,"Replay:Wanted Poster":16,"Replay:Bandana":4,"hubris:Icosahedron":12,"downfall:KnowingSkull":13,"Replay:Lucky Slots":11,"HandDrill":23,"hexamod:SpiritBrand":0,"downfall:HeartBlessingRed":19,"downfall:HeartsMalice":0,"Replay:WaspNest":19,"Ring of Greed":4,"hubris:Towel":6,"Pondfish Scales":7,"hubris:Spice":23,"Toy Ornithopter":2,"hexamod:IceCube":9,"TungstenRod":12,"hubris:Potato":18},{"Darkstone Periapt":36,"Blue Doll":3,"downfall:HeartBlessingGreen":12,"conspire:SpecialSausage":32,"aspiration:RitualStick":36,"Ring of Searing":3,"Old Coin":3,"Replay:Wanted Poster":53,"Replay:Bandana":3,"hubris:Icosahedron":36,"downfall:KnowingSkull":39,"Replay:Lucky Slots":32,"HandDrill":84,"hexamod:SpiritBrand":0,"downfall:HeartBlessingRed":64,"downfall:HeartsMalice":0,"Replay:WaspNest":64,"Ring of Greed":3,"hubris:Towel":7,"Pondfish Scales":12,"hubris:Spice":84,"Toy Ornithopter":0,"hexamod:IceCube":21,"TungstenRod":36,"hubris:Potato":60}],"Toy Ornithopter":15,"TungstenRod":38,"aspiration:RitualStick":[0]},"card_choices":[{"not_picked":["hexamod:Again","hexamod:ThermalTransfer"],"picked":"hexamod:SpectersWail","floor":2},{"not_picked":["hexamod:Firestarter","hexamod:Again"],"picked":"hexamod:RadiantFlame","floor":3},{"not_picked":["hexamod:GhostOfSpirePresent","hexamod:AdvancingGuard"],"picked":"hexamod:HauntingEcho","floor":4},{"not_picked":["hexamod:Rewind","hexamod:NightmareGuise"],"picked":"hexamod:Firestarter","floor":5},{"not_picked":["hexamod:UnlimitedPower","hexamod:SkipABeat"],"picked":"hexamod:SpectralSpark","floor":9},{"not_picked":["hexamod:SuperheatedStrike","hexamod:ChargedBarrage"],"picked":"hexamod:EtherealExpedition","floor":10},{"not_picked":["hexamod:SoulSteal","hexamod:NecessarySacrifice"],"picked":"hexamod:Hexaguard","floor":12},{"not_picked":["hexamod:ChargedBarrage","hexamod:NightmareGuise"],"picked":"hexamod:Firestarter","floor":15},{"not_picked":["hexamod:EmpoweringStance","hexamod:SixthSeal"],"picked":"hexamod:UnleashSpirits","floor":16},{"not_picked":["hexamod:AdvancingGuard","hexamod:FastForward"],"picked":"hexamod:DynamicBlow","floor":19},{"not_picked":["hexamod:BurningTouch","hexamod:RainOfEmbers"],"picked":"hexamod:SearingWound","floor":20},{"not_picked":["hexamod:BacktrackSmack","hexamod:StepThrough"],"picked":"hexamod:GhostLash","floor":23},{"not_picked":["hexamod:ShieldOfDarkness","hexamod:AdvancingGuard"],"picked":"hexamod:RainOfEmbers","floor":27},{"not_picked":["hexamod:InspiringFlames","hexamod:BurningTouch"],"picked":"hexamod:ThermalTransfer","floor":31},{"not_picked":["hexamod:Hexaguard","hexamod:BurningTouch"],"picked":"hexamod:GhostflameBarrier","floor":32},{"not_picked":["hexamod:TimeWarp","hexamod:EmpoweringStance"],"picked":"hexamod:GiftsFromTheDead","floor":33},{"not_picked":["hexamod:GhostflameBarrier+1","hexamod:AdvancingGuard"],"picked":"hexamod:GhostShield+1","floor":36},{"not_picked":["hexamod:AdvancingGuard","hexamod:PhantomFireball+1"],"picked":"hexamod:HauntingEcho","floor":38},{"not_picked":["hexamod:SuperheatedStrike","hexamod:RetreatToShadows"],"picked":"hexamod:ShieldOfDarkness+1","floor":40},{"not_picked":["hexamod:EmpoweringStance","hexamod:AdvancingGuard"],"picked":"hexamod:PowerFromBeyond+1","floor":43},{"not_picked":["hexamod:GhostShield+1","hexamod:SpectralSpark+1"],"picked":"hexamod:Incineration","floor":44},{"not_picked":["hexamod:RainOfEmbers+1","hexamod:SpectralSpark+1"],"picked":"hexamod:Hexaguard","floor":45},{"not_picked":["hexamod:SkipABeat","hexamod:Firestarter+1"],"picked":"hexamod:Hexaguard+1","floor":46},{"not_picked":["hexamod:SwordOfDarkness","hexamod:BurningTouch"],"picked":"hexamod:NightmareStrike","floor":48},{"not_picked":["hexamod:BacktrackSmack","hexamod:AdvancingGuard"],"picked":"hexamod:SpectersWail+1","floor":49}],"player_experience":856898,"relics_obtained":[{"floor":7,"key":"Replay:Bandana"},{"floor":8,"key":"Ring of Greed"},{"floor":8,"key":"Ring of Searing"},{"floor":8,"key":"Old Coin"},{"floor":8,"key":"Blue Doll"},{"floor":12,"key":"Pondfish Scales"},{"floor":23,"key":"TungstenRod"},{"floor":24,"key":"Darkstone Periapt"},{"floor":38,"key":"hubris:Potato"},{"floor":41,"key":"Replay:WaspNest"}],"event_choices":[],"is_beta":false,"boss_relics":[{"not_picked":["Replay:Ancient Bell","energizedSpire:NeverEndingSparkler"],"picked":"hexamod:IceCube"},{"not_picked":["conspire:RoyalGoblet","Runic Dome"],"picked":"Replay:Wanted Poster"}],"items_purged_floors":[22,46,48],"is_endless":false,"potions_floor_spawned":[5,12,20,27,32,38,43,44,49],"ascension_level":0}}