{"host":"fevvm7bbzuh4s1jc","time":1608671331,"event":{"mods":["BaseMod","Highlight Path","Minty Spire (QoL Compilation)","Relic Stats"],"gold_per_floor":[211,211,211,4,24,24,57,73,73,88,88,113,144,158,158,252,252,266,49,64,83,83,83],"floor_reached":22,"playtime":1012,"items_purged":["Defend_B","Strike_B"],"score":396,"play_id":"f88278ba-1789-4d4a-8c87-10761f0d7663","local_time":"20201222160851","is_ascension_mode":true,"campfire_choices":[{"data":"Sunder","floor":6,"key":"SMITH"},{"data":"Beam Cell","floor":11,"key":"SMITH"},{"data":"Chaos","floor":15,"key":"SMITH"}],"circlet_count":0,"master_deck":["AscendersBane","Strike_B","Strike_B","Defend_B","Defend_B","Defend_B","Zap","Dualcast","Cold Snap","Sunder+1","Chaos+1","Beam Cell+1","Self Repair","Leap","Cold Snap","Rip and Tear","Fission","Hologram","Biased Cognition","Steam Power","Capacitor","Coolheaded","Sweeping Beam+1"],"relics":["Cracked Core","Golden Idol","InkBottle","Tiny Chest","Philosopher\u0027s Stone"],"acts_visited":["Exordium","TheCity"],"potions_floor_usage":[12,16],"damage_taken":[{"damage":4,"enemies":"Small Slimes","floor":1,"turns":3},{"damage":0,"enemies":"2 Louse","floor":5,"turns":2},{"damage":4,"enemies":"Gremlin Nob","floor":7,"turns":3},{"damage":0,"enemies":"Cultist","floor":8,"turns":3},{"damage":0,"enemies":"2 Fungi Beasts","floor":10,"turns":2},{"damage":5,"enemies":"Exordium Wildlife","floor":12,"turns":4},{"damage":9,"enemies":"3 Sentries","floor":13,"turns":7},{"damage":16,"enemies":"Gremlin Gang","floor":14,"turns":5},{"damage":29,"enemies":"Hexaghost","floor":16,"turns":9},{"damage":38,"enemies":"Chosen","floor":18,"turns":4},{"damage":1,"enemies":"Spheric Guardian","floor":20,"turns":4},{"damage":5,"enemies":"Centurion and Healer","floor":21,"turns":3},{"damage":27,"enemies":"Shelled Parasite and Fungi","floor":22,"turns":5}],"seed_played":"-8553852079496844845","potions_obtained":[{"floor":1,"key":"AttackPotion"},{"floor":5,"key":"PotionOfCapacity"},{"floor":20,"key":"ColorlessPotion"}],"is_trial":false,"path_per_floor":["M","?","?","$","M","R","E","M","T","M","R","M","E","M","R","B",null,"M","$","M","M","M"],"character_chosen":"DEFECT","items_purchased":["Sunder","Chaos","Capacitor","Coolheaded"],"campfire_rested":0,"item_purchase_floors":[4,4,19,19],"current_hp_per_floor":[60,53,53,53,53,53,49,56,56,63,63,64,62,53,53,31,56,25,25,31,26,0,0],"gold":83,"neow_bonus":"HUNDRED_GOLD","is_daily":false,"chose_seed":false,"campfire_upgraded":3,"win_rate":0.0,"timestamp":1608671331,"path_taken":["M","?","?","$","M","R","E","M","T","M","R","M","E","M","R","BOSS","M","$","M","M","M"],"items_purchased_type":["Card","Card","Card","Card"],"build_version":"2020-12-13","purchased_purges":2,"victory":false,"max_hp_per_floor":[71,71,64,64,64,64,64,64,64,64,64,64,64,64,64,64,64,64,64,64,64,64,64],"relic_stats":{"counters":[13,54],"Golden Idol":60,"Tiny Chest":0,"obtain_stats":[{"Golden Idol":3,"Tiny Chest":13,"Philosopher\u0027s Stone":17,"Cracked Core":0,"InkBottle":7},{"Golden Idol":1,"Tiny Chest":7,"Philosopher\u0027s Stone":9,"Cracked Core":0,"InkBottle":3},{"Golden Idol":3,"Tiny Chest":24,"Philosopher\u0027s Stone":38,"Cracked Core":0,"InkBottle":8}],"InkBottle":[15]},"card_choices":[{"not_picked":["Conserve Battery","Compile Driver"],"picked":"Cold Snap","floor":1},{"not_picked":["Conserve Battery","Stack"],"picked":"Beam Cell","floor":5},{"not_picked":["Double Energy","Melter"],"picked":"Self Repair","floor":7},{"not_picked":["Force Field","Storm"],"picked":"Leap","floor":8},{"not_picked":["Streamline","Turbo"],"picked":"Cold Snap","floor":10},{"not_picked":["Chaos","Lockon"],"picked":"Rip and Tear","floor":12},{"not_picked":["Redo","Tempest"],"picked":"Fission","floor":13},{"not_picked":["Sweeping Beam","Conserve Battery"],"picked":"Hologram","floor":14},{"not_picked":["Meteor Strike","Thunder Strike"],"picked":"Biased Cognition","floor":16},{"not_picked":["Cold Snap","Leap"],"picked":"Steam Power","floor":18},{"not_picked":["Redo","Sweeping Beam","Self Repair+1"],"picked":"SKIP","floor":20},{"not_picked":["Static Discharge","Scrape"],"picked":"Sweeping Beam+1","floor":21}],"player_experience":2566130,"relics_obtained":[{"floor":7,"key":"InkBottle"},{"floor":13,"key":"Tiny Chest"}],"event_choices":[{"cards_removed":["Strike_B"],"damage_healed":0,"gold_gain":0,"player_choice":"Card Removal","damage_taken":7,"max_hp_gain":0,"max_hp_loss":0,"event_name":"Golden Wing","floor":2,"gold_loss":0},{"damage_healed":0,"gold_gain":0,"player_choice":"Lose Max HP","damage_taken":0,"relics_obtained":["Golden Idol"],"max_hp_gain":0,"max_hp_loss":7,"event_name":"Golden Idol","floor":3,"gold_loss":0}],"is_beta":false,"boss_relics":[{"not_picked":["SacredBark","Tiny House"],"picked":"Philosopher\u0027s Stone"}],"items_purged_floors":[4,19],"is_endless":false,"potions_floor_spawned":[1,5,10,20],"killed_by":"Shelled Parasite and Fungi","ascension_level":20}}