{"host":"dqmcts2p42tiur9c","time":1608625763,"event":{"mods":["BaseMod","Colored Map","Downfall","Grow up Mod","Minty Spire (QoL Compilation)","Say the Spire","Spicy Shops","StSLib","TestMod","vexMod","篝火指南"],"gold_per_floor":[99,119,136,149,249,276,276,276,101,120,120,153,138,157,175,279,279,54,68,153,153,153,169,193,220,230,242,273,284,296,306,320,420,420,420,435,485,505,505,536,536,411,428,428,439,509,659,670,684,684],"floor_reached":51,"playtime":2795,"items_purged":["Slimebound:Defend_Slimebound","Slimebound:Defend_Slimebound","Slimebound:Defend_Slimebound"],"score":910,"play_id":"ad132437-ff9e-4fb1-985b-53666db16e09","local_time":"20201222162923","is_ascension_mode":false,"campfire_choices":[{"floor":1.0,"key":"RECALL"},{"data":"Slimebound:AcidTongue","floor":11.0,"key":"SMITH"},{"data":"Slimebound:DouseInSlime","floor":18.0,"key":"SMITH"},{"data":"Slimebound:CorrosiveSpit","floor":35,"key":"SMITH"}],"circlet_count":0,"master_deck":["Slimebound:Tackle","Slimebound:Defend_Slimebound","Slimebound:Split","Slimebound:CorrosiveSpit+1","Slimebound:Dissolve+1","Slimebound:OozeBath+1","Slimebound:Schlurp+1","Slimebound:AcidTongue+1","Slimebound:ViciousTackle+1","Slimebound:DouseInSlime+1","Slimebound:GrowthPunch+1","Slimebound:Darklings"],"relics":["testmod-ChristmasGift","Astrolabe","Girya","Juzu Bracelet","Runic Pyramid","downfall:HeartBlessingBlue","downfall:HeartBlessingRed","downfall:HeartBlessingGreen","downfall:RedIOU","Oddly Smooth Stone","Anchor","Slimebound:TarBlob","Unceasing Top","Slimebound:AggressiveSlimeRelic","Pantograph","Meat on the Bone"],"acts_visited":["Exordium","TheCity","TheBeyond"],"potions_floor_usage":[25,25,25,25,26,30,30,30,30,30,32,32,33,38,38,38,38,40,40,40,40,40,40,45,49,49,49,49,50,50,50,50,50,50],"damage_taken":[{"damage":12.0,"enemies":"2 Louse","floor":2.0,"turns":3.0},{"damage":15.0,"enemies":"Jaw Worm","floor":3.0,"turns":2.0},{"damage":10.0,"enemies":"Small Slimes","floor":4.0,"turns":3.0},{"damage":30.0,"enemies":"Gremlin Nob","floor":6.0,"turns":3.0},{"damage":19.0,"enemies":"3 Louse","floor":10.0,"turns":3.0},{"damage":11.0,"enemies":"Lagavulin","floor":12.0,"turns":5.0},{"damage":13.0,"enemies":"downfall:FleeingMerchant","floor":13.0,"turns":4.0},{"damage":10.0,"enemies":"Blue Slaver","floor":14.0,"turns":2.0},{"damage":39.0,"enemies":"Lots of Slimes","floor":15.0,"turns":5.0},{"damage":50.0,"enemies":"downfall:Silent","floor":16.0,"turns":6.0},{"damage":7.0,"enemies":"Spheric Guardian","floor":19.0,"turns":2.0},{"damage":17,"enemies":"Chosen","floor":23,"turns":4},{"damage":49,"enemies":"Slavers","floor":25,"turns":6},{"damage":25,"enemies":"Centurion and Healer","floor":26,"turns":3},{"damage":53,"enemies":"Chosen and Byrds","floor":27,"turns":6},{"damage":44,"enemies":"Book of Stabbing","floor":28,"turns":4},{"damage":25,"enemies":"Cultist and Chosen","floor":29,"turns":4},{"damage":10,"enemies":"Centurion and Healer","floor":30,"turns":4},{"damage":7,"enemies":"Snake Plant","floor":31,"turns":2},{"damage":16,"enemies":"Sentry and Sphere","floor":32,"turns":5},{"damage":35,"enemies":"downfall:Ironclad","floor":33,"turns":4},{"damage":25,"enemies":"Orb Walker","floor":36,"turns":3},{"damage":12,"enemies":"Mind Bloom Boss Battle","floor":37,"turns":2},{"damage":55,"enemies":"3 Darklings","floor":38,"turns":6},{"damage":51,"enemies":"Giant Head","floor":40,"turns":6},{"damage":23,"enemies":"Maw","floor":43,"turns":4},{"damage":35,"enemies":"Sphere and 2 Shapes","floor":45,"turns":4},{"damage":65,"enemies":"Writhing Mass","floor":48,"turns":4},{"damage":21,"enemies":"Spire Growth","floor":49,"turns":2},{"damage":39,"enemies":"downfall:Watcher","floor":50,"turns":4}],"seed_played":"3455927140537378326","potions_obtained":[{"floor":2.0,"key":"Weak Potion"},{"floor":6.0,"key":"DuplicationPotion"},{"floor":12.0,"key":"SteroidPotion"},{"floor":14.0,"key":"FearPotion"},{"floor":19.0,"key":"EntropicBrew"},{"floor":21,"key":"Ancient Potion"},{"floor":26,"key":"SneckoOil"},{"floor":27,"key":"Guardian:BlockOnCardUsePotion"},{"floor":29,"key":"Fire Potion"},{"floor":33,"key":"CultistPotion"},{"floor":38,"key":"Slimebound:ThreeZeroPotion"},{"floor":40,"key":"Regen Potion"},{"floor":43,"key":"BlessingOfTheForge"},{"floor":48,"key":"Fire Potion"},{"floor":49,"key":"Strength Potion"}],"is_trial":false,"path_per_floor":["R","M","M","M","?","E","T","?","R","M","R","E","$","M","M","B",null,"R","M","?","?","?","M","T","E","M","M","E","M","M","M","M","B",null,"R","M","?","M","?","E","T","R","M","?","M","?","?","M","M","B",null],"character_chosen":"SLIMEBOUND","items_purchased":[],"campfire_rested":0,"item_purchase_floors":[],"current_hp_per_floor":[80,86,90,105,115,107,117,127,137,146,156,190,195,199,196,192,240,260,267,265,275,285,291,301,283,282,260,240,245,264,280,291,283,427,437,433,446,429,439,422,432,442,454,464,491,501,511,491,501,537],"gold":684,"neow_bonus":"BOSS_RELIC","is_daily":false,"chose_seed":false,"campfire_upgraded":3,"win_rate":0.0,"timestamp":1608625763,"path_taken":["R","M","M","M","?","E","T","?","R","M","R","E","?","M","M","BOSS","R","M","?","?","?","M","T","E","M","M","E","M","M","M","M","BOSS","R","M","?","M","?","E","T","R","M","?","M","?","?","M","M","BOSS"],"items_purchased_type":[],"build_version":"2020-12-13","purchased_purges":3,"victory":true,"max_hp_per_floor":[80,90,100,110,120,130,140,150,160,170,180,190,200,210,220,230,240,260,270,280,290,300,310,320,337,347,357,367,377,387,397,407,417,427,437,447,457,467,477,487,497,507,517,527,537,547,557,567,577,587],"card_choices":[{"not_picked":["Slimebound:SlimeBrawl","Slimebound:SplitAcid","Slimebound:LeechingTouch"],"picked":"SKIP","floor":2.0},{"not_picked":["Slimebound:RainOfGoop","Slimebound:Schlurp","Slimebound:DisruptingSlam"],"picked":"SKIP","floor":3.0},{"not_picked":["Slimebound:GrowthPunch","Slimebound:SplitMire","Slimebound:Schlurp"],"picked":"SKIP","floor":4.0},{"not_picked":["Slimebound:SlimeBarrage","Slimebound:FlameTackle","Slimebound:Replication"],"picked":"SKIP","floor":6.0},{"not_picked":["Slimebound:Chomp","Slimebound:GoopSpray"],"picked":"Slimebound:AcidTongue","floor":10.0},{"not_picked":["Slimebound:TongueLash","Slimebound:LivingWall"],"picked":"Slimebound:ViciousTackle","floor":12.0},{"not_picked":["Slimebound:SlimeSpikes","Slimebound:SlimeBrawl","Slimebound:SplitMire"],"picked":"SKIP","floor":13.0},{"not_picked":["Slimebound:GoopTackle","Slimebound:HauntingLick","Slimebound:RollThrough"],"picked":"SKIP","floor":14.0},{"not_picked":["Slimebound:OozeBath","Slimebound:Dissolve","Slimebound:SplitBruiser"],"picked":"SKIP","floor":15.0},{"not_picked":["Slimebound:MassRepurpose","Slimebound:Teamwork"],"picked":"Slimebound:DouseInSlime","floor":16.0},{"not_picked":["Slimebound:SplitMire","Slimebound:SplitBruiser","Slimebound:RejuvenatingLick"],"picked":"SKIP","floor":19.0},{"not_picked":["Slimebound:ViciousTackle","Slimebound:FinishingTackle","Slimebound:ComboTackle"],"picked":"SKIP","floor":23},{"not_picked":["Slimebound:Schlurp+1","Slimebound:SamplingLick+1","Slimebound:GoopSpray"],"picked":"SKIP","floor":25},{"not_picked":["Slimebound:SplitLeeching","Slimebound:ComboTackle","Slimebound:SplitBruiser"],"picked":"SKIP","floor":26},{"not_picked":["Slimebound:BestDefense","Slimebound:SamplingLick","Slimebound:SelfFormingGoo"],"picked":"SKIP","floor":27},{"not_picked":["Slimebound:LivingWall","Slimebound:SlimeTap","Slimebound:SplitMire"],"picked":"SKIP","floor":28},{"not_picked":["Slimebound:GoopTackle","Slimebound:GrowthPunch","Slimebound:GoopSpray"],"picked":"SKIP","floor":29},{"not_picked":["Slimebound:MassRepurpose","Slimebound:RollThrough","Slimebound:SamplingLick"],"picked":"SKIP","floor":30},{"not_picked":["Slimebound:RejuvenatingLick","Slimebound:ComboTackle","Slimebound:SlimeTap"],"picked":"SKIP","floor":31},{"not_picked":["Slimebound:SpikyOuterGoop","Slimebound:SlimeTap+1","Slimebound:RollThrough"],"picked":"SKIP","floor":32},{"not_picked":["Slimebound:ComboTackle","Slimebound:AcidTongue","Slimebound:LeadByExample+1"],"picked":"SKIP","floor":36},{"not_picked":["Slimebound:FinishingTackle+1","Slimebound:SlimeBarrage+1"],"picked":"Slimebound:GrowthPunch+1","floor":38},{"not_picked":["Slimebound:LivingWall","Slimebound:Repurpose","Slimebound:LeadByExample+1"],"picked":"SKIP","floor":40},{"not_picked":["Slimebound:SplitBruiser","Slimebound:SplitMire","Slimebound:FinishingTackle"],"picked":"SKIP","floor":43},{"not_picked":["Slimebound:Teamwork","Slimebound:SplitMire","Slimebound:SlimeSpikes+1"],"picked":"SKIP","floor":45},{"not_picked":["Slimebound:FinishingTackle+1","Slimebound:ComboTackle+1","Slimebound:LeechingTouch"],"picked":"SKIP","floor":48},{"not_picked":["Slimebound:SamplingLick","Slimebound:PressTheAttack+1","Slimebound:Schlurp"],"picked":"SKIP","floor":49}],"player_experience":3927,"relics_obtained":[{"floor":6.0,"key":"Girya"},{"floor":12.0,"key":"testmod-Antiphasic"},{"floor":24,"key":"Oddly Smooth Stone"},{"floor":25,"key":"Strawberry"},{"floor":28,"key":"Anchor"},{"floor":37,"key":"Unceasing Top"},{"floor":40,"key":"Slimebound:AggressiveSlimeRelic"},{"floor":41,"key":"Pantograph"},{"floor":46,"key":"Meat on the Bone"}],"event_choices":[{"damage_healed":0.0,"max_hp_gain":0.0,"max_hp_loss":0.0,"gold_gain":0.0,"event_name":"给自己的盒子","player_choice":"Swap Relic","floor":8.0,"relics_lost":["testmod-TestBox"],"gold_loss":0.0,"damage_taken":0.0,"relics_obtained":["Juzu Bracelet"]},{"damage_healed":0,"gold_gain":0,"player_choice":"Forge","damage_taken":0,"max_hp_gain":0,"max_hp_loss":0,"event_name":"Accursed Blacksmith","floor":39,"gold_loss":0,"cards_upgraded":["Slimebound:ViciousTackle"]},{"damage_healed":0,"gold_gain":150,"player_choice":"Sell","damage_taken":0,"max_hp_gain":0,"max_hp_loss":0,"event_name":"恩洛斯的盘子","floor":47,"relics_lost":["Strawberry"],"gold_loss":0}],"is_beta":false,"boss_relics":[{"not_picked":["testmod-Fanaticism","testmod-EnergyCheck"],"picked":"Runic Pyramid"},{"not_picked":["testmod-Recursion","SacredBark"],"picked":"Slimebound:TarBlob"}],"items_purged_floors":[9,9,42],"is_endless":false,"potions_floor_spawned":[2,6,12,14,19,26,27,29,33,38,40,43,48,49],"ascension_level":0}}