{"host":"usewcu4ohw2wtmxk","time":1608625888,"event":{"mods":["BaseMod","Minty Spire (QoL Compilation)","Permanent Neow","Quick Restart","Relic Stats","UnlockEverythingMod"],"gold_per_floor":[118,118,118,132,132,132,132,159,159,179,193,203,203,203,203,281,281,297,53,70,89,101,101,121,121,121,121,147,147,147],"floor_reached":29,"playtime":778,"items_purged":["Strike_B"],"score":540,"play_id":"3cc515b1-6978-4043-bfe3-09728b970dea","local_time":"20201222163128","is_ascension_mode":true,"campfire_choices":[{"data":"Dualcast","floor":6.0,"key":"SMITH"},{"data":"Defragment","floor":13.0,"key":"SMITH"},{"data":"Coolheaded","floor":15.0,"key":"SMITH"},{"data":"Turbo","floor":23.0,"key":"SMITH"},{"floor":25.0,"key":"REST"},{"data":"Fission","floor":27,"key":"SMITH"}],"circlet_count":0,"master_deck":["AscendersBane","Strike_B","Defend_B","Defend_B","Defend_B","Defend_B","Zap","Dualcast+1","Ball Lightning","Hello World","Defragment+1","Glacier","Coolheaded+1","Fission+1","Hologram","Meteor Strike","Core Surge","Turbo+1"],"relics":["Cracked Core","NeowsBlessing","Lantern","Potion Belt","Runic Pyramid","Orrery","Dream Catcher","Question Card"],"acts_visited":["Exordium","TheCity"],"potions_floor_usage":[],"damage_taken":[{"damage":0.0,"enemies":"Cultist","floor":1.0,"turns":1.0},{"damage":0.0,"enemies":"Small Slimes","floor":4.0,"turns":1.0},{"damage":0.0,"enemies":"Lagavulin","floor":8.0,"turns":1.0},{"damage":4.0,"enemies":"Jaw Worm","floor":10.0,"turns":3.0},{"damage":25.0,"enemies":"Gremlin Gang","floor":11.0,"turns":4.0},{"damage":0.0,"enemies":"Exordium Wildlife","floor":12.0,"turns":3.0},{"damage":18.0,"enemies":"Hexaghost","floor":16.0,"turns":9.0},{"damage":0.0,"enemies":"Chosen","floor":18.0,"turns":7.0},{"damage":13.0,"enemies":"Shell Parasite","floor":20.0,"turns":11.0},{"damage":3.0,"enemies":"Snake Plant","floor":21.0,"turns":3.0},{"damage":16.0,"enemies":"Centurion and Healer","floor":22.0,"turns":11.0},{"damage":5.0,"enemies":"Cultist and Chosen","floor":24.0,"turns":6.0},{"damage":33,"enemies":"Book of Stabbing","floor":28,"turns":5},{"damage":19,"enemies":"Chosen and Byrds","floor":29,"turns":4}],"seed_played":"2432010119957289572","potions_obtained":[{"floor":11.0,"key":"Weak Potion"},{"floor":16.0,"key":"SteroidPotion"},{"floor":20.0,"key":"ColorlessPotion"},{"floor":24.0,"key":"FearPotion"}],"is_trial":false,"path_per_floor":["M","$","?","M","?","R","?","E","T","M","M","M","R","?","R","B",null,"M","$","M","M","M","R","M","R","T","R","E","M"],"character_chosen":"DEFECT","items_purchased":["Orrery"],"campfire_rested":1,"item_purchase_floors":[19],"current_hp_per_floor":[64,64,69,69,62,62,62,62,62,58,33,33,33,33,33,15,61,61,61,48,45,29,29,24,46,46,46,13,0,0],"gold":147,"neow_bonus":"THREE_ENEMY_KILL","is_daily":false,"chose_seed":false,"campfire_upgraded":5,"win_rate":0.0,"timestamp":1608625888,"path_taken":["M","?","?","M","?","R","?","E","T","?","M","M","R","?","R","BOSS","M","$","M","M","M","R","M","R","T","R","E","M"],"items_purchased_type":["Relic"],"build_version":"2020-12-13","purchased_purges":1,"victory":false,"max_hp_per_floor":[71,71,76,76,76,76,76,76,76,76,76,76,76,76,76,76,76,76,76,76,76,76,76,76,76,76,76,76,76,76],"relic_stats":{"Dream Catcher":0,"counters":[14,69],"Question Card":0,"obtain_stats":[{"Potion Belt":9,"Lantern":8,"Dream Catcher":26,"NeowsBlessing":0,"Orrery":19,"Cracked Core":0,"Question Card":28,"Runic Pyramid":17},{"Potion Belt":3,"Lantern":3,"Dream Catcher":12,"NeowsBlessing":0,"Orrery":8,"Cracked Core":0,"Question Card":13,"Runic Pyramid":7},{"Potion Belt":3,"Lantern":3,"Dream Catcher":60,"NeowsBlessing":0,"Orrery":29,"Cracked Core":0,"Question Card":65,"Runic Pyramid":22}]},"card_choices":[{"not_picked":["Coolheaded","Go for the Eyes"],"picked":"Ball Lightning","floor":1.0},{"not_picked":["Lockon","Steam Power"],"picked":"Hello World","floor":4.0},{"not_picked":["Biased Cognition","FTL"],"picked":"Defragment","floor":8.0},{"not_picked":["Force Field","Steam","Sunder"],"picked":"SKIP","floor":10.0},{"not_picked":["Steam","Darkness"],"picked":"Glacier","floor":11.0},{"not_picked":["Ball Lightning","Redo"],"picked":"Coolheaded","floor":12.0},{"not_picked":["Thunder Strike","Amplify"],"picked":"Meteor Strike","floor":16.0},{"not_picked":["Fusion","Cold Snap+1","Storm"],"picked":"SKIP","floor":18.0},{"not_picked":["Blizzard","Turbo"],"picked":"Core Surge","floor":20.0},{"not_picked":["Cold Snap+1","Go for the Eyes","Gash"],"picked":"SKIP","floor":21.0},{"not_picked":["Hologram","Capacitor"],"picked":"Turbo","floor":22.0},{"not_picked":["Go for the Eyes","Compile Driver","Undo"],"picked":"SKIP","floor":24.0},{"not_picked":["Hello World","Beam Cell","Darkness"],"picked":"SKIP","floor":28}],"player_experience":220517,"relics_obtained":[{"floor":8.0,"key":"Lantern"},{"floor":9.0,"key":"Potion Belt"},{"floor":26.0,"key":"Dream Catcher"},{"floor":28,"key":"Question Card"}],"event_choices":[{"damage_healed":0.0,"max_hp_gain":5.0,"max_hp_loss":0.0,"gold_gain":0.0,"event_name":"Big Fish","player_choice":"Donut","floor":3.0,"gold_loss":0.0,"damage_taken":0.0},{"cards_removed":["Strike_B"],"damage_healed":0.0,"max_hp_gain":0.0,"max_hp_loss":0.0,"gold_gain":0.0,"event_name":"Golden Wing","player_choice":"Card Removal","floor":5.0,"gold_loss":0.0,"damage_taken":7.0},{"cards_removed":["Strike_B"],"damage_healed":0.0,"max_hp_gain":0.0,"max_hp_loss":0.0,"gold_gain":0.0,"event_name":"Bonfire Elementals","player_choice":"Offered Basic","floor":7.0,"gold_loss":0.0,"damage_taken":0.0},{"damage_healed":0.0,"max_hp_gain":0.0,"max_hp_loss":0.0,"gold_gain":0.0,"event_name":"Match and Keep!","player_choice":"2 cards matched","floor":14.0,"gold_loss":0.0,"damage_taken":0.0,"cards_obtained":["Fission","Hologram"]}],"is_beta":false,"boss_relics":[{"not_picked":["Philosopher\u0027s Stone","SacredBark"],"picked":"Runic Pyramid"}],"items_purged_floors":[19],"is_endless":false,"potions_floor_spawned":[11,16,20,24],"killed_by":"Chosen and Byrds","ascension_level":20}}