{"host":"Godlander","time":1608680499,"event":{"mods":["BaseMod","Bestiary","BetterRewards","Card Forge","Colored Powertips","Conspire","Custom Start","Googly Eyes","Halation","Hubris","Infinite Spire","Mimic Mod","Minty Spire (QoL Compilation)","Replay The Spire","Shop Mod","StSLib","SuperFastMode","The Jungle","UnlockEverythingMod","[JumpMod]????"],"gold_per_floor":[110,121,137,217,236,236,236],"floor_reached":6,"playtime":376,"items_purged":[],"score":38,"play_id":"3df9b3a9-f669-4d88-b683-2cc68fea9739","local_time":"20201222154139","is_ascension_mode":false,"campfire_choices":[],"circlet_count":0,"master_deck":["Rage","hubris:Wrath","infinitespire:NeuralNetwork","Master of Strategy","Calculated Gamble","Rage"],"relics":["Burning Blood","Hammer of Thor","Seething Fire","Anvil of the Gods","HowToJump","NeowsBlessing"],"acts_visited":["Exordium"],"potions_floor_usage":[],"damage_taken":[{"damage":0,"enemies":"Cultist","floor":1,"turns":1},{"damage":0,"enemies":"2 Louse","floor":2,"turns":1},{"damage":0,"enemies":"Small Slimes","floor":3,"turns":1},{"damage":12,"enemies":"Blue Slaver","floor":5,"turns":2},{"damage":30,"enemies":"3 Sentries","floor":6,"turns":3}],"seed_played":"-2483676288920591301","potions_obtained":[{"floor":2,"key":"DuplicationPotion"}],"is_trial":false,"path_per_floor":["M","M","M","?","M","E"],"character_chosen":"IRONCLAD","items_purchased":[],"campfire_rested":0,"item_purchase_floors":[],"current_hp_per_floor":[80,80,80,80,74,44,44],"gold":236,"neow_bonus":"THREE_ENEMY_KILL","is_daily":false,"chose_seed":false,"campfire_upgraded":0,"win_rate":0.0,"timestamp":1608680499,"path_taken":["M","M","?","?","M","E"],"items_purchased_type":[],"build_version":"2020-12-18","purchased_purges":0,"victory":false,"max_hp_per_floor":[80,80,80,80,80,80,80],"card_choices":[{"not_picked":["Havoc","Pommel Strike","Perfected Strike"],"picked":"SKIP","floor":1},{"not_picked":["Rampage","Ghostly Armor","Warcry"],"picked":"SKIP","floor":2},{"not_picked":["Flex","Massacre","Twin Strike"],"picked":"SKIP","floor":3},{"not_picked":["ReplayTheSpireMod:Strike From Hell","Sentinel","Shrug It Off"],"picked":"SKIP","floor":5}],"player_experience":537874,"relics_obtained":[],"event_choices":[{"damage_healed":0,"gold_gain":80,"player_choice":"Gained Gold","damage_taken":0,"max_hp_gain":0,"max_hp_loss":0,"event_name":"Golden Wing","floor":4,"gold_loss":0}],"is_beta":true,"boss_relics":[],"items_purged_floors":[],"is_endless":false,"potions_floor_spawned":[2],"killed_by":"3 Sentries","ascension_level":0}}