{"host":"1c52r9kaxdyo25eq","time":1608623784,"event":{"mods":["AchievementEnabler","BaseMod","Minty Spire (QoL Compilation)","Rare Cards Sparkle","SuperFastMode","everything is the same but u backflip on backflip"],"gold_per_floor":[109,127,127,277,39,72,72,89,89,100,100,164,181,194,194,271,271,250,284,303,303,303],"floor_reached":21,"playtime":437,"items_purged":["Doubt"],"score":412,"play_id":"6c144ff8-fd5e-440a-9f05-835f76e68c13","local_time":"20201222165624","is_ascension_mode":true,"campfire_choices":[{"data":"Eviscerate","floor":7,"key":"SMITH"},{"data":"Calculated Gamble","floor":15,"key":"SMITH"}],"circlet_count":0,"master_deck":["AscendersBane","Strike_G","Strike_G+1","Strike_G","Strike_G","Defend_G","Defend_G","Defend_G","Defend_G+1","Defend_G","Survivor","Neutralize","Acrobatics","Eviscerate+1","Tactician","Calculated Gamble+1","After Image","Escape Plan","Acrobatics"],"relics":["Ring of the Snake","NeowsBlessing","PreservedInsect","Letter Opener","Pantograph","Bag of Marbles","Black Star","Red Mask"],"acts_visited":["Exordium","TheCity"],"potions_floor_usage":[12,16,16],"damage_taken":[{"damage":0.0,"enemies":"Cultist","floor":1.0,"turns":1.0},{"damage":0.0,"enemies":"Small Slimes","floor":2.0,"turns":1.0},{"damage":0,"enemies":"3 Sentries","floor":6,"turns":1},{"damage":0,"enemies":"2 Louse","floor":8,"turns":3},{"damage":0,"enemies":"Large Slime","floor":10,"turns":4},{"damage":0,"enemies":"Gremlin Nob","floor":12,"turns":2},{"damage":6,"enemies":"3 Louse","floor":13,"turns":3},{"damage":0,"enemies":"2 Fungi Beasts","floor":14,"turns":2},{"damage":34,"enemies":"Slime Boss","floor":16,"turns":7},{"damage":15,"enemies":"2 Thieves","floor":18,"turns":4},{"damage":21,"enemies":"Masked Bandits","floor":19,"turns":6},{"damage":8,"enemies":"Spheric Guardian","floor":20,"turns":5},{"damage":6,"enemies":"Cultist and Chosen","floor":21,"turns":3}],"seed_played":"-930965859813037663","potions_obtained":[{"floor":6,"key":"Regen Potion"},{"floor":8,"key":"DuplicationPotion"},{"floor":13,"key":"DistilledChaos"},{"floor":14,"key":"Explosive Potion"},{"floor":16,"key":"SpeedPotion"},{"floor":18,"key":"Strength Potion"}],"is_trial":false,"path_per_floor":["M","M","?","?","$","E","R","M","T","M","?","?","M","M","R","B",null,"M","?","M","M"],"character_chosen":"THE_SILENT","items_purchased":["PreservedInsect"],"campfire_rested":0,"item_purchase_floors":[5],"current_hp_per_floor":[59,59,39,39,39,39,39,39,39,39,32,32,26,26,26,17,54,39,18,10,4,4],"gold":303,"neow_bonus":"THREE_ENEMY_KILL","is_daily":false,"chose_seed":false,"campfire_upgraded":2,"win_rate":0.0,"timestamp":1608623784,"path_taken":["M","?","?","?","$","E","R","M","T","M","?","?","M","M","R","BOSS","M","?","M","M"],"items_purchased_type":["Relic"],"build_version":"2020-12-13","purchased_purges":1,"victory":false,"max_hp_per_floor":[66,66,66,66,66,66,66,66,66,66,66,66,66,66,66,66,66,66,66,66,66,66],"card_choices":[{"not_picked":["Cloak And Dagger","Footwork"],"picked":"Acrobatics","floor":1.0},{"not_picked":["All Out Attack","Underhanded Strike"],"picked":"Eviscerate","floor":2.0},{"not_picked":["Flying Knee","All Out Attack","Wraith Form v2"],"picked":"SKIP","floor":6},{"not_picked":["Dagger Spray","Infinite Blades"],"picked":"Tactician","floor":8},{"not_picked":["Concentrate","Sucker Punch","Backflip"],"picked":"SKIP","floor":10},{"not_picked":["Blur","Reflex"],"picked":"Calculated Gamble","floor":13},{"not_picked":["Poisoned Stab","Noxious Fumes","Deflect"],"picked":"SKIP","floor":14},{"not_picked":["Malaise","Envenom"],"picked":"After Image","floor":16},{"not_picked":["Finisher+1","Outmaneuver","Slice"],"picked":"SKIP","floor":18},{"not_picked":["Dagger Spray","Skewer"],"picked":"Escape Plan","floor":19},{"not_picked":["Deadly Poison","PiercingWail"],"picked":"Acrobatics","floor":20}],"player_experience":505993,"relics_obtained":[{"floor":6,"key":"Letter Opener"},{"floor":9,"key":"Pantograph"},{"floor":12,"key":"Bag of Marbles"},{"floor":19,"key":"Red Mask"}],"event_choices":[{"damage_healed":0.0,"max_hp_gain":0.0,"max_hp_loss":0.0,"gold_gain":0.0,"event_name":"Shining Light","player_choice":"Entered Light","floor":3.0,"gold_loss":0.0,"damage_taken":20.0,"cards_upgraded":["Strike_G","Defend_G"]},{"damage_healed":0,"gold_gain":150,"player_choice":"AGREE","damage_taken":0,"max_hp_gain":0,"max_hp_loss":0,"event_name":"Liars Game","floor":4,"gold_loss":0,"cards_obtained":["Doubt"]},{"cards_removed":["Strike_G"],"damage_healed":0,"gold_gain":0,"player_choice":"Card Removal","damage_taken":7,"max_hp_gain":0,"max_hp_loss":0,"event_name":"Golden Wing","floor":11,"gold_loss":0},{"damage_healed":0,"gold_gain":30,"player_choice":"Searched \u00272\u0027 times","damage_taken":0,"max_hp_gain":0,"max_hp_loss":0,"event_name":"Dead Adventurer","floor":12,"gold_loss":0},{"damage_healed":0,"gold_gain":0,"player_choice":"Fought Bandits","damage_taken":0,"max_hp_gain":0,"max_hp_loss":0,"event_name":"Masked Bandits","floor":19,"gold_loss":0}],"is_beta":false,"boss_relics":[{"not_picked":["Runic Dome","Velvet Choker"],"picked":"Black Star"}],"items_purged_floors":[5],"is_endless":false,"potions_floor_spawned":[6,8,13,14,16,18,20],"killed_by":"Cultist and Chosen","ascension_level":20}}