{"host":"eeeqmyc7a1933jos","time":1608681336,"event":{"mods":["2.2 Compatiblity","Act Like it!","BaseMod","CapriCore","Colored Powertips","Downfall","Elementarium","Friendly Minions","Gensokyo","GifTheSpireLib","Gremlin Mod","Hallownest","Hermit","Hubris","Infinite Spire","Jorbs\u0027s Wanderer Trilogy","Marisa????????","Mimic Mod","Minty Spire (QoL Compilation)","Pale of the Ancients","Random Character Button","Random Character Mod","Reimu??????","Relic Sorter","Relic Stats","Replay The Spire","SIMod","Shade Mod","StSLib","The Administrix","The Bug Knight","The Hierophant","The Immortal","The Mystic","The Runesmith","The Senshi","The Vixen","TheBandit","TheFirefly","TheVacant","Wandering Minibosses"],"gold_per_floor":[99,119,130,130,146,180,249,262,262,281,316,333,219,237,248,248,248],"floor_reached":16,"playtime":2494,"items_purged":["Strike_MRS"],"score":138,"play_id":"989f3290-d5b0-4533-b865-d24c7252d663","local_time":"20201223005536","is_ascension_mode":true,"campfire_choices":[{"data":"TreasureHunter","floor":1,"key":"SMITH"}],"circlet_count":0,"master_deck":["Strike_MRS","Strike_MRS","Strike_MRS","Defend_MRS","Defend_MRS","Defend_MRS","Defend_MRS","MasterSpark","UpSweep","TreasureHunter+1","MysteriousBeam","OortCloud","AsteroidBelt","Pot Of Greed","Pot Of Greed","OrrerysSun","FairyDestructionRay","IllusionStar","LuminesStrike","PowerUp","MysteriousBeam"],"relics":["MiniHakkero","Grinning Jar","ReplayTheSpireMod:Shallot","Spirit Poop","Orichalcum"],"acts_visited":["Exordium"],"potions_floor_usage":[6,11,16,16],"damage_taken":[{"damage":4,"enemies":"2 Louse","floor":2,"turns":2},{"damage":1,"enemies":"Cultist","floor":3,"turns":3},{"damage":0,"enemies":"Jaw Worm","floor":5,"turns":3},{"damage":10,"enemies":"Lagavulin","floor":6,"turns":10},{"damage":5,"enemies":"2 Fungi Beasts","floor":8,"turns":7},{"damage":0,"enemies":"Gremlin Gang","floor":10,"turns":4},{"damage":3,"enemies":"Gremlin Nob","floor":11,"turns":3},{"damage":4,"enemies":"Exordium Wildlife","floor":12,"turns":4},{"damage":0,"enemies":"downfall:FleeingMerchant","floor":13,"turns":4},{"damage":0,"enemies":"3 Louse","floor":14,"turns":2},{"damage":0,"enemies":"Large Slime","floor":15,"turns":3},{"damage":49,"enemies":"downfall:Defect","floor":16,"turns":9}],"seed_played":"6623293596838379882","potions_obtained":[{"floor":2,"key":"SkillPotion"},{"floor":4,"key":"downfall:CursedFountainPotion"},{"floor":8,"key":"Swift Potion"},{"floor":10,"key":"Strength Potion"},{"floor":14,"key":"Energy Potion"}],"is_trial":false,"path_per_floor":["R","M","M","?","M","E","T","M","?","M","E","M","$","M","M","B"],"character_chosen":"MARISA","items_purchased":["PowerUp"],"campfire_rested":0,"item_purchase_floors":[13],"current_hp_per_floor":[75,71,70,70,70,60,60,55,55,55,52,48,48,48,48,0,0],"gold":248,"neow_bonus":"THREE_RARE_CARDS","is_daily":false,"chose_seed":false,"campfire_upgraded":1,"win_rate":0.0,"timestamp":1608681336,"path_taken":["R","M","M","?","M","E","T","?","?","M","E","?","$","M","M","BOSS"],"items_purchased_type":["Card"],"build_version":"2020-12-13","purchased_purges":1,"victory":false,"max_hp_per_floor":[75,75,75,75,75,75,75,75,75,75,75,75,75,75,75,75,75],"relic_stats":{"counters":[12,54],"Orichalcum":[18],"obtain_stats":[{"ReplayTheSpireMod:Shallot":6,"Spirit Poop":9,"MiniHakkero":0,"Grinning Jar":6,"Orichalcum":11},{"ReplayTheSpireMod:Shallot":4,"Spirit Poop":5,"MiniHakkero":0,"Grinning Jar":4,"Orichalcum":7},{"ReplayTheSpireMod:Shallot":18,"Spirit Poop":25,"MiniHakkero":0,"Grinning Jar":18,"Orichalcum":32}]},"card_choices":[{"not_picked":["CollectingQuirk","MaximisePower"],"picked":"TreasureHunter","floor":0},{"not_picked":["GrandCross","DeepEcoloBomb"],"picked":"MysteriousBeam","floor":2},{"not_picked":["Singularity","MeteoricShower"],"picked":"OortCloud","floor":3},{"not_picked":["DC","ShootingEcho"],"picked":"AsteroidBelt","floor":5},{"not_picked":["SporeBomb","OortCloud"],"picked":"OrrerysSun","floor":6},{"not_picked":["BlazeAway","PulseMagic","6A"],"picked":"SKIP","floor":8},{"not_picked":["ShootingEcho","DC"],"picked":"FairyDestructionRay","floor":10},{"not_picked":["WitchLeyline","EscapeVelocity","Robbery"],"picked":"SKIP","floor":11},{"not_picked":["NonDirectionalLaser","MilkyWay"],"picked":"IllusionStar","floor":12},{"not_picked":["JA","GravityBeat"],"picked":"LuminesStrike","floor":13},{"not_picked":["WitchOfGreed","DC"],"picked":"MysteriousBeam","floor":14},{"not_picked":["PulseMagic","NonDirectionalLaser","GrandCross"],"picked":"SKIP","floor":15}],"player_experience":1349839,"relics_obtained":[{"floor":6,"key":"Grinning Jar"},{"floor":6,"key":"ReplayTheSpireMod:Shallot"},{"floor":11,"key":"Orichalcum"}],"event_choices":[{"cards_removed":["Looming Evil"],"damage_healed":0,"gold_gain":0,"player_choice":"Offered Curse","damage_taken":0,"relics_obtained":["Spirit Poop"],"max_hp_gain":0,"max_hp_loss":0,"event_name":"Bonfire Elementals","floor":9,"gold_loss":0}],"is_beta":false,"boss_relics":[],"items_purged_floors":[13],"is_endless":false,"potions_floor_spawned":[2,8,10,14,15],"killed_by":"downfall:Defect","ascension_level":4}}