{"host":"0cm5wy4nhuju7tij","time":1608612511,"event":{"mods":["2.2 Compatiblity","AchievementEnabler","BaseMod","Better Third Choice","BetterRewards","CatGirl Mod","Colored Powertips","Curses Come First","Custom Start","Displayed Cursed Tome","Downfall","Energized Spire","Filter the Spire","Fireblade Mod","Highlight Path","Jess\u0027s Bottle","Minty Spire (QoL Compilation)","Permanent Neow","Railgun Mod","Robot Space Explorer","Shop Mod","Spicy Shops","StSLib","The Marked","The Servant 0.9.4"],"gold_per_floor":[114,130,140,150,167,167,16,16,16,34,34,34,47,74,74,177,177,194,208,208,220,220,220],"floor_reached":22,"playtime":1127,"items_purged":[],"score":190,"play_id":"81058e91-fbd8-4f54-b8b9-70a4accd25e2","local_time":"20201221234831","is_ascension_mode":false,"campfire_choices":[{"data":"theCatGirl:AngryForm","floor":6,"key":"SMITH"},{"data":"theCatGirl:FinishingMove","floor":8,"key":"SMITH"},{"floor":11,"key":"REST"},{"floor":15,"key":"REST"}],"circlet_count":0,"master_deck":["theCatGirl:Strike","theCatGirl:Strike","theCatGirl:Strike","theCatGirl:Strike","theCatGirl:Defend","theCatGirl:Defend","theCatGirl:Defend","theCatGirl:ClawStrike+1","theCatGirl:Evasion","theCatGirl:FinishingMove+1","theCatGirl:PoisedStrike","theCatGirl:Parry","theCatGirl:ClawScratch","theCatGirl:AngryForm+1","theCatGirl:ElegantStrike","theCatGirl:DefensiveStance","theCatGirl:DefensiveStance","theCatGirl:Insane","theCatGirl:Counterattack","theCatGirl:PlayAround"],"relics":["theCatGirl:TrainedRelic","Bronze Scales","theCatGirl:DriedFish","Boot","Busted Crown"],"acts_visited":["Exordium","TheCity"],"potions_floor_usage":[10,16,16,16],"damage_taken":[{"damage":0,"enemies":"Cultist","floor":1,"turns":4},{"damage":0,"enemies":"Jaw Worm","floor":2,"turns":4},{"damage":0,"enemies":"Small Slimes","floor":3,"turns":4},{"damage":7,"enemies":"Red Slaver","floor":4,"turns":4},{"damage":22,"enemies":"Gremlin Gang","floor":5,"turns":5},{"damage":0,"enemies":"3 Louse","floor":10,"turns":3},{"damage":16,"enemies":"Red Slaver","floor":13,"turns":4},{"damage":18,"enemies":"3 Sentries","floor":14,"turns":6},{"damage":38,"enemies":"Hexaghost","floor":16,"turns":8},{"damage":30,"enemies":"2 Thieves","floor":18,"turns":3},{"damage":10,"enemies":"Chosen","floor":19,"turns":3},{"damage":28,"enemies":"Shelled Parasite and Fungi","floor":21,"turns":3},{"damage":7,"enemies":"Centurion and Healer","floor":22,"turns":1}],"seed_played":"5199440262696370168","potions_obtained":[{"floor":1,"key":"Block Potion"},{"floor":3,"key":"Weak Potion"},{"floor":4,"key":"EntropicBrew"},{"floor":14,"key":"CultistPotion"}],"is_trial":false,"path_per_floor":["M","M","M","M","M","R","$","R","T","M","R","?","M","E","R","B",null,"M","M","?","M","M"],"character_chosen":"THE_CATGIRL","items_purchased":["Bronze Scales"],"campfire_rested":2,"item_purchase_floors":[7],"current_hp_per_floor":[70,70,70,63,41,41,41,41,41,41,62,55,41,25,46,10,70,42,32,32,6,0,0],"gold":220,"neow_bonus":"UPGRADE_CARD","is_daily":false,"chose_seed":false,"campfire_upgraded":2,"win_rate":0.0,"timestamp":1608612511,"path_taken":["M","?","M","M","?","R","?","R","T","M","R","?","M","E","R","BOSS","M","M","?","M","?"],"items_purchased_type":["Relic"],"build_version":"2020-12-13","purchased_purges":0,"victory":false,"max_hp_per_floor":[70,70,70,70,70,70,70,70,70,70,70,70,70,70,70,70,70,70,70,70,70,70,70],"card_choices":[{"not_picked":["theCatGirl:ShockedWitness","theCatGirl:LostTrinket"],"picked":"theCatGirl:FinishingMove","floor":1},{"not_picked":["theCatGirl:AccidentalSlap","theCatGirl:ScratchFlurry"],"picked":"theCatGirl:PoisedStrike","floor":2},{"not_picked":["theCatGirl:AllIn","theCatGirl:TrainWreck"],"picked":"theCatGirl:Parry","floor":3},{"not_picked":["theCatGirl:BloodBath","theCatGirl:ScratchFlurry"],"picked":"theCatGirl:ClawScratch","floor":4},{"not_picked":["theCatGirl:Slip","theCatGirl:ClenchYourTeeth"],"picked":"theCatGirl:AngryForm","floor":5},{"not_picked":["theCatGirl:AccidentalSlap","theCatGirl:RunningWithDaggers"],"picked":"theCatGirl:ElegantStrike","floor":10},{"not_picked":["theCatGirl:BodyBlow","theCatGirl:Stalk"],"picked":"theCatGirl:DefensiveStance","floor":13},{"not_picked":["theCatGirl:AccidentalHeadbutt","theCatGirl:FumblingBlow"],"picked":"theCatGirl:DefensiveStance","floor":14},{"not_picked":["theCatGirl:Howl","theCatGirl:PerfectBlock"],"picked":"theCatGirl:Insane","floor":16},{"not_picked":["theCatGirl:TripLunge"],"picked":"SKIP","floor":18},{"not_picked":[],"picked":"theCatGirl:Counterattack","floor":19},{"not_picked":[],"picked":"theCatGirl:PlayAround","floor":21}],"player_experience":266109,"relics_obtained":[{"floor":9,"key":"theCatGirl:DriedFish"},{"floor":14,"key":"Boot"}],"event_choices":[{"cards_removed":["theCatGirl:Defend"],"damage_healed":0,"gold_gain":0,"player_choice":"Card Removal","damage_taken":7,"max_hp_gain":0,"max_hp_loss":0,"event_name":"Golden Wing","floor":12,"gold_loss":0},{"damage_healed":0,"gold_gain":0,"player_choice":"Bought 0 Potions","damage_taken":0,"max_hp_gain":0,"max_hp_loss":0,"event_name":"The Woman in Blue","floor":20,"gold_loss":0}],"is_beta":false,"boss_relics":[{"not_picked":["Ectoplasm","Runic Dome"],"picked":"Busted Crown"}],"items_purged_floors":[],"is_endless":false,"potions_floor_spawned":[1,3,4,5,14,18],"killed_by":"Centurion and Healer","ascension_level":0}}