{"host":"28bpuzdckreop5i0","time":1608658627,"event":{"mods":["BaseMod","BetterRewards","Challenge The Spire","Defuse TimeMaze Blight","Downfall","Energized Spire","Googly Eyes","Hubris","Lobotomy","Mimic Mod","Minty Spire (QoL Compilation)","Relic Stats","Replay The Spire","Spicy Shops","StSLib","The Awakened One except there are too many feathers","The Cursed","The Hierophant","The IronCluck","Thieving Mod","Transform Curses","Wandering Minibosses","slay the spire mod where everything is the same but ironclad has a cowboy hat"],"gold_per_floor":[115,115,15,32,44,44,79,10,47,47,63,75,88,102,102,200,200,200,200],"floor_reached":18,"playtime":973,"items_purged":[],"score":164,"play_id":"12c7a172-d7f9-4b28-ac9c-de6c20e4c52f","local_time":"20201222113707","is_ascension_mode":false,"campfire_choices":[{"data":"Massacre","floor":10,"key":"SMITH"},{"floor":15,"key":"REST"}],"circlet_count":0,"master_deck":["Strike_R","Strike_R","Strike_R","Strike_R","Strike_R","Defend_R","Defend_R","Defend_R","Defend_R","Bash","Mercenary","Heavy Blade","Injury","Scorched","Massacre+1","QueenOfHatred","Iron Wave","DespairKnight","Variant","Twin Strike","Bloodbath","GalaxyChild","Perfected Strike","VoidDream","ReplayTheSpireMod:Corrosion Curse","UniverseFragment","Corruption","CurseOfTheBell"],"relics":["Burning Blood","CogitoBucket","hubris:Towel","hubris:PeanutButter","Guardian:PocketSentry","Replay:Towering Pillar of Hats","Blood Vial","Vajra","HellTrain","Replay:Grab Bag","ReplayTheSpireMod:Onyx Gauntlets","Fusion Hammer","hubris:ScarierMask","Calling Bell","CeramicFish","HornCleat","Girya"],"acts_visited":["Exordium","TheCity"],"potions_floor_usage":[13,16],"damage_taken":[{"damage":7,"enemies":"2 Louse","floor":1,"turns":4},{"damage":3,"enemies":"Jaw Worm","floor":4,"turns":3},{"damage":0,"enemies":"Cultist","floor":5,"turns":3},{"damage":10,"enemies":"3 Sentries","floor":7,"turns":4},{"damage":0,"enemies":"Lots of Slimes","floor":9,"turns":5},{"damage":13,"enemies":"Lots of Slimes","floor":11,"turns":3},{"damage":75,"enemies":"Large Slime","floor":12,"turns":6},{"damage":0,"enemies":"3 Louse","floor":13,"turns":2},{"damage":0,"enemies":"Exordium Thugs","floor":14,"turns":2},{"damage":77,"enemies":"Fading Forest","floor":16,"turns":11}],"seed_played":"4850962299232968012","potions_obtained":[{"floor":1,"key":"PowerPotion"},{"floor":4,"key":"Adrenaline Potion"},{"floor":7,"key":"SpeedPotion"}],"is_trial":false,"path_per_floor":["M","?","$","M","M","$","E","$","MIM","R","M","M","M","M","R","B",null,"M"],"character_chosen":"IRONCLAD","items_purchased":["hubris:PeanutButter","Replay:Towering Pillar of Hats"],"campfire_rested":1,"item_purchase_floors":[3,8],"current_hp_per_floor":[79,79,79,80,80,80,76,76,80,80,73,12,20,34,58,22,80,0,0],"gold":200,"neow_bonus":"","is_daily":false,"chose_seed":false,"campfire_upgraded":1,"win_rate":0.0,"timestamp":1608658627,"path_taken":["M","?","$","M","M","$","E","$","MIM","R","M","M","M","M","R","BOSS","M"],"items_purchased_type":["Relic","Relic"],"build_version":"2020-12-13","purchased_purges":0,"victory":false,"max_hp_per_floor":[80,80,80,80,80,80,80,80,80,80,80,80,80,80,80,80,80,80,80],"relic_stats":{"Blood Vial":8,"counters":[13,49],"CeramicFish":0,"obtain_stats":[{"Girya":17,"Replay:Towering Pillar of Hats":8,"Replay:Grab Bag":17,"CeramicFish":17,"Vajra":9,"Guardian:PocketSentry":7,"hubris:Towel":2,"Burning Blood":0,"Blood Vial":9,"Calling Bell":17,"CogitoBucket":0,"HornCleat":17,"hubris:ScarierMask":17,"hubris:PeanutButter":3,"Fusion Hammer":17,"HellTrain":11,"ReplayTheSpireMod:Onyx Gauntlets":17},{"Girya":11,"Replay:Towering Pillar of Hats":4,"Replay:Grab Bag":11,"CeramicFish":11,"Vajra":5,"Guardian:PocketSentry":4,"hubris:Towel":1,"Burning Blood":0,"Blood Vial":5,"Calling Bell":11,"CogitoBucket":0,"HornCleat":11,"hubris:ScarierMask":11,"hubris:PeanutButter":1,"Fusion Hammer":11,"HellTrain":7,"ReplayTheSpireMod:Onyx Gauntlets":11},{"Girya":43,"Replay:Towering Pillar of Hats":14,"Replay:Grab Bag":43,"CeramicFish":43,"Vajra":18,"Guardian:PocketSentry":14,"hubris:Towel":4,"Burning Blood":0,"Blood Vial":18,"Calling Bell":43,"CogitoBucket":0,"HornCleat":43,"hubris:ScarierMask":43,"hubris:PeanutButter":4,"Fusion Hammer":43,"HellTrain":22,"ReplayTheSpireMod:Onyx Gauntlets":43}],"Burning Blood":46},"card_choices":[{"not_picked":["CrumblingArmor","WallGazer"],"picked":"Mercenary","floor":1},{"not_picked":["Iron Wave","hubris:SharpeningStone"],"picked":"Heavy Blade","floor":1},{"not_picked":["OldLady","BeautyBeast"],"picked":"Scorched","floor":4},{"not_picked":["Intimidate","Heavy Blade"],"picked":"Massacre","floor":4},{"not_picked":["LongBird","UniverseFragment"],"picked":"QueenOfHatred","floor":5},{"not_picked":["ReplayReversal","Cleave"],"picked":"Iron Wave","floor":5},{"not_picked":["DreamingCurrent","PunishingBird"],"picked":"DespairKnight","floor":7},{"not_picked":["Uppercut","Feel No Pain","Clothesline"],"picked":"SKIP","floor":7},{"not_picked":["Uppercut","Feel No Pain","Clothesline"],"picked":"SKIP","floor":7},{"not_picked":["CrumblingArmor","BodiesMountain"],"picked":"Variant","floor":9},{"not_picked":["Warcry","Metallicize"],"picked":"Twin Strike","floor":11},{"not_picked":["NakedNest","FairyFestival"],"picked":"Bloodbath","floor":12},{"not_picked":["Fire Breathing","Seeing Red","ReplayTheSpireMod:Strike From Hell"],"picked":"SKIP","floor":12},{"not_picked":["Freischutz","WallGazer","Laetitia"],"picked":"Singing Bowl","floor":13},{"not_picked":["VoidDream","CrumblingArmor"],"picked":"GalaxyChild","floor":13},{"not_picked":["Corruption","Cleave"],"picked":"Perfected Strike","floor":13},{"not_picked":["MHz","BlackArmy"],"picked":"VoidDream","floor":14},{"not_picked":["Defy Death","ReplayTheSpireMod:Stacked"],"picked":"ReplayTheSpireMod:Corrosion Curse","floor":14},{"not_picked":["OldLady","Laetitia"],"picked":"UniverseFragment","floor":16},{"not_picked":["Bludgeon","Replay:Many Hands"],"picked":"Corruption","floor":16}],"player_experience":875655,"relics_obtained":[{"floor":7,"key":"Guardian:PocketSentry"},{"floor":9,"key":"Blood Vial"},{"floor":9,"key":"Vajra"},{"floor":17,"key":"CeramicFish"},{"floor":17,"key":"HornCleat"},{"floor":17,"key":"Girya"}],"event_choices":[],"is_beta":false,"boss_relics":[{"not_picked":["Ectoplasm","Replay:Bronze Core"],"picked":"Replay:Grab Bag"},{"not_picked":["energizedSpire:CursedPentagram","Sozu"],"picked":"ReplayTheSpireMod:Onyx Gauntlets"},{"not_picked":["energizedSpire:StickyHand","Electric Blood"],"picked":"Fusion Hammer"},{"not_picked":["SlaversCollar","Astrolabe"],"picked":"hubris:ScarierMask"},{"not_picked":["Replay:Drink Me","Snecko Heart"],"picked":"Calling Bell"}],"items_purged_floors":[],"is_endless":false,"potions_floor_spawned":[1,4,7,11],"killed_by":"Shell Parasite","ascension_level":0}}