{"host":"557iavmgkmyrqkcw","time":1608676461,"event":{"mods":["2.2 Compatiblity","AchievementEnabler","BaseMod","Better Note","Better Sensory Stone","Better Third Choice","Downfall","Friendly Minions","HololiveMod","Marisa????????","Minty Spire (QoL Compilation)","Replay The Spire","StSLib","The Alterego","The Fake Hero","The IronCluck","The Servant 0.9.4","Waifu the Spire"],"gold_per_floor":[111,53,67,67,85,110,122,137,185,185,203,218,236,265,265,367,367,385,385,15,26,26,26,40,66,66,66,66,66,96,59,74,84,84,189,189,205,218,178,178,178],"floor_reached":40,"playtime":3747,"items_purged":[],"score":488,"play_id":"411201c5-c02a-46ba-9e0d-6eba632b77f6","local_time":"20201222143421","is_ascension_mode":true,"campfire_choices":[{"floor":10.0,"key":"REST"},{"data":"Embodiment","floor":15.0,"key":"SMITH"}],"circlet_count":0,"master_deck":["Strike_S","Strike_S+1","Strike_S","Strike_S+1","Defend_S","Defend_S","Defend_S","Defend_S","KidneyShot","Exchange","Potential","InstantArmor","Embodiment+1","Rearm","SilverBlades","Defy+1","FanOfKnives","BestPractice","Dilation","FlawlessForm","Barrier+1","GearUp","Enlightenment","ShiftingGears","J.A.X.","Starlight+1","BottledTime+1","MurderousAura","Desolation"],"relics":["Uniform","Lizard Tail","Pondfish Scales","Bottled Flame","Omamori","Black Star","Bag of Preparation","Replay:Bottled Steam","alterego_mod:SomeoneToFightFor","Pear","betterThird:NestCultRelic","ReplayTheSpireMod:TigerMarble","ReplayTheSpireMod:Lightbulb","Painkiller Herb"],"acts_visited":["Exordium","TheCity","TheBeyond"],"potions_floor_usage":[40],"damage_taken":[{"damage":7.0,"enemies":"2 Louse","floor":1.0,"turns":4.0},{"damage":1.0,"enemies":"Cultist","floor":3.0,"turns":4.0},{"damage":0.0,"enemies":"Small Slimes","floor":5.0,"turns":4.0},{"damage":38.0,"enemies":"3 Sentries","floor":6.0,"turns":16.0},{"damage":0.0,"enemies":"Blue Slaver","floor":7.0,"turns":3.0},{"damage":0.0,"enemies":"2 Fungi Beasts","floor":8.0,"turns":3.0},{"damage":0.0,"enemies":"Large Slime","floor":11.0,"turns":5.0},{"damage":0.0,"enemies":"Exordium Wildlife","floor":12.0,"turns":6.0},{"damage":7.0,"enemies":"Gremlin Gang","floor":13.0,"turns":3.0},{"damage":5.0,"enemies":"Replay:BlueRogue","floor":14.0,"turns":7.0},{"damage":3.0,"enemies":"Fading Forest","floor":16.0,"turns":11.0},{"damage":10.0,"enemies":"3 Byrds","floor":18.0,"turns":6.0},{"damage":11.0,"enemies":"2 Thieves","floor":21.0,"turns":5.0},{"damage":40.0,"enemies":"Cultist and Chosen","floor":24.0,"turns":11.0},{"damage":0.0,"enemies":"Book of Stabbing","floor":25.0,"turns":11.0},{"damage":7.0,"enemies":"Replay:Snechameleon","floor":30.0,"turns":10.0},{"damage":7.0,"enemies":"Snake Plant","floor":32.0,"turns":8.0},{"damage":10.0,"enemies":"Centurion and Healer","floor":33.0,"turns":8.0},{"damage":12.0,"enemies":"Automaton","floor":35.0,"turns":9.0},{"damage":0,"enemies":"3 Shapes","floor":37,"turns":7},{"damage":0,"enemies":"3 Darklings","floor":38,"turns":7},{"damage":83,"enemies":"Transient","floor":40,"turns":4}],"seed_played":"-6677978273131591395","potions_obtained":[{"floor":3.0,"key":"SkillPotion"},{"floor":6.0,"key":"Cursed Concoction"},{"floor":7.0,"key":"Fruit Juice"},{"floor":8.0,"key":"LiquidMemories"},{"floor":12.0,"key":"champ:CounterPotion"},{"floor":16.0,"key":"Energy Potion"},{"floor":18.0,"key":"Flashbang"},{"floor":21.0,"key":"EssenceOfSteel"},{"floor":32.0,"key":"Reflective Coating"},{"floor":37,"key":"GamblersBrew"},{"floor":38,"key":"PowerPotion"}],"is_trial":false,"path_per_floor":["M","?","M","$","M","E","M","M","T","R","M","M","M","E","R","B",null,"M","?","$","M","PTL","PTL","M","E","?","?","T","?","E","$","M","M","R","B",null,"?","?","?","?"],"character_chosen":"THE_SERVANT","items_purchased":["FlawlessForm","Barrier+1","GearUp","Enlightenment","Starlight+1"],"campfire_rested":1,"item_purchase_floors":[20,20,20,20,31],"current_hp_per_floor":[52,52,51,51,51,13,18,18,18,37,37,37,30,25,25,34,64,54,54,54,43,43,43,3,3,3,3,13,13,13,13,6,37,59,47,74,74,74,74,0,0],"gold":178,"neow_bonus":"ONE_RARE_RELIC","is_daily":false,"chose_seed":false,"campfire_upgraded":1,"win_rate":0.0,"timestamp":1608676461,"path_taken":["M","?","?","$","M","E","M","M","T","R","?","M","M","E","R","BOSS","M","?","$","M","PTL","PTL","M","E","?","?","T","?","E","?","M","M","R","BOSS","?","?","?","?"],"items_purchased_type":["Card","Card","Card","Card","Card"],"build_version":"2020-12-13","purchased_purges":0,"victory":false,"max_hp_per_floor":[59,59,59,59,59,59,64,64,64,64,64,64,64,64,64,64,64,64,64,64,64,64,64,64,64,64,64,74,74,74,74,74,74,74,74,74,74,74,74,74,74],"card_choices":[{"not_picked":["Potential","Snipe","Alleviate"],"picked":"SKIP","floor":1.0},{"not_picked":["TimeWarp","Comet"],"picked":"Potential","floor":3.0},{"not_picked":["Unruled","ShatteredReality"],"picked":"InstantArmor","floor":5.0},{"not_picked":["Moonlight","Potential"],"picked":"Embodiment","floor":6.0},{"not_picked":["TimeWarp","Unruled"],"picked":"Rearm","floor":7.0},{"not_picked":["ShatteredReality","BottledTime"],"picked":"SilverBlades","floor":8.0},{"not_picked":["Rearm","FastForward"],"picked":"Defy","floor":11.0},{"not_picked":["Rewind","DoubleEdge"],"picked":"FanOfKnives","floor":12.0},{"not_picked":["Defy","ShatteredReality"],"picked":"BestPractice","floor":13.0},{"not_picked":["WasteNot","Revamp","FanOfKnives"],"picked":"SKIP","floor":14.0},{"not_picked":["Deny","KillingDoll"],"picked":"Dilation","floor":16.0},{"not_picked":["Unruled+1","DoubleEdge+1","Desolation"],"picked":"SKIP","floor":18.0},{"not_picked":["BottledTime","Sabotage+1","Potential+1"],"picked":"SKIP","floor":21.0},{"not_picked":["Defy","TimeWarp"],"picked":"ShiftingGears","floor":24.0},{"not_picked":["Rewind","BottledTime","Defy"],"picked":"SKIP","floor":25.0},{"not_picked":["BottledTime","ShatteredReality","Reset"],"picked":"SKIP","floor":30.0},{"not_picked":["TimeWarp+1","FanOfKnives","Spin"],"picked":"SKIP","floor":32.0},{"not_picked":["FlawlessForm","Alleviate+1"],"picked":"BottledTime+1","floor":33.0},{"not_picked":["Initiator","PendulumOfEternity"],"picked":"MurderousAura","floor":35.0},{"not_picked":["Revamp+1","Alleviate","Defy+1"],"picked":"SKIP","floor":37},{"not_picked":["Starlight+1","Shuttle+1"],"picked":"Desolation","floor":38}],"player_experience":566281,"relics_obtained":[{"floor":6.0,"key":"Bottled Flame"},{"floor":14.0,"key":"Omamori"},{"floor":25.0,"key":"Bag of Preparation"},{"floor":25.0,"key":"Replay:Bottled Steam"},{"floor":28.0,"key":"Pear"},{"floor":30.0,"key":"ReplayTheSpireMod:TigerMarble"},{"floor":30.0,"key":"ReplayTheSpireMod:Lightbulb"}],"event_choices":[{"damage_healed":0.0,"max_hp_gain":0.0,"max_hp_loss":0.0,"gold_gain":0.0,"event_name":"WeMeetAgain","player_choice":"Paid Gold","floor":2.0,"gold_loss":58.0,"damage_taken":0.0,"relics_obtained":["Pondfish Scales"]},{"damage_healed":0.0,"max_hp_gain":0.0,"max_hp_loss":0.0,"gold_gain":0.0,"event_name":"Drug Dealer","player_choice":"Obtain J.A.X.","floor":26.0,"gold_loss":0.0,"damage_taken":0.0,"cards_obtained":["J.A.X."]},{"damage_healed":0.0,"max_hp_gain":0.0,"max_hp_loss":0.0,"gold_gain":0.0,"event_name":"Secret Garden","player_choice":"Choice 2","floor":27.0,"gold_loss":0.0,"damage_taken":0.0,"relics_obtained":["alterego_mod:SomeoneToFightFor"]},{"damage_healed":0.0,"max_hp_gain":0.0,"max_hp_loss":0.0,"gold_gain":0.0,"event_name":"betterThird:BetterNest","player_choice":"Madness","floor":29.0,"gold_loss":0.0,"damage_taken":0.0,"relics_obtained":["betterThird:NestCultRelic"]},{"damage_healed":0,"gold_gain":0,"player_choice":"Upgraded Two","damage_taken":0,"max_hp_gain":0,"max_hp_loss":0,"event_name":"Designer","floor":39,"gold_loss":40,"cards_upgraded":["Strike_S","Strike_S"]}],"is_beta":false,"boss_relics":[{"not_picked":["Astrolabe","Philosopher\u0027s Stone"],"picked":"Black Star"},{"not_picked":["Runic Dome","Calling Bell"],"picked":"Painkiller Herb"}],"items_purged_floors":[],"is_endless":false,"potions_floor_spawned":[3,6,7,8,12,16,18,21,32,37,38],"killed_by":"Transient","ascension_level":1}}