{"host":"63yhhrjweyj22b0v","time":1608627318,"event":{"mods":["BaseMod","Minty Spire (QoL Compilation)","Quick Restart"],"gold_per_floor":[115,61,3,3,3,3,0,17,43,43,66,78,78,95,95,195,195,206,226,226,226,156,156,189,104,104,5,15,15,15],"floor_reached":29,"playtime":887,"items_purged":["Strike_P+1"],"score":229,"play_id":"114e8ad4-c805-4f8c-b64d-630ea31c3182","local_time":"20201222025518","is_ascension_mode":false,"campfire_choices":[{"data":"Eruption","floor":6,"key":"SMITH"},{"data":"Prostrate","floor":10,"key":"SMITH"},{"floor":15,"key":"REST"},{"data":"Vault","floor":23,"key":"SMITH"}],"circlet_count":0,"master_deck":["Strike_P+1","Strike_P+1","Strike_P+1","Defend_P+1","Defend_P+1","Defend_P+1","Defend_P+1","Eruption+1","Vigilance+1","SignatureMove","ClearTheMind","Prostrate+1","Worship","ClearTheMind","BowlingBash","Vault+1","Prostrate","CrushJoints+1","PathToVictory","Tantrum","MentalFortress","FlurryOfBlows","Halt+1"],"relics":["PureWater","NeowsBlessing","The Courier","Orichalcum","Odd Mushroom","Regal Pillow","Vajra","Blue Candle","Kunai"],"acts_visited":["Exordium","TheCity"],"potions_floor_usage":[16,16,16,24],"damage_taken":[{"damage":0,"enemies":"Jaw Worm","floor":1,"turns":1},{"damage":0,"enemies":"Cultist","floor":8,"turns":1},{"damage":0,"enemies":"The Mushroom Lair","floor":11,"turns":1},{"damage":6,"enemies":"Small Slimes","floor":12,"turns":3},{"damage":12,"enemies":"3 Louse","floor":14,"turns":3},{"damage":38,"enemies":"Hexaghost","floor":16,"turns":5},{"damage":6,"enemies":"Spheric Guardian","floor":18,"turns":3},{"damage":5,"enemies":"3 Byrds","floor":19,"turns":6},{"damage":39,"enemies":"Book of Stabbing","floor":24,"turns":6},{"damage":16,"enemies":"Sentry and Sphere","floor":28,"turns":5},{"damage":0,"enemies":"Snake Plant","floor":29,"turns":1}],"seed_played":"-1063119167789320030","potions_obtained":[{"floor":8,"key":"FearPotion"},{"floor":12,"key":"PowerPotion"},{"floor":14,"key":"Fire Potion"},{"floor":19,"key":"DistilledChaos"},{"floor":28,"key":"Ancient Potion"}],"is_trial":false,"path_per_floor":["M","$","?","$","?","R","?","M","T","R","?","M","T","M","R","B",null,"M","M","?","?","$","R","E","?","T","$","M","M"],"character_chosen":"WATCHER","items_purchased":["ClearTheMind","PathToVictory","Tantrum","FlurryOfBlows"],"campfire_rested":1,"item_purchase_floors":[2,22,22,27],"current_hp_per_floor":[72,72,72,72,58,58,58,58,58,58,58,52,52,40,72,34,72,66,61,61,61,61,61,22,22,22,22,6,6,6],"gold":15,"neow_bonus":"THREE_ENEMY_KILL","is_daily":false,"chose_seed":false,"campfire_upgraded":3,"win_rate":0.0,"timestamp":1608627318,"path_taken":["M","$","?","?","?","R","?","M","T","R","?","M","?","M","R","BOSS","M","?","?","?","?","R","E","?","T","$","?","M"],"items_purchased_type":["Card","Card","Card","Card"],"build_version":"2020-12-13","purchased_purges":1,"victory":false,"max_hp_per_floor":[72,72,72,72,72,72,72,72,72,72,72,72,72,72,72,72,72,72,72,72,72,72,72,72,72,72,72,72,72,72],"card_choices":[{"not_picked":["Protect","Fasting2"],"picked":"SignatureMove","floor":1},{"not_picked":["CutThroughFate","Protect"],"picked":"Prostrate","floor":8},{"not_picked":["BowlingBash","Pray"],"picked":"Worship","floor":11},{"not_picked":["WreathOfFlame","MentalFortress"],"picked":"ClearTheMind","floor":12},{"not_picked":["Weave","CutThroughFate"],"picked":"BowlingBash","floor":14},{"not_picked":["Brilliance","Scrawl"],"picked":"Vault","floor":16},{"not_picked":["DeceiveReality","WindmillStrike"],"picked":"Prostrate","floor":18},{"not_picked":["WheelKick","ThirdEye"],"picked":"CrushJoints+1","floor":19},{"not_picked":["Consecrate","CarveReality"],"picked":"MentalFortress","floor":24},{"not_picked":["FlyingSleeves","EmptyFist"],"picked":"Halt+1","floor":28}],"player_experience":627989,"relics_obtained":[{"floor":9,"key":"Orichalcum"},{"floor":11,"key":"Odd Mushroom"},{"floor":13,"key":"Regal Pillow"},{"floor":24,"key":"Vajra"},{"floor":26,"key":"Kunai"}],"event_choices":[{"damage_healed":0,"gold_gain":0,"player_choice":"Paid Gold","damage_taken":0,"relics_obtained":["The Courier"],"max_hp_gain":0,"max_hp_loss":0,"event_name":"WeMeetAgain","floor":3,"gold_loss":58},{"damage_healed":0,"gold_gain":0,"player_choice":"Entered Light","damage_taken":14,"max_hp_gain":0,"max_hp_loss":0,"event_name":"Shining Light","floor":5,"gold_loss":0,"cards_upgraded":["Vigilance","Strike_P"]},{"damage_healed":0,"gold_gain":0,"player_choice":"Left Gold","damage_taken":0,"max_hp_gain":0,"max_hp_loss":0,"event_name":"World of Goop","floor":7,"gold_loss":3},{"damage_healed":0,"gold_gain":0,"player_choice":"Fought Mushrooms","damage_taken":0,"max_hp_gain":0,"max_hp_loss":0,"event_name":"Mushrooms","floor":11,"gold_loss":0},{"damage_healed":0,"gold_gain":0,"player_choice":"Simplicity","damage_taken":0,"max_hp_gain":0,"max_hp_loss":0,"event_name":"Back to Basics","floor":20,"gold_loss":0,"cards_upgraded":["Strike_P","Strike_P","Strike_P","Defend_P","Defend_P","Defend_P","Defend_P"]},{"damage_healed":0,"gold_gain":0,"player_choice":"Ignored","damage_taken":0,"max_hp_gain":0,"max_hp_loss":0,"event_name":"Vampires","floor":21,"gold_loss":0},{"damage_healed":0,"gold_gain":0,"player_choice":"Obtained Relic","damage_taken":0,"relics_obtained":["Blue Candle"],"max_hp_gain":0,"max_hp_loss":0,"event_name":"Addict","floor":25,"gold_loss":85}],"is_beta":false,"boss_relics":[{"not_picked":["Ectoplasm","Runic Dome","Cursed Key"]}],"items_purged_floors":[27],"is_endless":false,"potions_floor_spawned":[8,12,14,19,28],"killed_by":"Snake Plant","ascension_level":0}}