{"host":"Romenig","time":1608670136,"event":{"mods":["Aspiration","BaseMod","Better Altar","Better Match","Better Note","Better Sensory Stone","Better Skull","Better Third Choice","CCEM","Colored Map","Colored Powertips","Conspire","Downfall","Energized Spire","Halation","Highlight Path","Hubris","Minty Spire (QoL Compilation)","Quarter Circle Forward PUNCH!","Quick Restart","Replay The Spire","Retaliation","Spikes Relics","StSLib","The Blue Laboratory","The Construct","The Runesmith","Trackpad","Wandering Minibosses","vexMod"],"gold_per_floor":[109,109,109,121,140,140,174,174,226,246,262,295,309,338,338,436,436,451,465,465,465,478,512,202,227,227,257,257,289,289,3,3,107,107,122,122,141,157,5,33,33,62,62,93,93,93,93,93,93,93,93],"floor_reached":50,"playtime":3763,"items_purged":[],"score":758,"play_id":"ffd18f2c-771c-41d1-9633-cdb06a434a0b","local_time":"20201222174856","is_ascension_mode":true,"campfire_choices":[{"data":"DDmod:SpikeMailSkill","floor":6,"key":"SMITH"},{"floor":8,"key":"REST"},{"data":"Seeing Red","floor":15,"key":"SMITH"},{"data":"DDmod:ScaleUpSkill","floor":28,"key":"SMITH"},{"data":"Armaments","floor":30,"key":"SMITH"},{"data":"DDmod:SpikeMailSkill","floor":32,"key":"SMITH"},{"data":"DDmod:PlatedThornsSkill","floor":41,"key":"SMITH"},{"floor":45,"key":"REST"},{"floor":49,"key":"REST"}],"circlet_count":0,"master_deck":["Strike_R+1","Strike_R","Strike_R","Strike_R","Strike_R","Defend_R","Defend_R","Defend_R","Defend_R","Bash","Metallicize","DDmod:SpikeMailSkill+1","DDmod:UnstoppableAttack","Seeing Red+1","DDmod:ScaleUpSkill+1","Headbutt","Armaments+1","DDmod:SpikedSkill","DDmod:SpikedSkill+1","Body Slam+1","Cleave","Cleave","DDmod:SpikeMailSkill+1","Iron Wave","Pommel Strike+1","Body Slam+1","DDmod:PlatedThornsSkill+1","Thunderclap+1","Shrug It Off","Hemogenesis"],"relics":["Burning Blood","Gremlin Horn","hubris:PeanutButter","trackpad:CultistFigurine","aspiration:ChemicalBlood","SnailShell","hubris:CrackedHourglass","DDmod:BarbedSlagRelic","Ring of Misfortune","ReplayTheSpireMod:Ring of Collecting","hubris:64BitClover","CCEMRelics:Sandal","PreservedInsect","trackpad:BottledTsunami","aspiration:SeaSaltIceCream","aspiration:Nostalgia","Cracked Core","hubris:TenFootPole","aspiration:HatOfInfinitePower","Empty Cage","vexMod:Spyglass","qcfpunch:Black_Training_Shirt","hubris:Zylophone","trackpad:WondrousWand","Self Forming Clay","halation:BlackBeret"],"acts_visited":["Exordium","TheCity","TheBeyond"],"potions_floor_usage":[7,16,16,23,25,35,37,38,42,44,44,50],"damage_taken":[{"damage":7,"enemies":"Small Slimes","floor":1,"turns":3},{"damage":0,"enemies":"2 Louse","floor":4,"turns":3},{"damage":1,"enemies":"Cultist","floor":5,"turns":3},{"damage":40,"enemies":"Lagavulin","floor":7,"turns":9},{"damage":0,"enemies":"Lots of Slimes","floor":10,"turns":4},{"damage":0,"enemies":"Blue Slaver","floor":11,"turns":3},{"damage":35,"enemies":"Gremlin Nob","floor":12,"turns":6},{"damage":3,"enemies":"Large Slime","floor":13,"turns":7},{"damage":2,"enemies":"Replay:BlueRogue","floor":14,"turns":6},{"damage":24,"enemies":"Hexaghost","floor":16,"turns":11},{"damage":0,"enemies":"conspire:FuzzyDice","floor":18,"turns":10},{"damage":0,"enemies":"Shell Parasite","floor":19,"turns":6},{"damage":0,"enemies":"Chosen and Byrds","floor":22,"turns":4},{"damage":23,"enemies":"conspire:SneckoGhost","floor":23,"turns":8},{"damage":2,"enemies":"Gremlin Leader","floor":25,"turns":6},{"damage":0,"enemies":"conspire:Head Lice","floor":27,"turns":4},{"damage":0,"enemies":"Replay:Snechameleon","floor":29,"turns":4},{"damage":52,"enemies":"hubris:MusketHawk","floor":33,"turns":8},{"damage":5,"enemies":"3 Darklings","floor":35,"turns":3},{"damage":0,"enemies":"Orb Walker","floor":37,"turns":3},{"damage":28,"enemies":"Spire Growth","floor":38,"turns":5},{"damage":14,"enemies":"Reptomancer","floor":40,"turns":3},{"damage":32,"enemies":"Nemesis","floor":42,"turns":7},{"damage":26,"enemies":"Giant Head","floor":44,"turns":7},{"damage":52,"enemies":"conspire:OrnateMirror","floor":50,"turns":8}],"seed_played":"-232464881336686382","potions_obtained":[{"floor":4,"key":"BlessingOfTheForge"},{"floor":11,"key":"blueLaboratory:PhilterOfMotion"},{"floor":12,"key":"blueLaboratory:BottledHope"},{"floor":14,"key":"Dexterity Potion"},{"floor":18,"key":"Doom Potion"},{"floor":22,"key":"blueLaboratory:IronCompound"},{"floor":23,"key":"blueLaboratory:HorrorPotion"},{"floor":27,"key":"Venom Potion"},{"floor":33,"key":"PowerPotion"},{"floor":44,"key":"Explosive Potion"},{"floor":44,"key":"LiquidMemories"}],"is_trial":false,"path_per_floor":["M","?","?","M","M","R","E","R","T","M","M","E","M","E","R","B",null,"M","M","?","?","M","E","$","E","T","E","R","E","R","$","R","B",null,"M","?","M","M","$","E","R","E","T","E","R","$","$","T","R","B"],"character_chosen":"IRONCLAD","items_purchased":["CCEMRelics:Sandal","DDmod:SpikeMailSkill","aspiration:HatOfInfinitePower","vexMod:Spyglass"],"campfire_rested":3,"item_purchase_floors":[24,24,31,39],"current_hp_per_floor":[87,87,87,88,88,88,54,80,80,88,88,59,67,78,78,68,88,88,88,88,88,88,80,80,84,84,88,88,88,88,88,88,42,88,88,88,88,66,66,58,58,32,32,12,38,38,38,38,64,0,0],"gold":93,"neow_bonus":"TEN_PERCENT_HP_BONUS","is_daily":false,"chose_seed":false,"campfire_upgraded":6,"win_rate":0.0,"timestamp":1608670136,"path_taken":["M","?","?","?","M","R","E","R","T","M","M","E","?","E","R","BOSS","M","M","?","?","?","E","$","E","T","E","R","E","R","$","R","BOSS","M","?","M","M","$","E","R","E","T","E","R","?","?","?","R","BOSS"],"items_purchased_type":["Relic","Card","Relic","Relic"],"build_version":"2020-11-17","purchased_purges":0,"victory":false,"max_hp_per_floor":[88,88,88,88,88,88,88,88,88,88,88,88,88,88,88,88,88,88,88,88,88,88,88,88,88,88,88,88,88,88,88,88,88,88,88,88,88,88,88,88,88,88,88,88,88,88,88,88,88,88,88],"card_choices":[{"not_picked":["Replay:Undeath\u0027s Touch","Sword Boomerang"],"picked":"Twin Strike","floor":1},{"not_picked":["Warcry","Feel No Pain"],"picked":"Metallicize","floor":4},{"not_picked":["Pommel Strike","Clash"],"picked":"DDmod:SpikeMailSkill","floor":5},{"not_picked":["Spot Weakness","Clothesline"],"picked":"DDmod:UnstoppableAttack","floor":7},{"not_picked":["Invigoration","DDmod:BurningFumesPowerCard"],"picked":"Seeing Red","floor":10},{"not_picked":["Sword Boomerang","Run Through"],"picked":"DDmod:ScaleUpSkill","floor":11},{"not_picked":["Blood for Blood","Replay:Many Hands"],"picked":"Headbutt","floor":12},{"not_picked":["DDmod:RapidStrikeAttack","ReplayTheSpireMod:Limb From Limb"],"picked":"Armaments","floor":13},{"not_picked":["Burning Pact","Sword Boomerang"],"picked":"DDmod:SpikedSkill","floor":14},{"not_picked":["Eclipse","conspire:Purge"],"picked":"Demonic Infusion","floor":16},{"not_picked":["Perfected Strike","True Grit"],"picked":"DDmod:SpikedSkill+1","floor":18},{"not_picked":["Shockwave","DDmod:EasePowerCard+1"],"picked":"Body Slam+1","floor":19},{"not_picked":["Flex+1","Life Link"],"picked":"Cleave","floor":22},{"not_picked":["Clothesline","Heavy Blade+1"],"picked":"Cleave","floor":23},{"not_picked":["hubris:StunningStrike","Body Slam"],"picked":"Iron Wave","floor":25},{"not_picked":["DDmod:SpikedSkill","Armaments"],"picked":"Pommel Strike+1","floor":27},{"not_picked":["Second Wind","Armaments"],"picked":"Body Slam+1","floor":29},{"not_picked":["Reaper","Eclipse"],"picked":"DDmod:PlatedThornsSkill","floor":33},{"not_picked":["Perfected Strike","Run Through+1"],"picked":"Thunderclap+1","floor":35},{"not_picked":["Anger","Cleave"],"picked":"Shrug It Off","floor":37},{"not_picked":["Cleave","Abandon+1","Double Tap"],"picked":"SKIP","floor":38},{"not_picked":["Inflame","True Grit","Blood for Blood"],"picked":"SKIP","floor":40},{"not_picked":["Dual Wield","Dropkick","True Grit+1"],"picked":"SKIP","floor":42},{"not_picked":["DDmod:PokeAttack+1","Heavy Blade+1"],"picked":"Hemogenesis","floor":44}],"player_experience":4507,"relics_obtained":[{"floor":7,"key":"hubris:PeanutButter"},{"floor":9,"key":"trackpad:CultistFigurine"},{"floor":12,"key":"aspiration:ChemicalBlood"},{"floor":14,"key":"SnailShell"},{"floor":21,"key":"Ring of Misfortune"},{"floor":21,"key":"ReplayTheSpireMod:Ring of Collecting"},{"floor":23,"key":"hubris:64BitClover"},{"floor":25,"key":"PreservedInsect"},{"floor":26,"key":"trackpad:BottledTsunami"},{"floor":27,"key":"aspiration:SeaSaltIceCream"},{"floor":29,"key":"hubris:TenFootPole"},{"floor":40,"key":"qcfpunch:Black_Training_Shirt"},{"floor":42,"key":"hubris:Zylophone"},{"floor":43,"key":"trackpad:WondrousWand"},{"floor":44,"key":"Self Forming Clay"},{"floor":48,"key":"halation:BlackBeret"}],"event_choices":[{"cards_removed":["Twin Strike"],"damage_healed":0,"gold_gain":0,"player_choice":"Gave Card","damage_taken":0,"relics_obtained":["Gremlin Horn"],"max_hp_gain":0,"max_hp_loss":0,"event_name":"WeMeetAgain","floor":3,"gold_loss":0},{"damage_healed":0,"gold_gain":0,"player_choice":"Ignored","damage_taken":0,"max_hp_gain":0,"max_hp_loss":0,"event_name":"Transmorgrifier","floor":36,"gold_loss":0}],"is_beta":true,"boss_relics":[{"not_picked":["hubris:ScarierMask","vexMod:FluxCapacitor"],"picked":"hubris:CrackedHourglass"},{"not_picked":["CosmicIsotope","vexMod:EndlessSickness"],"picked":"Empty Cage"}],"items_purged_floors":[],"is_endless":false,"potions_floor_spawned":[4,11,12,14,18,22,27,42,44],"killed_by":"conspire:OrnateMirror","ascension_level":1}}