{"host":"a5lz0e76zb3fcwkm","time":1608633509,"event":{"mods":["AchievementEnabler","BaseMod","Colored Map","Colored Powertips","Minty Spire (QoL Compilation)","StSLib","SuperFastMode"],"gold_per_floor":[110,127,127,127,138,138,163,173,173,173,173,203,203,203,203,297,297,313,326,241,3,3,3,3,21,21,40,69,69,69,110,110,198,198,213,213,213,233,295,295,320,329,353,353,253,253,286,332,332,332,332,332,332,39,83,83],"floor_reached":57,"playtime":2737,"items_purged":["Strike_R","Strike_R+1"],"score":2870,"play_id":"411a6e8d-b8d7-4c70-8bfc-24e4d1998e51","local_time":"20201222193829","is_ascension_mode":true,"campfire_choices":[{"data":"Wild Strike","floor":6.0,"key":"SMITH"},{"data":"Immolate","floor":13.0,"key":"SMITH"},{"data":"Evolve","floor":15.0,"key":"SMITH"},{"floor":23.0,"key":"REST"},{"data":"Shockwave","floor":29.0,"key":"SMITH"},{"floor":32.0,"key":"RECALL"},{"data":"Barricade","floor":40.0,"key":"SMITH"},{"floor":49.0,"key":"REST"},{"data":"Apotheosis","floor":53.0,"key":"SMITH"}],"circlet_count":0,"master_deck":["AscendersBane","Defend_R","Defend_R","Defend_R","Bash","Shrug It Off","Evolve+1","Wild Strike+1","Immolate+1","Shockwave+1","Feel No Pain+1","Barricade+1","Power Through+1","Apotheosis+1","Fire Breathing","Disarm"],"relics":["Burning Blood","Lantern","Sundial","Bag of Preparation","Juzu Bracelet","Odd Mushroom","Bloody Idol","Philosopher\u0027s Stone","Bronze Scales","Omamori","Ornamental Fan","Question Card","Nilry\u0027s Codex","CeramicFish","Mark of Pain","WingedGreaves","Thread and Needle","Anchor","Art of War","Nunchaku","Oddly Smooth Stone","Unceasing Top"],"acts_visited":["Exordium","TheCity","TheBeyond","TheEnding"],"potions_floor_usage":[55,56],"damage_taken":[{"damage":4.0,"enemies":"2 Louse","floor":1.0,"turns":4.0},{"damage":6.0,"enemies":"Jaw Worm","floor":2.0,"turns":5.0},{"damage":1.0,"enemies":"Small Slimes","floor":5.0,"turns":7.0},{"damage":8.0,"enemies":"3 Sentries","floor":7.0,"turns":7.0},{"damage":0.0,"enemies":"Looter","floor":8.0,"turns":2.0},{"damage":1.0,"enemies":"The Mushroom Lair","floor":12.0,"turns":2.0},{"damage":2.0,"enemies":"Slime Boss","floor":16.0,"turns":5.0},{"damage":15.0,"enemies":"Shell Parasite","floor":18.0,"turns":3.0},{"damage":19.0,"enemies":"3 Byrds","floor":19.0,"turns":4.0},{"damage":0.0,"enemies":"Cultist and Chosen","floor":25.0,"turns":3.0},{"damage":0.0,"enemies":"Sentry and Sphere","floor":27.0,"turns":2.0},{"damage":21.0,"enemies":"Gremlin Leader","floor":28.0,"turns":3.0},{"damage":0.0,"enemies":"Slavers","floor":31.0,"turns":1.0},{"damage":8.0,"enemies":"Collector","floor":33.0,"turns":8.0},{"damage":6.0,"enemies":"Orb Walker","floor":35.0,"turns":4.0},{"damage":0.0,"enemies":"3 Darklings","floor":38.0,"turns":2.0},{"damage":23.0,"enemies":"2 Orb Walkers","floor":39.0,"turns":3.0},{"damage":0.0,"enemies":"Mind Bloom Boss Battle","floor":41.0,"turns":8.0},{"damage":58.0,"enemies":"Giant Head","floor":47.0,"turns":10.0},{"damage":35.0,"enemies":"Donu and Deca","floor":50.0,"turns":18.0},{"damage":9.0,"enemies":"Awakened One","floor":51.0,"turns":15.0},{"damage":34,"enemies":"Shield and Spear","floor":55,"turns":6},{"damage":0,"enemies":"The Heart","floor":56,"turns":9}],"seed_played":"7609530255285962165","potions_obtained":[{"floor":2.0,"key":"DistilledChaos"},{"floor":12.0,"key":"BloodPotion"},{"floor":16.0,"key":"Fire Potion"},{"floor":25.0,"key":"LiquidMemories"},{"floor":28.0,"key":"Fruit Juice"},{"floor":31.0,"key":"Explosive Potion"},{"floor":35.0,"key":"Dexterity Potion"},{"floor":38.0,"key":"GamblersBrew"},{"floor":39.0,"key":"Energy Potion"}],"is_trial":false,"path_per_floor":["M","M","?","?","M","R","E","M","T","T","?","?","R","?","R","B",null,"M","M","?","$","T","R","?","M","T","M","E","R","?","E","R","B",null,"M","?","?","M","?","R","?","?","T","?","$","?","E","T","R","B","B",null,"R","$","E","B",null],"character_chosen":"IRONCLAD","items_purchased":["Omamori","Oddly Smooth Stone","Fire Breathing","SkillPotion"],"campfire_rested":2,"item_purchase_floors":[21,54,54,54],"current_hp_per_floor":[52,52,47,24,29,29,27,33,33,33,33,38,38,12,12,16,60,51,38,38,38,38,60,60,71,71,75,75,75,54,70,70,75,75,80,76,76,76,69,69,76,71,76,76,76,76,29,34,56,27,24,63,63,68,50,56],"gold":83,"neow_bonus":"REMOVE_TWO","is_daily":false,"chose_seed":false,"campfire_upgraded":6,"win_rate":0.0,"timestamp":1608633509,"path_taken":["M","M","?","?","M","R","E","M","T","?","?","?","R","?","R","BOSS","M","M","?","$","?","R","?","M","T","M","E","R","?","E","R","BOSS","M","?","?","M","?","R","?","?","T","?","$","?","E","?","R","BOSS","BOSS","R","$","E","BOSS"],"items_purchased_type":["Relic","Relic","Card","Potion"],"build_version":"2020-12-13","purchased_purges":2,"victory":true,"max_hp_per_floor":[75,75,75,75,75,75,75,75,75,75,75,75,75,75,75,75,75,75,75,75,75,75,75,75,75,75,75,75,75,75,75,75,75,75,80,76,76,76,76,76,76,76,76,76,76,76,76,76,76,76,76,76,76,76,76,76],"card_choices":[{"not_picked":["Cleave","Ghostly Armor"],"picked":"Shrug It Off","floor":1.0},{"not_picked":["Body Slam","Shockwave"],"picked":"Evolve","floor":2.0},{"not_picked":["Bloodletting","Clothesline"],"picked":"Wild Strike","floor":5.0},{"not_picked":["Blood for Blood","Clothesline"],"picked":"Immolate","floor":7.0},{"not_picked":["Twin Strike","Sword Boomerang","Heavy Blade"],"picked":"SKIP","floor":8.0},{"not_picked":["Clothesline","Flex","Metallicize+1"],"picked":"SKIP","floor":18.0},{"not_picked":["Inflame","Rampage","Wild Strike"],"picked":"SKIP","floor":19.0},{"not_picked":["Dark Embrace","Perfected Strike","Clothesline"],"picked":"SKIP","floor":25.0},{"not_picked":["Clothesline","Anger","Armaments"],"picked":"SKIP","floor":27.0},{"not_picked":["Sword Boomerang","Perfected Strike"],"picked":"Shockwave","floor":28.0},{"not_picked":["Combust+1","Disarm","Metallicize"],"picked":"Feel No Pain+1","floor":31.0},{"not_picked":["Offering","Double Tap","Bludgeon"],"picked":"Barricade","floor":33.0},{"not_picked":["Havoc","Wild Strike+1","Shrug It Off","Bloodletting"],"picked":"SKIP","floor":35.0},{"not_picked":["Havoc","Wild Strike+1","Shrug It Off","Bloodletting"],"picked":"SKIP","floor":35.0},{"not_picked":["Iron Wave+1","Shrug It Off","Heavy Blade","Havoc"],"picked":"SKIP","floor":38.0},{"not_picked":["True Grit","Body Slam","Iron Wave"],"picked":"Power Through+1","floor":39.0},{"not_picked":["Mind Blast","The Bomb","Transmutation"],"picked":"Apotheosis","floor":42.0},{"not_picked":["Bloodletting","Clothesline","Seeing Red+1","Armaments"],"picked":"SKIP","floor":47.0},{"not_picked":["Heavy Blade+1","Battle Trance+1","Brutality"],"picked":"Disarm","floor":55}],"player_experience":1636553,"relics_obtained":[{"floor":7.0,"key":"Sundial"},{"floor":9.0,"key":"Bag of Preparation"},{"floor":10.0,"key":"Juzu Bracelet"},{"floor":12.0,"key":"Odd Mushroom"},{"floor":26.0,"key":"Ornamental Fan"},{"floor":28.0,"key":"Question Card"},{"floor":30.0,"key":"Nilry\u0027s Codex"},{"floor":31.0,"key":"CeramicFish"},{"floor":39.0,"key":"WingedGreaves"},{"floor":41.0,"key":"Thread and Needle"},{"floor":43.0,"key":"Anchor"},{"floor":47.0,"key":"Art of War"},{"floor":48.0,"key":"Nunchaku"},{"floor":55,"key":"Unceasing Top"}],"event_choices":[{"damage_healed":0.0,"max_hp_gain":0.0,"max_hp_loss":0.0,"gold_gain":0.0,"event_name":"Scrap Ooze","player_choice":"Success","floor":3.0,"gold_loss":0.0,"damage_taken":5.0,"relics_obtained":["Lantern"]},{"damage_healed":0.0,"max_hp_gain":0.0,"max_hp_loss":0.0,"gold_gain":0.0,"event_name":"Shining Light","player_choice":"Entered Light","floor":4.0,"gold_loss":0.0,"damage_taken":23.0,"cards_upgraded":["Defend_R","Strike_R"]},{"damage_healed":0.0,"max_hp_gain":0.0,"max_hp_loss":0.0,"gold_gain":0.0,"event_name":"Liars Game","player_choice":"Ignored","floor":11.0,"gold_loss":0.0,"damage_taken":0.0},{"damage_healed":0.0,"max_hp_gain":0.0,"max_hp_loss":0.0,"gold_gain":0.0,"event_name":"Mushrooms","player_choice":"Fought Mushrooms","floor":12.0,"gold_loss":0.0,"damage_taken":0.0},{"damage_healed":0.0,"max_hp_gain":0.0,"max_hp_loss":0.0,"gold_gain":0.0,"event_name":"Golden Idol","player_choice":"Take Damage","floor":14.0,"gold_loss":0.0,"damage_taken":26.0,"relics_obtained":["Golden Idol"]},{"damage_healed":0.0,"max_hp_gain":0.0,"max_hp_loss":0.0,"gold_gain":0.0,"event_name":"Addict","player_choice":"Obtained Relic","floor":20.0,"gold_loss":85.0,"damage_taken":0.0,"relics_obtained":["Bronze Scales"]},{"damage_healed":0.0,"max_hp_gain":0.0,"max_hp_loss":0.0,"gold_gain":0.0,"event_name":"Forgotten Altar","player_choice":"Gave Idol","floor":24.0,"relics_lost":["Golden Idol"],"gold_loss":0.0,"damage_taken":0.0,"relics_obtained":["Bloody Idol"]},{"damage_healed":0.0,"max_hp_gain":0.0,"max_hp_loss":0.0,"gold_gain":0.0,"event_name":"Cursed Tome","player_choice":"Obtained Book","floor":30.0,"gold_loss":0.0,"damage_taken":21.0},{"damage_healed":0.0,"max_hp_gain":0.0,"max_hp_loss":4.0,"gold_gain":0.0,"event_name":"Winding Halls","player_choice":"Max HP","floor":36.0,"gold_loss":0.0,"damage_taken":0.0},{"cards_removed":["Defend_R"],"damage_healed":0.0,"max_hp_gain":0.0,"max_hp_loss":0.0,"gold_gain":0.0,"event_name":"Falling","player_choice":"Removed Skill","floor":37.0,"gold_loss":0.0,"damage_taken":0.0},{"damage_healed":0.0,"max_hp_gain":0.0,"max_hp_loss":0.0,"gold_gain":0.0,"event_name":"Mysterious Sphere","player_choice":"Fight","floor":39.0,"gold_loss":0.0,"damage_taken":0.0},{"damage_healed":0.0,"max_hp_gain":0.0,"max_hp_loss":0.0,"gold_gain":0.0,"event_name":"MindBloom","player_choice":"Fight","floor":41.0,"gold_loss":0.0,"damage_taken":0.0},{"damage_healed":0.0,"max_hp_gain":0.0,"max_hp_loss":0.0,"gold_gain":0.0,"event_name":"SensoryStone","player_choice":"Memory 3","floor":42.0,"gold_loss":0.0,"damage_taken":10.0},{"cards_removed":["Strike_R"],"damage_healed":0.0,"max_hp_gain":0.0,"max_hp_loss":0.0,"gold_gain":0.0,"event_name":"Purifier","player_choice":"Purged","floor":44.0,"gold_loss":0.0,"damage_taken":0.0},{"damage_healed":0.0,"max_hp_gain":0.0,"max_hp_loss":0.0,"gold_gain":0.0,"event_name":"Tomb of Lord Red Mask","player_choice":"Ignored","floor":46.0,"gold_loss":0.0,"damage_taken":0.0}],"is_beta":false,"boss_relics":[{"not_picked":["Tiny House","Fusion Hammer"],"picked":"Philosopher\u0027s Stone"},{"not_picked":["Astrolabe","Pandora\u0027s Box"],"picked":"Mark of Pain"}],"items_purged_floors":[21,45],"is_endless":false,"potions_floor_spawned":[2,12,16,25,28,31,35,38,39],"ascension_level":20}}