{"host":"2461dio7vetlq1z3","time":1608600841,"event":{"mods":["2.2 Compatiblity","AchievementEnabler","BaseMod","Better Third Choice","Hermit","Minty Spire (QoL Compilation)","Relic Stats","Replay The Spire","Spicy Shops","StSLib","Waifu the Spire"],"gold_per_floor":[111,40,56,31,46,81,81,112,112,112,112,112],"floor_reached":11,"playtime":346,"items_purged":[],"score":154,"play_id":"fff61fa9-305c-446a-8cf7-6e61903f1b6c","local_time":"20201222023401","is_ascension_mode":true,"campfire_choices":[{"floor":7,"key":"REST"},{"floor":10,"key":"REST"}],"circlet_count":0,"master_deck":["AscendersBane","Strike_B","Strike_B","Strike_B","Strike_B","Defend_B","Defend_B","Defend_B","Defend_B","Zap","Dualcast","Leap","FIFO Queue","Compile Driver","Streamline","Conserve Battery","Hologram"],"relics":["Busted Crown","Bag of Marbles","Replay:Multitool","Oddly Smooth Stone","Blue Candle"],"acts_visited":["Exordium"],"potions_floor_usage":[6,8],"damage_taken":[{"damage":1,"enemies":"2 Louse","floor":1,"turns":3},{"damage":1,"enemies":"Cultist","floor":3,"turns":4},{"damage":7,"enemies":"Small Slimes","floor":5,"turns":3},{"damage":37,"enemies":"3 Sentries","floor":6,"turns":8},{"damage":32,"enemies":"Lagavulin","floor":8,"turns":8},{"damage":36,"enemies":"Gremlin Nob","floor":11,"turns":3}],"seed_played":"-209766393445250462","potions_obtained":[{"floor":5,"key":"Strength Potion"},{"floor":6,"key":"Venom Potion"},{"floor":8,"key":"Energy Potion"}],"is_trial":false,"path_per_floor":["M","?","M","$","M","E","R","E","T","R","E"],"character_chosen":"DEFECT","items_purchased":["Compile Driver"],"campfire_rested":2,"item_purchase_floors":[4],"current_hp_per_floor":[63,63,62,62,55,18,39,7,7,28,0,0],"gold":112,"neow_bonus":"BOSS_RELIC","is_daily":false,"chose_seed":false,"campfire_upgraded":0,"win_rate":0.0,"timestamp":1608600841,"path_taken":["M","?","M","?","M","E","R","E","T","R","E"],"items_purchased_type":["Card"],"build_version":"2020-12-13","purchased_purges":0,"victory":false,"max_hp_per_floor":[71,71,71,71,71,71,71,71,71,71,71,71],"relic_stats":{"Busted Crown":10,"counters":[6,29],"Blue Candle":[0],"obtain_stats":[{"Busted Crown":0,"Blue Candle":9,"Oddly Smooth Stone":8,"Bag of Marbles":2,"Replay:Multitool":6,"Cracked Core":0},{"Busted Crown":0,"Blue Candle":5,"Oddly Smooth Stone":5,"Bag of Marbles":1,"Replay:Multitool":4,"Cracked Core":0},{"Busted Crown":0,"Blue Candle":26,"Oddly Smooth Stone":26,"Bag of Marbles":3,"Replay:Multitool":18,"Cracked Core":0}]},"card_choices":[{"not_picked":[],"picked":"Leap","floor":1},{"not_picked":[],"picked":"FIFO Queue","floor":3},{"not_picked":[],"picked":"Streamline","floor":5},{"not_picked":[],"picked":"Conserve Battery","floor":6},{"not_picked":[],"picked":"Hologram","floor":8}],"player_experience":827581,"relics_obtained":[{"floor":6,"key":"Replay:Multitool"},{"floor":8,"key":"Oddly Smooth Stone"},{"floor":9,"key":"Blue Candle"}],"event_choices":[{"damage_healed":0,"gold_gain":0,"player_choice":"Paid Gold","damage_taken":0,"relics_obtained":["Bag of Marbles"],"max_hp_gain":0,"max_hp_loss":0,"event_name":"WeMeetAgain","floor":2,"gold_loss":71}],"is_beta":false,"boss_relics":[],"items_purged_floors":[],"is_endless":false,"potions_floor_spawned":[5,6,8],"killed_by":"Gremlin Nob","ascension_level":18}}