{"host":"cyh4fejqtcjbfr7k","time":1608673459,"event":{"mods":["2.2 Compatiblity","AchievementEnabler","BaseMod","Colored Map","Colored Powertips","DeckTracker","Downfall","Googly Eyes","Hubris","Infinite Spire","Minty Spire (QoL Compilation)","Replay The Spire","Shop Mod","StSLib","SuperFastMode","Unceasing Turn Reminder"],"gold_per_floor":[113,113,140,151,161,161,194,194,194,194,213,245,245,273,273,376,426,439,439,439,451,316,641,641,656,682,713,713,724,740,760,760,760,760],"floor_reached":33,"playtime":1573,"items_purged":["Strike_G","Strike_G"],"score":426,"play_id":"482d876d-5efc-46c4-8e1d-6accc00c5b11","local_time":"20201222144419","is_ascension_mode":true,"campfire_choices":[{"data":"Die Die Die","floor":6,"key":"SMITH"},{"data":"Accuracy","floor":8,"key":"SMITH"},{"data":"Cloak And Dagger","floor":10,"key":"SMITH"},{"floor":15,"key":"REST"},{"floor":24,"key":"REST"},{"floor":28,"key":"REST"},{"data":"Accuracy","floor":32,"key":"SMITH"}],"circlet_count":0,"master_deck":["Strike_G","Strike_G+1","Strike_G","Defend_G","Defend_G","Defend_G","Defend_G","Defend_G","Survivor","Neutralize","Cloak And Dagger+1","Hidden Blade","Cloak And Dagger","Die Die Die+1","Accuracy+1","Deflect","Infinite Blades","Accuracy+1","Flying Knee","infinitespire:Gouge","Adrenaline","Die Die Die","Deflect","Quick Slash","Backstab","Cloak And Dagger"],"relics":["Ring of the Snake","Pen Nib","White Beast Statue","ReplayTheSpireMod:TigerMarble","infinitespire:Bottled Soul","Nloth\u0027s Gift","MerchantsRug","Old Coin","infinitespire:Lucky Rock","Replay:Wax Seal"],"acts_visited":["Exordium","TheCity"],"potions_floor_usage":[7,12,14,14,16,23,23,27,27,31,31,33],"damage_taken":[{"damage":0,"enemies":"2 Louse","floor":1,"turns":4},{"damage":2,"enemies":"Jaw Worm","floor":4,"turns":5},{"damage":0,"enemies":"Small Slimes","floor":5,"turns":3},{"damage":2,"enemies":"3 Sentries","floor":7,"turns":6},{"damage":1,"enemies":"Looter","floor":11,"turns":4},{"damage":6,"enemies":"Lagavulin","floor":12,"turns":5},{"damage":16,"enemies":"Gremlin Nob","floor":14,"turns":3},{"damage":0,"enemies":"Slime Boss","floor":16,"turns":4},{"damage":0,"enemies":"Spheric Guardian","floor":18,"turns":3},{"damage":0,"enemies":"Chosen","floor":21,"turns":2},{"damage":16,"enemies":"Book of Stabbing","floor":23,"turns":4},{"damage":4,"enemies":"Centurion and Healer","floor":25,"turns":4},{"damage":15,"enemies":"Slavers","floor":27,"turns":2},{"damage":4,"enemies":"Shelled Parasite and Fungi","floor":29,"turns":3},{"damage":0,"enemies":"Snake Plant","floor":30,"turns":2},{"damage":8,"enemies":"Centurion and Healer","floor":31,"turns":3},{"damage":65,"enemies":"Collector","floor":33,"turns":9}],"seed_played":"-2115755029410163063","potions_obtained":[{"floor":1,"key":"AttackPotion"},{"floor":4,"key":"EntropicBrew"},{"floor":11,"key":"Dexterity Potion"},{"floor":12,"key":"hexamod:EctoCoolerPotion"},{"floor":16,"key":"Fire Potion"},{"floor":23,"key":"Explosive Potion"},{"floor":25,"key":"CunningPotion"},{"floor":27,"key":"SneckoOil"},{"floor":29,"key":"Elixir"},{"floor":31,"key":"hexamod:EctoCoolerPotion"}],"is_trial":false,"path_per_floor":["M","?","T","M","M","R","E","R","T","R","M","E","?","E","R","B",null,"M","AVR","?","M","$","E","R","M","T","E","R","M","M","M","R","B"],"character_chosen":"THE_SILENT","items_purchased":["MerchantsRug"],"campfire_rested":3,"item_purchase_floors":[22],"current_hp_per_floor":[70,70,70,68,68,68,66,66,66,66,65,59,59,43,64,64,75,75,75,75,75,75,59,75,71,71,56,75,71,71,63,63,0,0],"gold":760,"neow_bonus":"RANDOM_EVENT","is_daily":false,"chose_seed":false,"campfire_upgraded":4,"win_rate":0.0,"timestamp":1608673459,"path_taken":["M","?","?","?","M","R","E","R","T","R","M","E","?","E","R","BOSS","M","AVR","?","?","$","E","R","M","T","E","R","M","?","M","R","BOSS"],"items_purchased_type":["Relic"],"build_version":"2020-12-13","purchased_purges":2,"victory":false,"max_hp_per_floor":[70,70,70,70,70,70,70,70,70,70,70,70,70,70,70,70,75,75,75,75,75,75,75,75,75,75,75,75,75,75,75,75,75,75],"card_choices":[{"not_picked":["Dagger Throw","Dodge and Roll"],"picked":"Hidden Blade","floor":1},{"not_picked":["Backflip","ReplayTheSpireMod:Exploit Weakness"],"picked":"Cloak And Dagger","floor":4},{"not_picked":["Toxin Wave","Dodge and Roll"],"picked":"Die Die Die","floor":5},{"not_picked":["Prepared","Dash"],"picked":"Accuracy","floor":7},{"not_picked":["hubris:SlightOfHand","Slice"],"picked":"Deflect","floor":11},{"not_picked":["Dagger Throw","Well Laid Plans","Dodge and Roll"],"picked":"SKIP","floor":12},{"not_picked":["hubris:TrickCloak","Tactician"],"picked":"Infinite Blades","floor":14},{"not_picked":["Blade Dance","Backflip"],"picked":"Accuracy","floor":17},{"not_picked":["Dodge and Roll","ReplayTheSpireMod:Exploit Weakness"],"picked":"Flying Knee","floor":18},{"not_picked":["ReplayTheSpireMod:Scrap Shanks","Deadly Poison"],"picked":"Adrenaline","floor":21},{"not_picked":["Noxious Fumes","Grand Finale"],"picked":"Die Die Die","floor":23},{"not_picked":["Deadly Poison","Reflex"],"picked":"Deflect","floor":25},{"not_picked":["Atom Bomb","hubris:SlightOfHand","ReplayTheSpireMod:From All Sides"],"picked":"SKIP","floor":27},{"not_picked":["Deadly Poison","ReplayTheSpireMod:The Works"],"picked":"Quick Slash","floor":29},{"not_picked":["Blur","Hidden Blade"],"picked":"Backstab","floor":30},{"not_picked":["Slice","Eviscerate+1"],"picked":"Cloak And Dagger","floor":31}],"player_experience":601637,"relics_obtained":[{"floor":3,"key":"Pen Nib"},{"floor":7,"key":"Replay:Accelerometer"},{"floor":9,"key":"White Beast Statue"},{"floor":12,"key":"ReplayTheSpireMod:TigerMarble"},{"floor":14,"key":"Replay:Bottled Steam"},{"floor":23,"key":"Old Coin"},{"floor":26,"key":"infinitespire:Lucky Rock"},{"floor":27,"key":"Replay:Wax Seal"}],"event_choices":[{"damage_healed":0,"gold_gain":0,"player_choice":"Traded Relic","damage_taken":0,"relics_obtained":["Nloth\u0027s Gift"],"max_hp_gain":0,"max_hp_loss":0,"event_name":"N\u0027loth","floor":20,"relics_lost":["Replay:Bottled Steam"],"gold_loss":0}],"is_beta":false,"boss_relics":[{"not_picked":["Coffee Dripper","hubris:Stopwatch"],"picked":"Tiny House"}],"items_purged_floors":[19,22],"is_endless":false,"potions_floor_spawned":[1,4,11,12,14,16,18,21,23,25,27,29,30,31],"killed_by":"Collector","ascension_level":4}}