{"host":"0dgh6dagbcoaqfos","time":1608599136,"event":{"mods":["2.2 Compatiblity","Act Like it!","AlwaysNeverKeys","BaseMod","BetterRewards","CapriCore","Jorbs\u0027s Wanderer Trilogy","Lobotomy","LobotomyExtend","Minty Spire (QoL Compilation)","StSLib"],"gold_per_floor":[214,226,237,92,92,112,112,139,164,164,10,10,10,20,20,120,120,138,138,166,13,32,32,32,32,55,68,95,95,124,136,136,231,231,248,259,276,289,140,140,152,152,205,205,219,219,133,144,144,144],"floor_reached":51,"playtime":3213,"items_purged":[],"score":867,"play_id":"07701f56-2715-440f-8d46-914eaefcc4b6","local_time":"20201221190536","is_ascension_mode":false,"campfire_choices":[{"floor":29,"key":"REST"},{"floor":40,"key":"REST"}],"circlet_count":0,"master_deck":["DespairKnight","WhiteNight","CENSORED","SpecialBullet","SpecialBullet","SpecialBullet","SpecialBullet","SpecialBullet","SpecialBullet","SpecialBullet","SpecialBullet","InformationCode","TrainingCode","ScreamingWedge+1","Heaven+1","Twilight+1","HereticApostle","SummonCall","NothingThere","SecurityCode"],"relics":["CogitoBucket","RabbitCall","LetterFromLob","Sling","Pen Nib","Toy Ornithopter","Regal Pillow","SkinProphecy","Runic Pyramid","SolemnVow_r","Red Mask","Vajra","Bag of Marbles","War Paint","Whetstone","Mummified Hand","RedMistMask","Busted Crown","AtMidnight","CENSORED_r","Logging_r","Lee\u0027s Waffle","DeathAngel","PreservedInsect","Happy Flower","SwordSharpenedByTears_r"],"acts_visited":["Exordium","TheCity","TheBeyond"],"potions_floor_usage":[27,42,42,50,51],"damage_taken":[{"damage":0,"enemies":"Small Slimes","floor":1,"turns":2},{"damage":6,"enemies":"Cultist","floor":2,"turns":3},{"damage":11,"enemies":"Jaw Worm","floor":3,"turns":2},{"damage":13,"enemies":"Blue Slaver","floor":6,"turns":3},{"damage":14,"enemies":"Gremlin Nob","floor":8,"turns":3},{"damage":0,"enemies":"2 Fungi Beasts","floor":14,"turns":1},{"damage":20,"enemies":"The Guardian","floor":16,"turns":9},{"damage":16,"enemies":"3 Byrds","floor":18,"turns":2},{"damage":0,"enemies":"Masked Bandits","floor":20,"turns":2},{"damage":0,"enemies":"Spheric Guardian","floor":22,"turns":1},{"damage":21,"enemies":"Snake Plant","floor":27,"turns":3},{"damage":9,"enemies":"Book of Stabbing","floor":30,"turns":2},{"damage":0,"enemies":"Snecko","floor":31,"turns":2},{"damage":2,"enemies":"Automaton","floor":33,"turns":4},{"damage":0,"enemies":"3 Darklings","floor":35,"turns":1},{"damage":35,"enemies":"Orb Walker","floor":36,"turns":1},{"damage":4,"enemies":"4 Shapes","floor":37,"turns":2},{"damage":41,"enemies":"Maw","floor":38,"turns":4},{"damage":0,"enemies":"3 Darklings","floor":41,"turns":2},{"damage":185,"enemies":"Sphere and 2 Shapes","floor":42,"turns":10},{"damage":29,"enemies":"Sphere and 2 Shapes","floor":45,"turns":3},{"damage":16,"enemies":"Writhing Mass","floor":48,"turns":2},{"damage":105,"enemies":"Time Eater","floor":50,"turns":10},{"damage":55,"enemies":"Malkuth","floor":51,"turns":4},{"damage":141,"enemies":"Netzach","floor":51,"turns":6}],"seed_played":"1260963948402884390","potions_obtained":[{"floor":2,"key":"Ancient Potion"},{"floor":6,"key":"BlessingOfTheForge"},{"floor":18,"key":"Block Potion"},{"floor":35,"key":"Strength Potion"},{"floor":37,"key":"Energy Potion"},{"floor":45,"key":"ColorlessPotion"}],"is_trial":false,"path_per_floor":["M","M","M","$","?","M","R","E","T","R","$","M","R","M","R","B",null,"M","?","?","$","M","R","$","?","T","M","T","R","E","M","R","B",null,"M","M","M","M","$","R","M","M","T","R","M","R","?","M","R","B",null],"character_chosen":"Angela","items_purchased":["Sling","Regal Pillow","Vajra","Lee\u0027s Waffle"],"campfire_rested":2,"item_purchase_floors":[4,11,21,39],"current_hp_per_floor":[70,64,53,53,70,57,57,43,43,43,43,43,43,43,43,23,76,61,61,58,58,59,59,59,59,59,35,35,78,66,66,66,83,83,87,48,50,44,44,44,58,97,97,97,85,85,85,72,72,147],"gold":144,"neow_bonus":"HUNDRED_GOLD","is_daily":false,"chose_seed":false,"campfire_upgraded":0,"win_rate":0.0,"timestamp":1608599136,"path_taken":["M","M","M","$","?","?","R","E","T","R","?","M","R","M","R","BOSS","M","?","?","$","M","R","$","?","T","M","?","R","E","?","R","BOSS","M","M","M","M","$","R","M","M","T","R","M","R","?","M","R","BOSS"],"items_purchased_type":["Relic","Relic","Relic","Relic"],"build_version":"2020-12-13","purchased_purges":0,"victory":true,"max_hp_per_floor":[70,70,70,70,70,70,70,70,70,70,70,70,70,70,70,76,76,82,82,84,84,90,90,90,90,90,94,94,94,96,102,102,108,108,114,122,124,126,133,133,135,139,139,139,141,141,141,143,143,147],"card_choices":[{"not_picked":["Noise"],"picked":"ScreamingWedge","floor":1},{"not_picked":["Lantern","TodaysExpression"],"picked":"SKIP","floor":2},{"not_picked":["Bloodbath","VoidDream"],"picked":"RedShoes","floor":3},{"not_picked":["RedEyes","Lantern"],"picked":"SKIP","floor":3},{"not_picked":["Soda"],"picked":"MagicBullet","floor":6},{"not_picked":["Pleasure","Regret_ego"],"picked":"SKIP","floor":8},{"not_picked":["Beak"],"picked":"Heaven","floor":14},{"not_picked":["Laetitia","PunishingBird"],"picked":"Funeral","floor":16},{"not_picked":["Justitia"],"picked":"Twilight","floor":16},{"not_picked":["LaLuna","DreamingCurrent"],"picked":"WhiteNight","floor":18},{"not_picked":["Beak","SomewhereSpear+1"],"picked":"SKIP","floor":18},{"not_picked":["WhitesApple","MHz"],"picked":"DespairKnight","floor":22},{"not_picked":["TodaysExpression","Harvest+1"],"picked":"SKIP","floor":22},{"not_picked":["Horn","Reverberation+1"],"picked":"SKIP","floor":27},{"not_picked":["SomewhereSpear+1","Christmas+1"],"picked":"SKIP","floor":30},{"not_picked":["ShyLook","Bloodbath"],"picked":"Woodsman","floor":31},{"not_picked":["LifeForTheDareDevil","Beak"],"picked":"SKIP","floor":31},{"not_picked":["SilentOrchestra","SingingMachine"],"picked":"WhiteNight","floor":33},{"not_picked":["Adoration"],"picked":"CENSORED_ego","floor":33},{"not_picked":["WhitesApple","Murderer"],"picked":"CENSORED","floor":35},{"not_picked":["BigBird","MHz"],"picked":"NothingThere","floor":36}],"player_experience":360677,"relics_obtained":[{"floor":1,"key":"LetterFromLob"},{"floor":8,"key":"Pen Nib"},{"floor":9,"key":"Toy Ornithopter"},{"floor":20,"key":"Red Mask"},{"floor":26,"key":"War Paint"},{"floor":28,"key":"Whetstone"},{"floor":30,"key":"Mummified Hand"},{"floor":31,"key":"RedMistMask"},{"floor":36,"key":"AtMidnight"},{"floor":42,"key":"DeathAngel"},{"floor":43,"key":"PreservedInsect"}],"event_choices":[{"cards_removed":["RedShoes"],"damage_healed":17,"gold_gain":0,"player_choice":"Offered Uncommon","damage_taken":0,"max_hp_gain":0,"max_hp_loss":0,"event_name":"Bonfire Elementals","floor":5,"gold_loss":0},{"damage_healed":0,"gold_gain":0,"player_choice":"Fought Bandits","damage_taken":0,"max_hp_gain":0,"max_hp_loss":0,"event_name":"Masked Bandits","floor":20,"gold_loss":0},{"damage_healed":0,"gold_gain":0,"player_choice":"Stole Relic","damage_taken":0,"relics_obtained":["Bag of Marbles"],"max_hp_gain":0,"max_hp_loss":0,"event_name":"Addict","floor":25,"gold_loss":0,"cards_obtained":["Shame"]},{"damage_healed":0,"gold_gain":0,"player_choice":"Paid Gold","damage_taken":0,"relics_obtained":["Happy Flower"],"max_hp_gain":0,"max_hp_loss":0,"event_name":"WeMeetAgain","floor":47,"gold_loss":86}],"is_beta":false,"boss_relics":[{"not_picked":["Snecko Eye","Runic Dome"],"picked":"Runic Pyramid"},{"not_picked":["Velvet Choker","Sozu"],"picked":"Busted Crown"}],"items_purged_floors":[],"is_endless":false,"potions_floor_spawned":[2,6,18,22,35,37,45],"ascension_level":0}}