{"host":"xhamcave7q47vrco","time":1608638381,"event":{"mods":["ATMod(°¢èªMod)","AchievementEnabler","BaseMod","BetterRewards","Colored Powertips","Minty Spire (QoL Compilation)","Permanent Neow","Quick Restart","Remove Card Discount Mod","StSLib","¡¾ÒÅÎï¿¨ÅÆ¡¿REMEMod"],"gold_per_floor":[113,131,148,148,165,165,180,180,180,180,206,206,238,250,250,355,355,365,365,111,129,148,148,180,180,180,193,212,212,244,296,296,406,406,422,472,472,488,250,250,289,289,312,338,373,0,0,32,32,44,44,44,44,83,131],"floor_reached":56,"playtime":2413,"items_purged":["Strike_R","Strike_R","Strike_R","Strike_R","Strike_R","Defend_R","Defend_R","Defend_R","Bash"],"score":1542,"play_id":"0d5a05c0-3783-4e92-8603-9cd49d425cff","local_time":"20201222195941","is_ascension_mode":true,"campfire_choices":[{"data":"AT_ShrugMaster","floor":6,"key":"SMITH"},{"floor":8,"key":"RECALL"},{"data":"Shockwave","floor":12,"key":"SMITH"},{"data":"Heavy Blade","floor":15,"key":"SMITH"},{"data":"Limit Break","floor":23,"key":"SMITH"},{"data":"Inflame","floor":25,"key":"SMITH"},{"data":"Heavy Blade","floor":32,"key":"SMITH"},{"data":"REME_FirmDetermination","floor":40,"key":"SMITH"},{"data":"AT_CaressingTears","floor":42,"key":"SMITH"},{"data":"Spot Weakness","floor":47,"key":"SMITH"},{"data":"Reaper","floor":49,"key":"SMITH"},{"floor":52,"key":"REST"}],"circlet_count":0,"master_deck":["AT_ChampionKick+1","Reaper+1","AT_ShrugMaster+1","Shockwave+1","Spot Weakness+1","Heavy Blade+1","Limit Break+1","Inflame+1","REME_SingleHolding+1","Heavy Blade+1","Spot Weakness+1","REME_FirmDetermination+1","AT_CaressingTears+1"],"relics":["Burning Blood","REME_ComplimentaryCards","AT_ATBox","Gambling Chip","Bag of Preparation","AT_EbonyIvory","Shuriken","AT_SunfireAegis","Runic Pyramid","Strange Spoon","AT_Manta","REME_ArchaeologicalTools","Velvet Choker","Dead Branch","Omamori","Charon\u0027s Ashes","Bronze Scales","Juzu Bracelet","Red Mask","Magic Flower","Blood Vial"],"acts_visited":["Exordium","TheCity","TheBeyond","TheEnding"],"potions_floor_usage":[48],"damage_taken":[{"damage":7,"enemies":"Jaw Worm","floor":1,"turns":3},{"damage":0,"enemies":"Small Slimes","floor":2,"turns":3},{"damage":1,"enemies":"Cultist","floor":3,"turns":3},{"damage":4,"enemies":"Looter","floor":5,"turns":4},{"damage":20,"enemies":"3 Louse","floor":7,"turns":3},{"damage":16,"enemies":"Lagavulin","floor":11,"turns":8},{"damage":5,"enemies":"Gremlin Nob","floor":13,"turns":3},{"damage":6,"enemies":"Exordium Thugs","floor":14,"turns":3},{"damage":2,"enemies":"Hexaghost","floor":16,"turns":6},{"damage":22,"enemies":"2 Thieves","floor":18,"turns":2},{"damage":12,"enemies":"Chosen","floor":21,"turns":3},{"damage":24,"enemies":"3 Cultists","floor":22,"turns":4},{"damage":21,"enemies":"Slavers","floor":24,"turns":2},{"damage":23,"enemies":"Centurion and Healer","floor":27,"turns":3},{"damage":18,"enemies":"Snake Plant","floor":28,"turns":3},{"damage":35,"enemies":"Book of Stabbing","floor":30,"turns":3},{"damage":0,"enemies":"Snecko","floor":31,"turns":2},{"damage":13,"enemies":"Collector","floor":33,"turns":3},{"damage":16,"enemies":"Orb Walker","floor":35,"turns":2},{"damage":16,"enemies":"Mind Bloom Boss Battle","floor":36,"turns":3},{"damage":30,"enemies":"3 Shapes","floor":38,"turns":2},{"damage":2,"enemies":"Nemesis","floor":41,"turns":3},{"damage":17,"enemies":"Spire Growth","floor":44,"turns":3},{"damage":0,"enemies":"Giant Head","floor":45,"turns":2},{"damage":0,"enemies":"Reptomancer","floor":48,"turns":2},{"damage":27,"enemies":"Donu and Deca","floor":50,"turns":3},{"damage":14,"enemies":"Shield and Spear","floor":54,"turns":2},{"damage":99,"enemies":"The Heart","floor":55,"turns":5}],"seed_played":"-6956153521949236946","potions_obtained":[{"floor":5,"key":"SkillPotion"},{"floor":13,"key":"LiquidMemories"},{"floor":16,"key":"Fire Potion"},{"floor":21,"key":"SteroidPotion"},{"floor":31,"key":"SteroidPotion"},{"floor":48,"key":"Fruit Juice"}],"is_trial":false,"path_per_floor":["M","M","M","?","M","R","M","R","T","?","E","R","E","M","R","B",null,"M","?","$","M","M","R","E","R","T","M","M","?","E","M","R","B",null,"M","?","?","M","$","R","E","R","T","M","E","?","R","E","R","B",null,"R","$","E","B",null],"character_chosen":"IRONCLAD","items_purchased":["REME_SingleHolding","Strange Spoon","Heavy Blade","REME_FirmDetermination","Omamori"],"campfire_rested":1,"item_purchase_floors":[20,20,20,39,39],"current_hp_per_floor":[71,72,72,72,72,72,58,58,58,25,18,18,19,19,19,33,72,56,56,56,64,56,56,41,41,41,72,67,67,50,72,72,65,72,62,72,72,72,72,72,72,72,72,72,72,72,72,77,77,62,77,77,77,77,31],"gold":131,"neow_bonus":"ONE_RARE_RELIC","is_daily":false,"chose_seed":false,"campfire_upgraded":10,"win_rate":0.0,"timestamp":1608638381,"path_taken":["M","M","M","?","M","R","M","R","T","?","E","R","E","M","R","BOSS","M","?","$","M","M","R","E","R","T","M","?","?","E","M","R","BOSS","M","?","?","M","$","R","E","R","T","?","E","?","R","E","R","BOSS","R","$","E","BOSS"],"items_purchased_type":["Card","Relic","Card","Card","Relic"],"build_version":"2020-12-13","purchased_purges":9,"victory":true,"max_hp_per_floor":[72,72,72,72,72,72,72,72,72,72,72,72,72,72,72,72,72,72,72,72,72,72,72,72,72,72,72,72,72,72,72,72,72,72,72,72,72,72,72,72,72,72,72,72,72,72,72,77,77,77,77,77,77,77,77],"card_choices":[{"not_picked":["Clothesline","Havoc","Flex"],"picked":"SKIP","floor":1},{"not_picked":["Pommel Strike","Disarm"],"picked":"Shrug It Off","floor":2},{"not_picked":["Warcry","Anger","Second Wind"],"picked":"SKIP","floor":3},{"not_picked":["Hemokinesis","Clash"],"picked":"AT_ShrugMaster","floor":5},{"not_picked":["Body Slam","AT_DrawKnifeCut","Thunderclap"],"picked":"SKIP","floor":7},{"not_picked":["Clothesline","Disarm"],"picked":"Shockwave","floor":11},{"not_picked":["Ghostly Armor","Clothesline"],"picked":"Spot Weakness","floor":13},{"not_picked":["Pommel Strike","Intimidate"],"picked":"Heavy Blade","floor":14},{"not_picked":["REME_Fury","Demon Form"],"picked":"Limit Break","floor":16},{"not_picked":["Perfected Strike","Twin Strike"],"picked":"Inflame","floor":18},{"not_picked":["Evolve","Perfected Strike","Warcry"],"picked":"SKIP","floor":21},{"not_picked":["Shrug It Off","Twin Strike+1","Warcry"],"picked":"SKIP","floor":22},{"not_picked":["Shrug It Off","Pommel Strike","AT_DiedThrough+1"],"picked":"SKIP","floor":24},{"not_picked":["Infernal Blade","Perfected Strike","Impervious"],"picked":"SKIP","floor":27},{"not_picked":["Wild Strike","Sword Boomerang+1","Entrench"],"picked":"SKIP","floor":28},{"not_picked":["Disarm","AT_DrawKnifeCut","Armaments+1"],"picked":"SKIP","floor":30},{"not_picked":["Disarm","AT_DrawKnifeCut","Armaments+1"],"picked":"SKIP","floor":30},{"not_picked":["Thunderclap","Iron Wave","Warcry"],"picked":"SKIP","floor":31},{"not_picked":["Havoc","Wild Strike"],"picked":"Spot Weakness+1","floor":35},{"not_picked":["True Grit","AT_ShrugMaster","Flex+1"],"picked":"SKIP","floor":38},{"not_picked":["Dark Embrace+1","Perfected Strike+1"],"picked":"AT_CaressingTears","floor":41},{"not_picked":["Clash","Clothesline+1","Dark Embrace+1"],"picked":"SKIP","floor":44},{"not_picked":["Shrug It Off","True Grit","Carnage+1"],"picked":"SKIP","floor":45},{"not_picked":["Spot Weakness","REME_Fury","Carnage+1"],"picked":"SKIP","floor":48},{"not_picked":["Battle Trance","Twin Strike","Seeing Red+1"],"picked":"SKIP","floor":54}],"player_experience":48563,"relics_obtained":[{"floor":9,"key":"Bag of Preparation"},{"floor":11,"key":"Shuriken"},{"floor":13,"key":"AT_SunfireAegis"},{"floor":24,"key":"AT_Manta"},{"floor":30,"key":"REME_ArchaeologicalTools"},{"floor":36,"key":"Dead Branch"},{"floor":41,"key":"Charon\u0027s Ashes"},{"floor":43,"key":"Bronze Scales"},{"floor":45,"key":"Juzu Bracelet"},{"floor":48,"key":"Magic Flower"},{"floor":54,"key":"Blood Vial"}],"event_choices":[{"damage_healed":0,"gold_gain":0,"player_choice":"Grow","damage_taken":0,"max_hp_gain":0,"max_hp_loss":0,"event_name":"Living Wall","floor":4,"gold_loss":0,"cards_upgraded":["AT_ChampionKick"]},{"damage_healed":0,"gold_gain":0,"player_choice":"Success","damage_taken":33,"relics_obtained":["AT_EbonyIvory"],"max_hp_gain":0,"max_hp_loss":0,"event_name":"Scrap Ooze","floor":10,"gold_loss":0},{"cards_removed":["Defend_R"],"damage_healed":0,"gold_gain":0,"player_choice":"Purged","damage_taken":0,"max_hp_gain":0,"max_hp_loss":0,"event_name":"Purifier","floor":19,"gold_loss":0},{"cards_removed":["Shrug It Off"],"damage_healed":0,"gold_gain":0,"player_choice":"Elegance","damage_taken":0,"max_hp_gain":0,"max_hp_loss":0,"event_name":"Back to Basics","floor":29,"gold_loss":0},{"damage_healed":0,"gold_gain":0,"player_choice":"Fight","damage_taken":0,"max_hp_gain":0,"max_hp_loss":0,"event_name":"MindBloom","floor":36,"gold_loss":0},{"damage_healed":0,"gold_gain":0,"player_choice":"Forge","damage_taken":0,"max_hp_gain":0,"max_hp_loss":0,"event_name":"Accursed Blacksmith","floor":37,"gold_loss":0,"cards_upgraded":["REME_SingleHolding"]},{"damage_healed":0,"gold_gain":0,"player_choice":"Paid","damage_taken":0,"relics_obtained":["Red Mask"],"max_hp_gain":0,"max_hp_loss":0,"event_name":"Tomb of Lord Red Mask","floor":46,"gold_loss":373}],"is_beta":false,"boss_relics":[{"not_picked":["Tiny House","Astrolabe"],"picked":"Runic Pyramid"},{"not_picked":["Black Star","Empty Cage"],"picked":"Velvet Choker"}],"items_purged_floors":[20,20,20,20,20,20,20,20,20],"is_endless":false,"potions_floor_spawned":[2,5,11,13,16,21,24,31,35,38,45,48],"ascension_level":4}}