{"host":"cbnfbo28eyz4xcn1","time":1608606822,"event":{"mods":["BaseMod","Colored Map","Colored Powertips","Infinite Spire","Minty Spire (QoL Compilation)","Replay The Spire","StSLib"],"gold_per_floor":[110,110,285,342,356,406,30,30,55,55,55,74,105,120,120,198,198,218,218,233,233,233,266,266,292,315,326,344,364,364,384,384,458,458,477,488,122,147,165,195,195,211,211,221,221,237,237,256,256,256,256],"floor_reached":50,"playtime":1856,"items_purged":["Doubt","Injury","Hallucinations"],"score":962,"play_id":"9ee5395a-a47d-484b-868a-c8f5927aa9db","local_time":"20201222041342","is_ascension_mode":true,"campfire_choices":[{"floor":8.0,"key":"REST"},{"data":"infinitespire:Punishment","floor":10.0,"key":"SMITH"},{"floor":15.0,"key":"REST"},{"data":"Armaments","floor":24.0,"key":"SMITH"},{"floor":30.0,"key":"REST"},{"floor":32.0,"key":"REST"},{"floor":45.0,"key":"REST"},{"floor":49.0,"key":"REST"}],"circlet_count":0,"master_deck":["AscendersBane","Strike_R+1","Strike_R+1","Strike_R+1","Strike_R+1","Strike_R+1","Defend_R+1","Defend_R+1","Defend_R+1","Defend_R+1","Bash","Neutralize","Reaper","Good Instincts","infinitespire:Punishment+1","Cleave","Intimidate","Pommel Strike","Armaments+1","Armaments","Seeing Red","Whirlwind","Barricade","infinitespire:Punishment+1","Inflame","Ghostly Armor","infinitespire:Punishment","Pummel","Reaper","Thunderclap+1","Pummel","Entrench","Heavy Blade","Replay:Many Hands","Power Through","Fire Breathing+1","Whirlwind","Flex","Flex","Shrug It Off","Power Through+1","Dropkick","Whirlwind","Double Tap","Pummel+1","Anger"],"relics":["ReplayTheSpireMod:SealedPack","ReplayTheSpireMod:Ring of Exchange","ReplayTheSpireMod:Ring of Challenge","MawBank","Blood Vial","Brimstone","Omamori","Paper Frog","infinitespire:Satchel","DollysMirror","infinitespire:WardingShard","Mirror","Strawberry","HandDrill","Chemical X","Ice Cream","King of Hearts","Sundial","infinitespire:Cupcake"],"acts_visited":["Exordium","TheCity","TheBeyond"],"potions_floor_usage":[50,50],"damage_taken":[{"damage":0.0,"enemies":"Small Slimes","floor":1.0,"turns":1.0},{"damage":0.0,"enemies":"2 Louse","floor":4.0,"turns":3.0},{"damage":12.0,"enemies":"Jaw Worm","floor":5.0,"turns":4.0},{"damage":30.0,"enemies":"Gremlin Nob","floor":6.0,"turns":5.0},{"damage":0.0,"enemies":"2 Fungi Beasts","floor":12.0,"turns":2.0},{"damage":12.0,"enemies":"Lagavulin","floor":13.0,"turns":5.0},{"damage":18.0,"enemies":"Lots of Slimes","floor":14.0,"turns":4.0},{"damage":57.0,"enemies":"Hexaghost","floor":16.0,"turns":5.0},{"damage":22.0,"enemies":"2 Thieves","floor":18.0,"turns":3.0},{"damage":0.0,"enemies":"Shell Parasite","floor":20.0,"turns":1.0},{"damage":19.0,"enemies":"Slavers","floor":23.0,"turns":3.0},{"damage":21.0,"enemies":"Gremlin Leader","floor":25.0,"turns":3.0},{"damage":9.0,"enemies":"Centurion and Healer","floor":27.0,"turns":2.0},{"damage":18.0,"enemies":"Shelled Parasite and Fungi","floor":28.0,"turns":3.0},{"damage":10.0,"enemies":"Chosen and Byrds","floor":29.0,"turns":3.0},{"damage":23.0,"enemies":"Snake Plant","floor":31.0,"turns":4.0},{"damage":34.0,"enemies":"Automaton","floor":33.0,"turns":5.0},{"damage":23.0,"enemies":"3 Shapes","floor":35.0,"turns":2.0},{"damage":2.0,"enemies":"Orb Walker","floor":36.0,"turns":3.0},{"damage":27.0,"enemies":"Mind Bloom Boss Battle","floor":38.0,"turns":4.0},{"damage":8.0,"enemies":"4 Shapes","floor":39.0,"turns":2.0},{"damage":20.0,"enemies":"Giant Head","floor":40.0,"turns":6.0},{"damage":18.0,"enemies":"Maw","floor":42.0,"turns":4.0},{"damage":0.0,"enemies":"Spire Growth","floor":44.0,"turns":2.0},{"damage":16.0,"enemies":"3 Darklings","floor":46.0,"turns":2.0},{"damage":17.0,"enemies":"Writhing Mass","floor":48.0,"turns":2.0},{"damage":91,"enemies":"Awakened One","floor":50,"turns":5}],"seed_played":"1316884834451920763","potions_obtained":[{"floor":1.0,"key":"Reflective Coating"},{"floor":4.0,"key":"Block Potion"},{"floor":14.0,"key":"FearPotion"},{"floor":18.0,"key":"Fire Potion"},{"floor":25.0,"key":"ColorlessPotion"},{"floor":28.0,"key":"Fire Potion"},{"floor":33.0,"key":"BloodPotion"},{"floor":38.0,"key":"Swift Potion"},{"floor":39.0,"key":"PowerPotion"}],"is_trial":false,"path_per_floor":["M","?","?","M","M","E","$","R","T","R","?","M","E","M","R","B",null,"M","?","M","AVR","?","E","R","E","T","M","M","M","R","M","R","B",null,"M","M","$","?","M","E","?","M","T","M","R","M","AVR","M","R","B"],"character_chosen":"IRONCLAD","items_purchased":["Blood Vial","Brimstone","Chemical X","Whirlwind","Flex"],"campfire_rested":6,"item_purchase_floors":[7,7,37,37,37],"current_hp_per_floor":[68,68,68,68,56,26,26,48,48,48,48,50,47,46,68,35,65,53,53,55,55,55,52,52,54,61,54,38,45,69,57,81,48,74,53,53,53,36,46,46,46,30,30,32,56,42,42,27,51,0,0],"gold":256,"neow_bonus":"BOSS_RELIC","is_daily":false,"chose_seed":false,"campfire_upgraded":2,"win_rate":0.0,"timestamp":1608606822,"path_taken":["M","?","?","M","M","E","$","R","T","R","?","M","E","M","R","BOSS","M","?","M","AVR","?","E","R","E","T","?","M","M","R","M","R","BOSS","M","M","$","?","M","E","?","M","T","?","R","M","AVR","M","R","BOSS"],"items_purchased_type":["Relic","Relic","Relic","Card","Card"],"build_version":"2020-12-13","purchased_purges":3,"victory":false,"max_hp_per_floor":[75,75,75,75,75,75,75,75,75,75,75,75,75,75,75,75,75,75,75,75,75,75,75,75,75,82,82,82,82,82,82,82,82,82,82,82,82,82,82,82,82,82,82,82,82,82,82,82,82,82,82],"card_choices":[{"not_picked":["Eruption","Zap"],"picked":"Neutralize","floor":0.0},{"not_picked":["Fiend Fire","Demon Form"],"picked":"Reaper","floor":0.0},{"not_picked":["Enlightenment","Specialist"],"picked":"Good Instincts","floor":0.0},{"not_picked":["infinitespire:SevenWalls","Replay:Fractal Strike"],"picked":"infinitespire:Punishment","floor":0.0},{"not_picked":["Clash","Defy Death"],"picked":"Cleave","floor":1.0},{"not_picked":["Uppercut","Warcry"],"picked":"Intimidate","floor":4.0},{"not_picked":["Blood for Blood","Bloodletting"],"picked":"Pommel Strike","floor":5.0},{"not_picked":["Heavy Blade","Bludgeon"],"picked":"Armaments","floor":6.0},{"not_picked":["Abandon","Clash"],"picked":"Armaments","floor":12.0},{"not_picked":["Thunderclap","Perfected Strike"],"picked":"Seeing Red","floor":13.0},{"not_picked":["Clash","Impervious"],"picked":"Whirlwind","floor":14.0},{"not_picked":["Fiend Fire","Exhume"],"picked":"Barricade","floor":16.0},{"not_picked":["Feel No Pain","Replay:Undeath\u0027s Touch"],"picked":"Inflame","floor":18.0},{"not_picked":["Uppercut","Thunderclap"],"picked":"Ghostly Armor","floor":20.0},{"not_picked":["Combust","Life Link"],"picked":"Pummel","floor":23.0},{"not_picked":["Second Wind","Bloodletting"],"picked":"Reaper","floor":25.0},{"not_picked":["Massacre+1","Headbutt"],"picked":"Thunderclap+1","floor":27.0},{"not_picked":["True Grit+1","Headbutt+1"],"picked":"Pummel","floor":28.0},{"not_picked":["Thunderclap","Sentinel"],"picked":"Entrench","floor":29.0},{"not_picked":["Second Wind","Headbutt"],"picked":"Heavy Blade","floor":31.0},{"not_picked":["Berserk","Bludgeon"],"picked":"Replay:Many Hands","floor":33.0},{"not_picked":["Rupture+1","Iron Wave"],"picked":"Power Through","floor":35.0},{"not_picked":["Pummel","ReplayTheSpireMod:Stacked"],"picked":"Fire Breathing+1","floor":36.0},{"not_picked":["Clash+1","Run Through"],"picked":"Flex","floor":38.0},{"not_picked":["Burning Pact","Flex"],"picked":"Shrug It Off","floor":39.0},{"not_picked":["Armaments","Thunderclap"],"picked":"Power Through+1","floor":40.0},{"not_picked":["Replay:Undeath\u0027s Touch","Pummel"],"picked":"Whirlwind","floor":42.0},{"not_picked":["Body Slam","Intimidate+1"],"picked":"Double Tap","floor":44.0},{"not_picked":["Anger","ReplayTheSpireMod:Strike From Hell"],"picked":"Pummel+1","floor":46.0},{"not_picked":["Replay:Undeath\u0027s Touch","Havoc"],"picked":"Anger","floor":48.0}],"player_experience":460563,"relics_obtained":[{"floor":2.0,"key":"ReplayTheSpireMod:Ring of Exchange"},{"floor":2.0,"key":"ReplayTheSpireMod:Ring of Challenge"},{"floor":6.0,"key":"MawBank"},{"floor":9.0,"key":"Omamori"},{"floor":11.0,"key":"Paper Frog"},{"floor":13.0,"key":"infinitespire:Satchel"},{"floor":23.0,"key":"infinitespire:WardingShard"},{"floor":25.0,"key":"Mirror"},{"floor":26.0,"key":"Strawberry"},{"floor":38.0,"key":"Ice Cream"},{"floor":40.0,"key":"King of Hearts"},{"floor":43.0,"key":"Sundial"}],"event_choices":[{"damage_healed":0.0,"max_hp_gain":0.0,"max_hp_loss":0.0,"gold_gain":175.0,"event_name":"Liars Game","player_choice":"AGREE","floor":3.0,"gold_loss":0.0,"damage_taken":0.0,"cards_obtained":["Doubt"]},{"damage_healed":0.0,"max_hp_gain":0.0,"max_hp_loss":0.0,"gold_gain":0.0,"event_name":"Back to Basics","player_choice":"Simplicity","floor":19.0,"gold_loss":0.0,"damage_taken":0.0,"cards_upgraded":["Strike_R","Strike_R","Strike_R","Strike_R","Strike_R","Defend_R","Defend_R","Defend_R","Defend_R"]},{"damage_healed":0.0,"max_hp_gain":0.0,"max_hp_loss":0.0,"gold_gain":0.0,"event_name":"Wheel of Change","player_choice":"Cursed","floor":22.0,"gold_loss":0.0,"damage_taken":0.0,"cards_obtained":["Decay"]},{"damage_healed":0.0,"max_hp_gain":0.0,"max_hp_loss":0.0,"gold_gain":0.0,"event_name":"MindBloom","player_choice":"Fight","floor":38.0,"gold_loss":0.0,"damage_taken":0.0},{"damage_healed":0.0,"max_hp_gain":0.0,"max_hp_loss":0.0,"gold_gain":0.0,"event_name":"Match and Keep!","player_choice":"1 cards matched","floor":41.0,"gold_loss":0.0,"damage_taken":0.0,"cards_obtained":["Dropkick"]}],"is_beta":false,"boss_relics":[{"not_picked":["Cauldron","Painkiller Herb"],"picked":"DollysMirror"},{"not_picked":["OrangePellets","infinitespire:Burning Sword"],"picked":"HandDrill"}],"items_purged_floors":[7,37,47],"is_endless":false,"potions_floor_spawned":[1,4,14,18,25,28,33,36,38,39,46],"killed_by":"Awakened One","ascension_level":14}}