{"host":"4qt77pm52ljaz00q","time":1608650074,"event":{"mods":["2.2 Compatiblity","BaseMod","BetterRewards","Colored Map","Downfall","Minty Spire (QoL Compilation)","Permanent Neow","Relic Sorter","Shop Mod","StSLib","Unknown Chances"],"gold_per_floor":[99,111,111,125,125,50,131,143,173,173,187,219,219,129,146,244,244,169,169,269,288,304,336,412,3,3,21,21,32,32,51,69,165,165,90,108,121,132,132,145,145,111,111,111,111,111],"floor_reached":44,"playtime":2833,"items_purged":["Pain"],"score":551,"play_id":"b0a3f00d-46de-449e-9d79-ef321afea27a","local_time":"20201222101434","is_ascension_mode":true,"campfire_choices":[{"floor":1.0,"key":"RECALL"},{"data":"champ:Taunt","floor":6.0,"key":"SMITH"},{"data":"champ:Duel","floor":18.0,"key":"SMITH"},{"data":"champ:ViciousMockery","floor":30,"key":"SMITH"},{"data":"champ:Lariat","floor":35,"key":"SMITH"}],"circlet_count":0,"master_deck":["champ:Defend","champ:Defend+1","champ:Defend","champ:Defend","champ:Execute","champ:Taunt+1","champ:BringItOn","champ:DefensiveShout","champ:Lariat+1","champ:TornadoPunch","champ:Circumvent","champ:Duel+1","champ:SkillfulDodge+1","champ:ShieldThrow","champ:ViciousMockery+1","Bite+1","Bite","Bite","Bite","Bite","champ:RisingSlash","champ:EnchantCrown","champ:ShieldSigil","champ:Lariat+1","champ:Circumvent+1"],"relics":["champ:ChampionCrown","Gambling Chip","Mercury Hourglass","WarpedTongs","downfall:HeartBlessingRed","Odd Mushroom","Bottled Lightning","Sundial","downfall:HeartBlessingBlue","Boot","The Courier","Kunai","champ:ChampionCrownUpgraded","downfall:HeartBlessingGreen","InkBottle","Turnip","Toolbox"],"acts_visited":["Exordium","TheCity","TheBeyond"],"potions_floor_usage":[32,33],"damage_taken":[{"damage":14.0,"enemies":"Jaw Worm","floor":2.0,"turns":2.0},{"damage":5.0,"enemies":"Small Slimes","floor":4.0,"turns":2.0},{"damage":5.0,"enemies":"Cultist","floor":8.0,"turns":2.0},{"damage":10.0,"enemies":"The Mushroom Lair","floor":9.0,"turns":3.0},{"damage":0.0,"enemies":"3 Louse","floor":11.0,"turns":2.0},{"damage":16.0,"enemies":"Lagavulin","floor":12.0,"turns":6.0},{"damage":9.0,"enemies":"downfall:FleeingMerchant","floor":14.0,"turns":4.0},{"damage":0.0,"enemies":"Exordium Wildlife","floor":15.0,"turns":2.0},{"damage":12.0,"enemies":"downfall:Silent","floor":16.0,"turns":7.0},{"damage":0.0,"enemies":"Chosen","floor":19.0,"turns":1.0},{"damage":0.0,"enemies":"Shell Parasite","floor":21.0,"turns":3.0},{"damage":0.0,"enemies":"3 Cultists","floor":22.0,"turns":4.0},{"damage":41.0,"enemies":"Gremlin Leader","floor":23.0,"turns":11.0},{"damage":10.0,"enemies":"downfall:FleeingMerchant","floor":25.0,"turns":4.0},{"damage":2.0,"enemies":"Chosen and Byrds","floor":27.0,"turns":5.0},{"damage":5,"enemies":"Snecko","floor":29,"turns":4},{"damage":0,"enemies":"Snake Plant","floor":31,"turns":3},{"damage":0,"enemies":"3 Cultists","floor":32,"turns":4},{"damage":15,"enemies":"downfall:Ironclad","floor":33,"turns":8},{"damage":18,"enemies":"3 Darklings","floor":36,"turns":4},{"damage":14,"enemies":"Orb Walker","floor":37,"turns":2},{"damage":8,"enemies":"Jaw Worm Horde","floor":38,"turns":4},{"damage":27,"enemies":"Sphere and 2 Shapes","floor":40,"turns":3},{"damage":51,"enemies":"downfall:FleeingMerchant","floor":42,"turns":4},{"damage":100,"enemies":"Nemesis","floor":44,"turns":10}],"seed_played":"795593229858672690","potions_obtained":[{"floor":4.0,"key":"GamblersBrew"},{"floor":12.0,"key":"Swift Potion"},{"floor":15.0,"key":"Explosive Potion"},{"floor":21.0,"key":"PowerPotion"},{"floor":23.0,"key":"Fruit Juice"},{"floor":33,"key":"EssenceOfSteel"},{"floor":37,"key":"Block Potion"}],"is_trial":false,"path_per_floor":["R","M","?","M","?","R","T","M","?","?","M","E","T","$","M","B",null,"R","M","?","M","M","E","T","$","?","M","?","M","R","M","M","B",null,"R","M","M","M","?","M","T","$","$","E"],"character_chosen":"THE_CHAMP","items_purchased":["champ:ShieldThrow","champ:ViciousMockery","EntropicBrew","Kunai","Turnip","Toolbox"],"campfire_rested":0,"item_purchase_floors":[25,25,25,25,42,42],"current_hp_per_floor":[63,59,56,56,56,56,56,56,51,51,51,35,35,31,31,19,90,100,100,100,100,100,64,64,64,64,69,69,68,68,73,73,60,73,73,71,71,73,65,65,65,67,67,0,0,0],"gold":111,"neow_bonus":"ONE_RARE_RELIC","is_daily":false,"chose_seed":false,"campfire_upgraded":4,"win_rate":0.0,"timestamp":1608650074,"path_taken":["R","M","?","M","?","R","T","?","?","?","M","E","?","$","M","BOSS","R","M","?","M","M","E","T","$","?","M","?","?","R","M","M","BOSS","R","M","M","?","?","M","T","?","$","E"],"items_purchased_type":["Card","Card","Potion","Relic","Relic","Relic"],"build_version":"2020-12-13","purchased_purges":1,"victory":false,"max_hp_per_floor":[90,90,90,90,90,90,90,90,90,90,90,90,90,90,90,90,90,100,100,100,100,100,100,100,105,73,73,73,73,73,73,73,73,73,73,73,73,73,73,73,73,73,73,73,73,73],"card_choices":[{"not_picked":["champ:HeartStrike","champ:CrookedStrike"],"picked":"champ:BringItOn","floor":2.0},{"not_picked":["champ:StanceDance","champ:Shatter"],"picked":"champ:DefensiveShout","floor":4.0},{"not_picked":["champ:SkillfulDodge","champ:DeathBlow"],"picked":"champ:Lariat","floor":8.0},{"not_picked":["champ:BladeFlurry","champ:LastStand"],"picked":"champ:TornadoPunch","floor":9.0},{"not_picked":["champ:CrookedStrike","champ:AdrenalArmor"],"picked":"champ:Circumvent","floor":11.0},{"not_picked":["champ:RageSigil","champ:Backstep","champ:RapidStrikes"],"picked":"SKIP","floor":12.0},{"not_picked":["champ:SwordSigil","champ:Riposte"],"picked":"champ:Duel","floor":14.0},{"not_picked":["champ:Lariat","champ:GladiatorsShout","champ:PerfectedStrike"],"picked":"SKIP","floor":15.0},{"not_picked":["champ:Aggression","champ:GladiatorsShout","champ:Haymaker"],"picked":"SKIP","floor":19.0},{"not_picked":["champ:SwordSigil+1","champ:StanceDance+1","champ:CalledShot"],"picked":"SKIP","floor":21.0},{"not_picked":["champ:FanOfKnives+1","champ:ShieldSlam"],"picked":"champ:SkillfulDodge+1","floor":22.0},{"not_picked":["champ:FlashCut","champ:Haymaker+1","champ:RageSigil"],"picked":"SKIP","floor":23.0},{"not_picked":["champ:BringItOn","champ:BerserkersShout","champ:HeartStrike"],"picked":"SKIP","floor":25.0},{"not_picked":["champ:AdrenalArmor","champ:TornadoPunch+1","champ:SwordSigil+1"],"picked":"SKIP","floor":27.0},{"not_picked":["champ:BerserkersShout","champ:Riposte","champ:CrookedStrike"],"picked":"SKIP","floor":29},{"not_picked":["champ:StanceDance","champ:PerfectedStrike"],"picked":"champ:RisingSlash","floor":31},{"not_picked":["champ:BladeFlurry","champ:PerfectedStrike","champ:FocusedGladiator"],"picked":"SKIP","floor":32},{"not_picked":["champ:EnchantShield","champ:SwordThrow"],"picked":"champ:EnchantCrown","floor":33},{"not_picked":["champ:GladiatorsShout+1","champ:Encircle+1","champ:AdrenalArmor"],"picked":"SKIP","floor":36},{"not_picked":["champ:DefensiveShout+1","champ:BladeFlurry","champ:IronFortress"],"picked":"SKIP","floor":37},{"not_picked":["champ:HeartStrike+1","champ:Haymaker+1"],"picked":"champ:ShieldSigil","floor":38},{"not_picked":["champ:Haymaker","champ:GladiatorsShout+1"],"picked":"champ:Lariat+1","floor":40},{"not_picked":["champ:PerfectedStrike+1","champ:AdrenalArmor+1"],"picked":"champ:Circumvent+1","floor":42}],"player_experience":181710,"relics_obtained":[{"floor":9.0,"key":"Odd Mushroom"},{"floor":12.0,"key":"Bottled Lightning"},{"floor":13.0,"key":"Sundial"},{"floor":23.0,"key":"Boot"},{"floor":24.0,"key":"The Courier"},{"floor":41,"key":"InkBottle"}],"event_choices":[{"damage_healed":0.0,"max_hp_gain":0.0,"max_hp_loss":0.0,"gold_gain":0.0,"event_name":"Scrap Ooze","player_choice":"Success","floor":3.0,"gold_loss":0.0,"damage_taken":3.0,"relics_obtained":["Mercury Hourglass"]},{"damage_healed":0.0,"max_hp_gain":0.0,"max_hp_loss":0.0,"gold_gain":0.0,"event_name":"Accursed Blacksmith","player_choice":"Rummage","floor":5.0,"gold_loss":0.0,"damage_taken":0.0,"relics_obtained":["WarpedTongs"],"cards_obtained":["Pain"]},{"damage_healed":0.0,"max_hp_gain":0.0,"max_hp_loss":0.0,"gold_gain":0.0,"event_name":"Mushrooms","player_choice":"Fought Mushrooms","floor":9.0,"gold_loss":0.0,"damage_taken":0.0},{"damage_healed":0.0,"max_hp_gain":0.0,"max_hp_loss":32.0,"gold_gain":0.0,"event_name":"Vampires","player_choice":"Became a vampire","floor":26.0,"gold_loss":0.0,"damage_taken":0.0,"cards_obtained":["Bite","Bite","Bite","Bite","Bite"]},{"damage_healed":0.0,"max_hp_gain":0.0,"max_hp_loss":0.0,"gold_gain":0.0,"event_name":"Transmorgrifier","player_choice":"Ignored","floor":28.0,"gold_loss":0.0,"damage_taken":0.0}],"is_beta":false,"boss_relics":[{"not_picked":["Runic Pyramid","champ:PowerArmor","Snecko Eye"]},{"not_picked":["Cursed Key","Pandora\u0027s Box"],"picked":"champ:ChampionCrownUpgraded"}],"items_purged_floors":[14],"is_endless":false,"potions_floor_spawned":[4,12,15,21,23,31,33,37,40],"killed_by":"Nemesis","ascension_level":2}}