{"host":"3jjxuhjpio8e4zkv","time":1608668786,"event":{"mods":["BaseMod","Colored Map","Minty Spire (QoL Compilation)","Permanent Neow","Relic Stats","StSLib"],"gold_per_floor":[114,129,279,279,279,279,309,319,319,350,14,32,43,72,72,145,145,165,165,185,21,21,21,54,54,54,54,74,74,74,104,116,128,128],"floor_reached":33,"playtime":1244,"items_purged":["Doubt"],"score":667,"play_id":"45ee8968-2582-4a10-b713-901629b0d81f","local_time":"20201222152626","is_ascension_mode":true,"campfire_choices":[{"data":"CarveReality","floor":6,"key":"SMITH"},{"data":"Conclude","floor":15,"key":"SMITH"},{"data":"Tantrum","floor":23,"key":"SMITH"},{"data":"SpiritShield","floor":25,"key":"SMITH"},{"data":"Eruption","floor":27,"key":"SMITH"},{"data":"LessonLearned","floor":30,"key":"SMITH"},{"floor":32,"key":"REST"}],"circlet_count":0,"master_deck":["AscendersBane","Eruption+1","Vigilance+1","CarveReality+1","ThirdEye+1","Adaptation","CrushJoints","Wireheading","FlurryOfBlows","Worship+1","Conclude+1","Ragnarok","Halt","Judgement","SpiritShield","CutThroughFate","LessonLearned+1","CrushJoints","PathToVictory","SpiritShield+1","Indignation+1","EmptyBody","Tantrum+1","Blasphemy","EmptyFist+1"],"relics":["PureWater","Vajra","Darkstone Periapt","Mercury Hourglass","Dream Catcher","Gremlin Horn","Torii","Pandora\u0027s Box","Bottled Lightning","Kunai","MawBank"],"acts_visited":["Exordium","TheCity"],"potions_floor_usage":[7,13,16],"damage_taken":[{"damage":0,"enemies":"Small Slimes","floor":1,"turns":2},{"damage":3,"enemies":"2 Louse","floor":2,"turns":3},{"damage":8,"enemies":"Lagavulin","floor":7,"turns":4},{"damage":0,"enemies":"Jaw Worm","floor":8,"turns":3},{"damage":2,"enemies":"Gremlin Nob","floor":10,"turns":3},{"damage":0,"enemies":"Red Slaver","floor":12,"turns":2},{"damage":0,"enemies":"3 Louse","floor":13,"turns":2},{"damage":0,"enemies":"3 Sentries","floor":14,"turns":3},{"damage":21,"enemies":"Slime Boss","floor":16,"turns":6},{"damage":9,"enemies":"Chosen","floor":18,"turns":3},{"damage":1,"enemies":"2 Thieves","floor":20,"turns":3},{"damage":0,"enemies":"Gremlin Leader","floor":24,"turns":3},{"damage":1,"enemies":"Centurion and Healer","floor":28,"turns":5},{"damage":29,"enemies":"Slavers","floor":31,"turns":4},{"damage":62,"enemies":"Champ","floor":33,"turns":7}],"seed_played":"-6717258125801804422","potions_obtained":[{"floor":1,"key":"Energy Potion"},{"floor":10,"key":"StancePotion"},{"floor":18,"key":"Ancient Potion"},{"floor":24,"key":"LiquidBronze"}],"is_trial":false,"path_per_floor":["M","M","?","?","?","R","E","M","T","E","$","M","M","E","R","B",null,"M","?","M","$","?","R","E","R","T","R","M","?","R","E","R","B"],"character_chosen":"WATCHER","items_purchased":["Gremlin Horn","Block Potion","Tantrum"],"campfire_rested":1,"item_purchase_floors":[11,11,21],"current_hp_per_floor":[61,58,58,38,43,43,35,35,35,33,33,33,33,33,33,12,58,49,55,54,54,54,54,54,54,54,54,53,53,53,24,47,0,0],"gold":128,"neow_bonus":"RANDOM_COMMON_RELIC","is_daily":false,"chose_seed":false,"campfire_upgraded":6,"win_rate":0.0,"timestamp":1608668786,"path_taken":["M","M","?","?","?","R","E","M","T","E","?","?","M","E","R","BOSS","M","?","M","$","?","R","E","R","T","R","?","?","R","E","R","BOSS"],"items_purchased_type":["Relic","Potion","Card"],"build_version":"2020-12-13","purchased_purges":1,"victory":false,"max_hp_per_floor":[68,68,68,68,73,73,73,73,73,73,73,73,73,73,73,73,73,73,79,79,79,79,79,79,79,79,79,79,79,79,79,79,79,79],"relic_stats":{"Darkstone Periapt":6,"Dream Catcher":1,"Gremlin Horn":[14,14],"Torii":10,"counters":[15,53],"Pandora\u0027s Box":["Halt","Judgement","SpiritShield","CutThroughFate","LessonLearned","CrushJoints","PathToVictory","SpiritShield"],"Kunai":[5],"MawBank":24,"obtain_stats":[{"Darkstone Periapt":7,"Dream Catcher":10,"Gremlin Horn":11,"Torii":14,"Vajra":0,"Pandora\u0027s Box":17,"Bottled Lightning":24,"Kunai":26,"PureWater":0,"MawBank":31,"Mercury Hourglass":9},{"Darkstone Periapt":3,"Dream Catcher":5,"Gremlin Horn":5,"Torii":8,"Vajra":0,"Pandora\u0027s Box":9,"Bottled Lightning":12,"Kunai":12,"PureWater":0,"MawBank":14,"Mercury Hourglass":4},{"Darkstone Periapt":9,"Dream Catcher":15,"Gremlin Horn":15,"Torii":22,"Vajra":0,"Pandora\u0027s Box":28,"Bottled Lightning":37,"Kunai":37,"PureWater":0,"MawBank":46,"Mercury Hourglass":12}],"Mercury Hourglass":[174]},"card_choices":[{"not_picked":["Vengeance","Crescendo"],"picked":"CarveReality","floor":1},{"not_picked":["ClearTheMind","Pray"],"picked":"ThirdEye","floor":2},{"not_picked":["EmptyBody","ClearTheMind"],"picked":"Adaptation","floor":7},{"not_picked":["SashWhip","EmptyFist"],"picked":"CrushJoints","floor":8},{"not_picked":["ConjureBlade","WreathOfFlame"],"picked":"Wireheading","floor":10},{"not_picked":["Worship","Evaluate"],"picked":"FlurryOfBlows","floor":12},{"not_picked":["WaveOfTheHand","CrushJoints"],"picked":"Worship","floor":13},{"not_picked":["Prostrate","BowlingBash"],"picked":"Conclude","floor":14},{"not_picked":["Establishment","Vault"],"picked":"Ragnarok","floor":16},{"not_picked":["Conclude","ForeignInfluence"],"picked":"Indignation+1","floor":18},{"not_picked":["Pray","JustLucky"],"picked":"EmptyBody","floor":20},{"not_picked":["EmptyBody","CutThroughFate","Pray"],"picked":"SKIP","floor":24},{"not_picked":["Perseverance","SashWhip","SandsOfTime"],"picked":"SKIP","floor":28},{"not_picked":["Consecrate","Indignation"],"picked":"Blasphemy","floor":31},{"not_picked":["PathToVictory","Evaluate"],"picked":"EmptyFist+1","floor":32}],"player_experience":1092371,"relics_obtained":[{"floor":7,"key":"Darkstone Periapt"},{"floor":9,"key":"Mercury Hourglass"},{"floor":10,"key":"Dream Catcher"},{"floor":14,"key":"Torii"},{"floor":24,"key":"Bottled Lightning"},{"floor":26,"key":"Kunai"},{"floor":31,"key":"MawBank"}],"event_choices":[{"damage_healed":0,"gold_gain":150,"player_choice":"AGREE","damage_taken":0,"max_hp_gain":0,"max_hp_loss":0,"event_name":"Liars Game","floor":3,"gold_loss":0,"cards_obtained":["Doubt"]},{"damage_healed":0,"gold_gain":0,"player_choice":"Entered Light","damage_taken":20,"max_hp_gain":0,"max_hp_loss":0,"event_name":"Shining Light","floor":4,"gold_loss":0,"cards_upgraded":["ThirdEye","Vigilance"]},{"damage_healed":0,"gold_gain":0,"player_choice":"Donut","damage_taken":0,"max_hp_gain":5,"max_hp_loss":0,"event_name":"Big Fish","floor":5,"gold_loss":0},{"damage_healed":0,"gold_gain":0,"player_choice":"Smashed Altar","damage_taken":0,"max_hp_gain":0,"max_hp_loss":0,"event_name":"Forgotten Altar","floor":19,"gold_loss":0,"cards_obtained":["Decay"]},{"cards_removed":["Decay"],"damage_healed":0,"gold_gain":0,"player_choice":"Purged","damage_taken":0,"max_hp_gain":0,"max_hp_loss":0,"event_name":"Purifier","floor":22,"gold_loss":0},{"damage_healed":0,"gold_gain":0,"player_choice":"Ignored","damage_taken":0,"max_hp_gain":0,"max_hp_loss":0,"event_name":"Vampires","floor":29,"gold_loss":0}],"is_beta":false,"boss_relics":[{"not_picked":["Runic Dome","Ectoplasm"],"picked":"Pandora\u0027s Box"}],"items_purged_floors":[21],"is_endless":false,"potions_floor_spawned":[1,10,12,18,24,28],"killed_by":"Champ","ascension_level":18}}