{"host":"2brg86hfzr3u5cix","time":1608605890,"event":{"mods":["AchievementEnabler","Ascension Unlocker","BaseMod","CapriCore","DeckTracker","Highlight Path","Keyboard Shortcuts","Minty Spire (QoL Compilation)","Permanent Neow","Relic Stats","StSLib","Twitch Utils","Uncapped","UnlockEverythingMod"],"gold_per_floor":[119,194,18,34,34,34,50,50,76,76,76,100,126,143,143,143,143],"floor_reached":16,"playtime":626,"items_purged":["Strike_B"],"score":196,"play_id":"b3fdd26f-1e9a-486c-b011-6ddd9a53a104","local_time":"20201222115810","is_ascension_mode":true,"campfire_choices":[{"floor":6,"key":"REST"},{"data":"Multi-Cast","floor":10,"key":"SMITH"},{"floor":15,"key":"REST"}],"circlet_count":0,"master_deck":["AscendersBane","Strike_B","Strike_B","Defend_B","Defend_B","Defend_B","Defend_B","Zap","Dualcast","Multi-Cast+1","Double Energy","Panacea","BootSequence","Ball Lightning","Doom and Gloom"],"relics":["Cracked Core","Turnip","Orichalcum","Anchor","MealTicket"],"acts_visited":["Exordium"],"potions_floor_usage":[13,13,16],"damage_taken":[{"damage":12.0,"enemies":"2 Louse","floor":1.0,"turns":2.0},{"damage":8.0,"enemies":"Small Slimes","floor":4.0,"turns":3.0},{"damage":2,"enemies":"Cultist","floor":7,"turns":4},{"damage":10,"enemies":"Gremlin Nob","floor":13,"turns":4},{"damage":10,"enemies":"Looter","floor":14,"turns":4},{"damage":38,"enemies":"The Guardian","floor":16,"turns":8}],"seed_played":"3817326775365915292","potions_obtained":[{"floor":1.0,"key":"Weak Potion"},{"floor":4.0,"key":"Fire Potion"},{"floor":14,"key":"Energy Potion"}],"is_trial":false,"path_per_floor":["M","?","$","M","?","R","M","$","T","R","?","T","E","M","R","B"],"character_chosen":"DEFECT","items_purchased":["Panacea"],"campfire_rested":2,"item_purchase_floors":[3],"current_hp_per_floor":[52,41,41,33,22,43,41,41,41,41,34,34,24,14,35,0,0],"gold":143,"neow_bonus":"ONE_RANDOM_RARE_CARD","is_daily":false,"chose_seed":false,"campfire_upgraded":1,"win_rate":0.0,"timestamp":1608605890,"path_taken":["M","?","$","M","?","R","M","$","T","R","?","?","E","M","R","BOSS"],"items_purchased_type":["Card"],"build_version":"2020-12-13","purchased_purges":1,"victory":false,"max_hp_per_floor":[71,71,71,71,71,71,71,71,71,71,71,71,71,71,71,71,71],"relic_stats":{"counters":[6,25],"MealTicket":0,"Turnip":[0],"Orichalcum":[18],"obtain_stats":[{"Anchor":12,"MealTicket":13,"Turnip":5,"Orichalcum":9,"Cracked Core":0},{"Anchor":3,"MealTicket":4,"Turnip":2,"Orichalcum":3,"Cracked Core":0},{"Anchor":9,"MealTicket":13,"Turnip":5,"Orichalcum":9,"Cracked Core":0}]},"card_choices":[{"not_picked":["Gash","Darkness"],"picked":"Double Energy","floor":1.0},{"not_picked":["Aggregate","Hello World"],"picked":"BootSequence","floor":4.0},{"not_picked":["Hologram","Streamline","Hyperbeam"],"picked":"SKIP","floor":7},{"not_picked":["Static Discharge","Heatsinks"],"picked":"Ball Lightning","floor":13},{"not_picked":["Streamline","Rebound"],"picked":"Doom and Gloom","floor":14}],"player_experience":304012,"relics_obtained":[{"floor":9,"key":"Orichalcum"},{"floor":12,"key":"Anchor"},{"floor":13,"key":"MealTicket"}],"event_choices":[{"damage_healed":0.0,"max_hp_gain":0.0,"max_hp_loss":0.0,"gold_gain":75.0,"event_name":"World of Goop","player_choice":"Gather Gold","floor":2.0,"gold_loss":0.0,"damage_taken":11.0},{"damage_healed":0.0,"max_hp_gain":0.0,"max_hp_loss":0.0,"gold_gain":0.0,"event_name":"Scrap Ooze","player_choice":"Success","floor":5.0,"gold_loss":0.0,"damage_taken":11.0,"relics_obtained":["Turnip"]},{"cards_removed":["Strike_B"],"damage_healed":0,"gold_gain":0,"player_choice":"Card Removal","damage_taken":7,"max_hp_gain":0,"max_hp_loss":0,"event_name":"Golden Wing","floor":11,"gold_loss":0}],"is_beta":false,"boss_relics":[],"items_purged_floors":[3],"is_endless":false,"potions_floor_spawned":[1,4,14],"killed_by":"The Guardian","ascension_level":20}}