{"host":"cxlfijb3ipw68228","time":1608598900,"event":{"mods":["2.2 Compatiblity","AchievementEnabler","Aspiration","BaseMod","Better Altar","Better Match","Better Note","Better Sensory Stone","Better Skull","Better Third Choice","BetterRewards","CCEM","Clawfect","Colored Map","Conspire","Downfall","GifTheSpireLib","Halation","Highlight Path","Hubris","Infinite Spire","Minty Spire (QoL Compilation)","Permanent Neow","Shop Mod","Spicy Shops","StSLib","Stuff the Spire","The Servant 0.9.4"],"gold_per_floor":[399,410,560,575,3911,3937,3937,3954,3879,3879,2771,2815,2815,1403,1473,1582,1632,1557,1578,1408,1458,1484,1528,1528,1546,1471,1511,1511,1535,1535,1579,1601,1705,1764,1764,1836,1836,1836,1503,1540,1567,1567,1576,1590,1590,1645,1658,1234,1258,1258,1258,1297,789,789,789],"floor_reached":56,"playtime":5485,"items_purged":["Slimebound:Icky","sneckomod:Strike","Injury","sneckomod:Defend","Parasite","sneckomod:Defend","sneckomod:MasterEye+1","sneckomod:Defend"],"score":1647,"play_id":"96f24e7a-bd65-4b57-99db-4ed686d2dc5c","local_time":"20201221200140","is_ascension_mode":true,"campfire_choices":[{"floor":1.0,"key":"RECALL"},{"data":"sneckomod:UnknownClassBLESSING","floor":9.0,"key":"SMITH"},{"data":"sneckomod:RainOfDice","floor":9.0,"key":"SMITH"},{"data":"sneckomod:Mudshield","floor":18.0,"key":"SMITH"},{"data":"sneckomod:UnknownVulnerable","floor":18.0,"key":"SMITH"},{"data":"infinitespire:FutureSight","floor":26.0,"key":"SMITH"},{"data":"sneckomod:Unknown","floor":26.0,"key":"SMITH"},{"data":"sneckomod:ImprovisedGuard","floor":28.0,"key":"SMITH"},{"data":"sneckomod:UnknownRareAttack","floor":28.0,"key":"SMITH"},{"data":"Panache","floor":30.0,"key":"SMITH"},{"data":"sneckomod:SnekBite","floor":30.0,"key":"SMITH"},{"data":"Barricade","floor":35.0,"key":"SMITH"},{"data":"Rupture","floor":35.0,"key":"SMITH"},{"data":"StuffTheSpire:Resist","floor":42.0,"key":"SMITH"},{"data":"sneckomod:DiceBoulder+2","floor":42.0,"key":"SMITH"},{"data":"infinitespire:Fortify","floor":45.0,"key":"SMITH"},{"data":"sneckomod:IronFang","floor":45.0,"key":"SMITH"},{"data":"sneckomod:Unknown0Cost","floor":54,"key":"SMITH"},{"data":"sneckomod:DiceBoulder+3","floor":54,"key":"SMITH"}],"circlet_count":0,"master_deck":["sneckomod:Strike+1","sneckomod:TailWhip+1","sneckomod:SnekBite+1","sneckomod:Unknown+1","sneckomod:Unknown","sneckomod:IronFang+1","sneckomod:RainOfDice+1","sneckomod:ImprovisedGuard+1","Panache+1","sneckomod:UnknownRareAttack+1","sneckomod:UnknownClassBLESSING+1","sneckomod:QuickBite+1","sneckomod:SlitherStrike+1","sneckomod:WideSting+1","sneckomod:DiceCrush+1","sneckomod:SnakeSap+1","sneckomod:DiceBoulder+4","sneckomod:UnknownVulnerable+1","sneckomod:Mudshield+1","sneckomod:SlitherStrike+1","sneckomod:WideSting+1","sneckomod:IronFang+1","sneckomod:UnknownClassHEXA_GHOST_PURPLE+1","infinitespire:FutureSight+1","infinitespire:Oblivion+1","sneckomod:RainOfDice+1","sneckomod:UnknownWeak+1","sneckomod:SoulCleanse+1","Heavy Blade+1","Barricade+1","Rupture+1","StuffTheSpire:Resist+1","Dark Embrace+1","infinitespire:Fortify+1","Feel No Pain+1","hubris:EnhanceAbility+1","Good Instincts","sneckomod:SerpentMind+1","sneckomod:Unknown0Cost+1"],"relics":["sneckomod:SneckoSoul","Mercury Hourglass","conspire:Boomerang","hubris:ToyBattleship","CCEMRelics:WrappedPresent","StuffTheSpire:Expresso","halation:PenCase","downfall:HeartBlessingRed","Molten Egg 2","Potion Belt","hubris:MobiusCoin","aspiration:TomeofQuesting","conspire:TreasureMap","Toy Ornithopter","CeramicFish","Mango","infinitespire:WardingShard","Sling","infinitespire:Beetle Shell","hubris:GlazedTorus","ClockworkSouvenir","downfall:HeartBlessingGreen","Membership Card","Oddly Smooth Stone","Orichalcum","Torii","StuffTheSpire:Wildfire","halation:Sosunser","aspiration:IroncladSkillbook","downfall:HeartBlessingBlue","Question Card","hubris:TinFlute","Tiny House","halation:YellowSoulGem","hubris:Icosahedron","Omamori","Frozen Egg 2","hubris:Stopwatch","White Beast Statue","StuffTheSpire:MayFlowers","MerchantsRug","Strawberry","infinitespire:Lucky Rock","hubris:SlimyHat","halation:PrussianBluePaint","Akabeko","PrismaticShard"],"acts_visited":["Exordium","TheCity","TheBeyond","TheEnding"],"potions_floor_usage":[47,50,52,55,55],"damage_taken":[{"damage":6.0,"enemies":"2 Louse","floor":2.0,"turns":4.0},{"damage":1.0,"enemies":"Cultist","floor":4.0,"turns":3.0},{"damage":0.0,"enemies":"downfall:FleeingMerchant","floor":5.0,"turns":4.0},{"damage":18.0,"enemies":"3 Sentries","floor":6.0,"turns":3.0},{"damage":0.0,"enemies":"Small Slimes","floor":8.0,"turns":2.0},{"damage":0.0,"enemies":"downfall:FleeingMerchant","floor":11.0,"turns":4.0},{"damage":18.0,"enemies":"Gremlin Nob","floor":12.0,"turns":4.0},{"damage":20.0,"enemies":"downfall:FleeingMerchant","floor":14.0,"turns":4.0},{"damage":5.0,"enemies":"3 Louse","floor":15.0,"turns":2.0},{"damage":18.0,"enemies":"downfall:Ironclad","floor":16.0,"turns":4.0},{"damage":6.0,"enemies":"conspire:FuzzyDice","floor":19.0,"turns":2.0},{"damage":4.0,"enemies":"downfall:FleeingMerchant","floor":20.0,"turns":3.0},{"damage":0.0,"enemies":"Chosen","floor":22.0,"turns":2.0},{"damage":6.0,"enemies":"Book of Stabbing","floor":23.0,"turns":3.0},{"damage":0.0,"enemies":"conspire:SneckoGhost","floor":27.0,"turns":2.0},{"damage":0.0,"enemies":"conspire:HollyBat","floor":29.0,"turns":5.0},{"damage":20.0,"enemies":"Slavers","floor":31.0,"turns":2.0},{"damage":14.0,"enemies":"Centurion and Healer","floor":32.0,"turns":2.0},{"damage":0.0,"enemies":"downfall:Watcher","floor":33.0,"turns":3.0},{"damage":0.0,"enemies":"3 Darklings","floor":36.0,"turns":2.0},{"damage":25.0,"enemies":"Nemesis","floor":40.0,"turns":3.0},{"damage":0.0,"enemies":"3 Shapes","floor":44.0,"turns":2.0},{"damage":1.0,"enemies":"2 Orb Walkers","floor":46.0,"turns":2.0},{"damage":15,"enemies":"Writhing Mass","floor":47,"turns":3},{"damage":0,"enemies":"4 Shapes","floor":49,"turns":3},{"damage":0,"enemies":"downfall:Defect","floor":50,"turns":5},{"damage":46,"enemies":"downfall:CharBossMerchant","floor":52,"turns":5},{"damage":0,"enemies":"downfall:NeowBoss","floor":55,"turns":14}],"seed_played":"-2417119742553828754","potions_obtained":[{"floor":2.0,"key":"CultistPotion"},{"floor":4.0,"key":"Guardian:BlockOnCardUsePotion"},{"floor":12.0,"key":"AttackPotion"},{"floor":15.0,"key":"sneckomod:DiceRollPotion"},{"floor":16.0,"key":"Fruit Juice"},{"floor":19.0,"key":"ColorlessPotion"},{"floor":23.0,"key":"BlessingOfTheForge"},{"floor":27.0,"key":"DistilledChaos"},{"floor":33.0,"key":"BlessingOfTheForge"},{"floor":36.0,"key":"PowerPotion"},{"floor":44.0,"key":"DistilledChaos"},{"floor":52,"key":"sneckomod:MuddlingPotion"}],"is_trial":false,"path_per_floor":["R","M","?","M","$","E","T","M","R","?","$","E","T","$","M","B",null,"R","M","$","?","M","E","T","AVR","R","E","R","M","R","E","M","B",null,"R","M","?","?","?","E","T","R","AVR","M","R","?","M","$","M","B",null,"E","$","R","B",null],"character_chosen":"THE_SNECKO","items_purchased":["Mercury Hourglass","conspire:Boomerang","hubris:ToyBattleship","CCEMRelics:WrappedPresent","Panache","hubris:Spice","sneckomod:UnknownRareAttack","Potion Belt","hubris:MobiusCoin","aspiration:TomeofQuesting","conspire:TreasureMap","Toy Ornithopter","sneckomod:SlitherStrike+1","sneckomod:WideSting+1","infinitespire:WardingShard","Sling","infinitespire:Beetle Shell","hubris:GlazedTorus","ClockworkSouvenir","Slimebound:ThreeZeroPotion","sneckomod:DiceBoulder+1","Membership Card","Oddly Smooth Stone","Orichalcum","Torii","Whetstone","White Beast Statue","hubris:Spice","StuffTheSpire:MayFlowers","hubris:EnhanceAbility+1","Good Instincts","MerchantsRug","infinitespire:Lucky Rock","hubris:SlimyHat","halation:PrussianBluePaint","Akabeko","PrismaticShard","sneckomod:CheatPotion","DuplicationPotion"],"campfire_rested":0,"item_purchase_floors":[5,5,5,5,5,5,5,11,11,11,11,11,11,11,14,14,14,14,14,14,14,20,20,20,20,20,48,48,48,48,48,48,53,53,53,53,53,53,53],"current_hp_per_floor":[81,75,75,74,93,75,75,79,79,79,79,61,75,55,51,43,114,114,108,114,106,106,101,101,101,111,115,115,120,120,104,94,103,133,133,133,133,133,150,129,129,129,129,133,133,136,130,138,142,151,158,124,124,124,144],"gold":789,"neow_bonus":"ONE_RARE_RELIC","is_daily":false,"chose_seed":false,"campfire_upgraded":18,"win_rate":0.0,"timestamp":1608598900,"path_taken":["R","M","?","M","$","E","T","M","R","?","$","E","?","$","M","BOSS","R","M","$","?","M","E","T","AVR","R","E","R","?","R","E","M","BOSS","R","M","?","?","?","E","T","R","AVR","?","R","?","M","$","M","BOSS","E","$","R","BOSS"],"items_purchased_type":["Relic","Relic","Relic","Relic","Card","Relic","Card","Relic","Relic","Relic","Relic","Relic","Card","Card","Relic","Relic","Relic","Relic","Relic","Potion","Card","Relic","Relic","Relic","Relic","Relic","Relic","Relic","Relic","Card","Card","Relic","Relic","Relic","Relic","Relic","Relic","Potion","Potion"],"build_version":"2020-12-13","purchased_purges":8,"victory":true,"max_hp_per_floor":[81,81,81,81,95,95,95,99,99,99,99,99,113,113,114,114,114,114,114,116,116,116,117,117,117,127,127,127,128,128,128,128,128,133,133,133,133,133,150,150,150,150,150,150,150,150,150,158,158,158,158,166,166,166,166],"card_choices":[{"not_picked":["sneckomod:SoulDraw","sneckomod:UnknownBlock"],"picked":"sneckomod:IronFang","floor":2.0},{"not_picked":["sneckomod:UnknownUncommonPower","sneckomod:IronFang"],"picked":"sneckomod:RainOfDice","floor":4.0},{"not_picked":["sneckomod:UnknownWeak","sneckomod:SlitherStrike"],"picked":"sneckomod:ImprovisedGuard","floor":5.0},{"not_picked":["sneckomod:QuickMove","sneckomod:SlitherStrike"],"picked":"sneckomod:MasterEye","floor":6.0},{"not_picked":["sneckomod:QuickMove","sneckomod:SnakeSap"],"picked":"sneckomod:UnknownClassBLESSING","floor":8.0},{"not_picked":["sneckomod:UnknownClassTHE_CHAMP_GRAY","sneckomod:UnknownCommonAttack+1"],"picked":"sneckomod:QuickBite+1","floor":11.0},{"not_picked":["sneckomod:UnknownClassHEXA_GHOST_PURPLE","sneckomod:UnknownX"],"picked":"sneckomod:DiceCrush+1","floor":12.0},{"not_picked":["sneckomod:SoulDraw","sneckomod:UnknownX"],"picked":"sneckomod:SnakeSap+1","floor":14.0},{"not_picked":["sneckomod:IronFang+1","sneckomod:SoulCleanse"],"picked":"sneckomod:UnknownVulnerable","floor":15.0},{"not_picked":["sneckomod:Unknown3Cost","sneckomod:UnknownRareSkill"],"picked":"sneckomod:Mudshield","floor":16.0},{"not_picked":["sneckomod:UnknownCommonAttack+1","sneckomod:Unknown1Cost"],"picked":"sneckomod:SlitherStrike+1","floor":19.0},{"not_picked":["sneckomod:DiceCrush+1","sneckomod:UnknownClassGUARDIAN"],"picked":"sneckomod:WideSting+1","floor":20.0},{"not_picked":["sneckomod:Unknown1Cost","sneckomod:UnknownWeak"],"picked":"sneckomod:IronFang+1","floor":22.0},{"not_picked":["sneckomod:UnknownClassSLIMEBOUND+1","sneckomod:DangerNoodle+1"],"picked":"sneckomod:UnknownClassHEXA_GHOST_PURPLE+1","floor":23.0},{"not_picked":["Hemokinesis+1","sneckomod:SnakeSap+1","Uppercut+1"],"picked":"sneckomod:RainOfDice+1","floor":27.0},{"not_picked":["Heavy Blade+1","Clothesline+1","Battle Trance+1","sneckomod:UnknownVulnerable"],"picked":"sneckomod:UnknownWeak+1","floor":29.0},{"not_picked":["sneckomod:MasterEye","sneckomod:UnknownBlock+1","Inflame","Berserk"],"picked":"sneckomod:SoulCleanse+1","floor":31.0},{"not_picked":["sneckomod:UnknownCommonSkill","True Grit+1","Havoc","Twin Strike+1"],"picked":"Heavy Blade+1","floor":32.0},{"not_picked":["sneckomod:SoulExchange","sneckomod:UnknownRarePower","Fiend Fire+1","sneckomod:Unknown3Cost"],"picked":"Barricade","floor":33.0},{"not_picked":["StuffTheSpire:RockThrow+1","sneckomod:QuickBite+1","Flex","Headbutt+1"],"picked":"Rupture","floor":34.0},{"not_picked":["Headbutt+1","Dropkick+1","Clash+1","conspire:ExplosiveBarrier+1"],"picked":"StuffTheSpire:Resist","floor":36.0},{"not_picked":["Dual Wield","sneckomod:QuickBite+1","sneckomod:UnknownEthereal+1","Blood for Blood+1"],"picked":"Dark Embrace+1","floor":40.0},{"not_picked":["Dual Wield+1","sneckomod:UnknownWeak","sneckomod:SoulRoll+1","sneckomod:DiceCrush+1","hubris:StunningStrike+1"],"picked":"SKIP","floor":44.0},{"not_picked":["Havoc+1","Battle Trance+1","Sentinel+1","StuffTheSpire:Incineration+1"],"picked":"Feel No Pain+1","floor":46.0},{"not_picked":["Twin Strike+1","Heavy Blade+1","Headbutt+1","sneckomod:SoulDraw+1","sneckomod:UnknownWeak"],"picked":"SKIP","floor":47},{"not_picked":["sneckomod:UnknownVulnerable","Armaments","sneckomod:UnknownCommonSkill+1","Wild Strike+1"],"picked":"sneckomod:SerpentMind+1","floor":49},{"not_picked":["Sword Boomerang+1","Searing Blow+1","Havoc+1","Burning Pact+1"],"picked":"sneckomod:Unknown0Cost","floor":52}],"player_experience":551111,"relics_obtained":[{"floor":5.0,"key":"StuffTheSpire:Expresso"},{"floor":7.0,"key":"halation:PenCase"},{"floor":12.0,"key":"CeramicFish"},{"floor":13.0,"key":"Mango"},{"floor":23.0,"key":"StuffTheSpire:Wildfire"},{"floor":27.0,"key":"Question Card"},{"floor":31.0,"key":"hubris:TinFlute"},{"floor":40.0,"key":"Omamori"},{"floor":41.0,"key":"Frozen Egg 2"},{"floor":52,"key":"Strawberry"}],"event_choices":[{"damage_healed":0.0,"max_hp_gain":0.0,"max_hp_loss":0.0,"gold_gain":0.0,"event_name":"Mysterious Sphere","player_choice":"Fight","floor":46.0,"gold_loss":0.0,"damage_taken":0.0}],"is_beta":false,"boss_relics":[{"not_picked":["hubris:CrackedHourglass","hubris:Spice"],"picked":"Runic Pyramid"},{"not_picked":["hubris:VirtuousBlindfold","conspire:RunicOctahedron"],"picked":"Tiny House"}],"items_purged_floors":[5,5,11,14,20,25,48,53],"is_endless":false,"potions_floor_spawned":[2,4,12,15,16,19,23,27,32,33,36,40,44,49,52],"ascension_level":1}}