{"host":"y9jgkjnf95sujozk","time":1608662393,"event":{"mods":["2.2 Compatiblity","AchievementEnabler","Act Like it!","BaseMod","Block Reminder","Colored Map","Colored Powertips","Downfall","Friendly Minions","Gensokyo","GifTheSpireLib","Hermit","Highlight Path","HololiveMod","MarisaÅiñ∂âJÅ@ñÇóùçπÅj","Minty Spire (QoL Compilation)","Random Character Button","Rare Cards Sparkle","Replay The Spire","StSLib","SuperFastMode","The Animator","The Bug Knight","The Cursed","The Servant 0.9.4"],"gold_per_floor":[111,31,48,48,58,88,88,88,112,84,94,94,94,94,94,191,191,203,213,226,226,226,226,252,252,306,306,326,344,354,22,22,125,125,143,143,159,72,72,72,103,103,126,126,137,137,137,157,157,157,157,157],"floor_reached":50,"playtime":1663,"items_purged":[],"score":613,"play_id":"82cd9f75-dd92-4884-92b8-01ccb586bb3b","local_time":"20201222193953","is_ascension_mode":false,"campfire_choices":[{"floor":7,"key":"REST"},{"floor":13,"key":"REST"},{"data":"Guardian:Reroute","floor":15,"key":"SMITH"},{"floor":23,"key":"REST"},{"floor":25,"key":"REST"},{"data":"Guardian:PiercingHide","floor":27,"key":"SMITH"},{"floor":32,"key":"REST"},{"floor":40,"key":"REST"},{"floor":47,"key":"REST"},{"floor":49,"key":"REST"}],"circlet_count":0,"master_deck":["Guardian:Strike_Guardian","Guardian:Strike_Guardian","Guardian:Defend_Guardian","Guardian:Defend_Guardian","Guardian:Defend_Guardian","Guardian:Defend_Guardian","Guardian:CurlUp","Guardian:TwinSlam","Guardian:PrismaticBarrier","Guardian:Reroute","Guardian:Incinerate","Guardian:PiercingHide","Guardian:Reroute+1","Guardian:TimeSifter","Guardian:Reroute","Guardian:Incinerate","Ghostly","Ghostly","Ghostly","Ghostly","Ghostly","RitualDagger","Guardian:PiercingHide+1","Guardian:CrystalBeam","Guardian:CrystalBeam","Guardian:Planning","Guardian:RollAttack","Guardian:PrismaticBarrier","Guardian:Planning","Guardian:HyperBeam_Guardian","Guardian:Suspension+1","Guardian:PiercingHide+1","Guardian:Planning","Gensokyo:PrivateSquare","Guardian:Reroute+1","Guardian:TemporalStrike"],"relics":["Guardian:ModeShifter","Replay:Ringing Soul","Potion Belt","Gensokyo:NagashiBinaDoll","ChewingGum","Omamori","Replay:Rubber Ducky","HandDrill","expansioncontent:StudyCardRelic","Blue Doll","Art of War"],"acts_visited":["Exordium","TheCity","TheCity"],"potions_floor_usage":[6,6,24,33,33,33,41,41,50],"damage_taken":[{"damage":0,"enemies":"Gensokyo:3_Fairies","floor":1,"turns":4},{"damage":0,"enemies":"Gensokyo:2_Kodama","floor":3,"turns":3},{"damage":0,"enemies":"Gensokyo:Python","floor":5,"turns":3},{"damage":41,"enemies":"Gensokyo:Aya","floor":6,"turns":8},{"damage":10,"enemies":"Gensokyo:Gryphon_and_Rabbit","floor":11,"turns":7},{"damage":76,"enemies":"Gensokyo:Reimu","floor":16,"turns":18},{"damage":18,"enemies":"3 Byrds","floor":18,"turns":4},{"damage":0,"enemies":"Chosen","floor":19,"turns":4},{"damage":31,"enemies":"Sentry and Sphere","floor":20,"turns":8},{"damage":18,"enemies":"Gremlin Leader","floor":24,"turns":9},{"damage":0,"enemies":"Shelled Parasite and Fungi","floor":28,"turns":9},{"damage":18,"enemies":"Chosen and Byrds","floor":29,"turns":11},{"damage":7,"enemies":"Centurion and Healer","floor":30,"turns":9},{"damage":60,"enemies":"Collector","floor":33,"turns":13},{"damage":14,"enemies":"Gensokyo:3_Boulders","floor":35,"turns":7},{"damage":14,"enemies":"Gensokyo:AncientGuardian","floor":37,"turns":6},{"damage":0,"enemies":"Gensokyo:Marisa","floor":41,"turns":7},{"damage":10,"enemies":"Gensokyo:3_Boulders","floor":45,"turns":6},{"damage":25,"enemies":"Gensokyo:Rafflesia","floor":48,"turns":10},{"damage":144,"enemies":"Gensokyo:Shinki","floor":50,"turns":19}],"seed_played":"-7998218377341029612","potions_obtained":[{"floor":3,"key":"Languid Potion"},{"floor":5,"key":"PowerPotion"},{"floor":19,"key":"Fire Potion"},{"floor":24,"key":"Elixir"},{"floor":28,"key":"BlessingOfTheForge"},{"floor":29,"key":"Adrenaline Potion"},{"floor":33,"key":"SpeedPotion"},{"floor":37,"key":"hexamod:EctoCoolerPotion"},{"floor":48,"key":"Block Potion"}],"is_trial":false,"path_per_floor":["M","$","M","$","M","E","R","COS","T","?","M","?","R","?","R","B",null,"M","M","M","?","?","R","E","R","T","R","M","M","M","$","R","B",null,"M","?","M","$","?","R","E","?","T","?","M","COS","R","M","R","B"],"character_chosen":"GUARDIAN","items_purchased":["Guardian:PrismaticBarrier","Guardian:RollAttack","Guardian:PrismaticBarrier","Guardian:Planning","HandDrill","Guardian:Gem_Cyan","Guardian:Planning"],"campfire_rested":8,"item_purchase_floors":[2,31,31,31,31,38,38],"current_hp_per_floor":[88,88,88,88,88,50,77,77,77,91,84,84,94,94,94,21,97,82,85,57,56,53,59,44,62,62,62,65,50,46,49,71,14,77,66,69,58,61,64,91,94,80,80,83,76,76,101,79,104,0,0,0],"gold":157,"neow_bonus":"TEN_PERCENT_HP_BONUS","is_daily":false,"chose_seed":false,"campfire_upgraded":2,"win_rate":0.0,"timestamp":1608662393,"path_taken":["M","$","M","$","M","E","R","COS","T","?","?","?","R","?","R","BOSS","M","M","M","?","?","R","E","R","T","R","?","M","M","$","R","BOSS","M","?","M","$","?","R","E","?","T","?","M","COS","R","M","R","BOSS"],"items_purchased_type":["Card","Card","Card","Card","Relic","Card","Card"],"build_version":"2020-12-13","purchased_purges":0,"victory":false,"max_hp_per_floor":[88,88,88,88,88,91,91,91,91,91,94,94,94,94,94,97,97,100,103,106,56,59,59,62,62,62,62,65,68,71,74,74,77,77,80,83,86,89,92,92,95,95,95,98,101,101,101,104,104,104,104,104],"card_choices":[{"not_picked":["Guardian:Repulse","Guardian:Suspension"],"picked":"Guardian:Gem_Cyan","floor":1},{"not_picked":["Guardian:Clone","Guardian:Incinerate"],"picked":"Guardian:Reroute","floor":3},{"not_picked":["Guardian:TimeBomb","Guardian:DecasProtection"],"picked":"Guardian:Incinerate","floor":5},{"not_picked":["Guardian:PrimingBeam","Guardian:PolyBeam"],"picked":"Guardian:PiercingHide","floor":6},{"not_picked":["Guardian:CrystalBeam","Guardian:TemporalShield"],"picked":"Guardian:Reroute","floor":11},{"not_picked":["Guardian:ConstructionForm","Guardian:FierceBash"],"picked":"Guardian:TimeSifter","floor":16},{"not_picked":["Guardian:Orbwalk","Guardian:TemporalShield"],"picked":"Guardian:Reroute","floor":18},{"not_picked":["Guardian:BronzeArmor","Guardian:Planning"],"picked":"Guardian:Gem_Lightblue","floor":19},{"not_picked":["Guardian:BronzeOrb","Guardian:CrystalBeam"],"picked":"Guardian:Incinerate","floor":20},{"not_picked":["Guardian:SphericShield","Guardian:Repulse"],"picked":"Guardian:PiercingHide","floor":24},{"not_picked":["Guardian:WalkerClaw","Guardian:Gem_Green"],"picked":"Guardian:CrystalBeam","floor":28},{"not_picked":["Guardian:ChargeUp+1","Guardian:Clone+1"],"picked":"Guardian:CrystalBeam","floor":29},{"not_picked":["Guardian:Recover+1","Guardian:VentSteam"],"picked":"Guardian:Planning","floor":30},{"not_picked":["Guardian:FastForward","Guardian:GatlingBeam"],"picked":"Guardian:HyperBeam_Guardian","floor":33},{"not_picked":["Guardian:TemporalShield","Guardian:Incinerate+1"],"picked":"Guardian:Suspension+1","floor":35},{"not_picked":["Guardian:MultiBeam","Guardian:Recover+1"],"picked":"Guardian:PiercingHide+1","floor":37},{"not_picked":["Guardian:Gem_Red","Guardian:ChargeCore"],"picked":"Guardian:Gem_Synthetic","floor":41},{"not_picked":["Guardian:PolyBeam+1","Guardian:Suspension+1"],"picked":"Guardian:Reroute+1","floor":45},{"not_picked":["Guardian:ChargeCore","Guardian:SpikerProtocol"],"picked":"Guardian:TemporalStrike","floor":48}],"player_experience":119803,"relics_obtained":[{"floor":6,"key":"Replay:Ringing Soul"},{"floor":9,"key":"Potion Belt"},{"floor":24,"key":"Omamori"},{"floor":26,"key":"Replay:Rubber Ducky"},{"floor":41,"key":"Blue Doll"},{"floor":43,"key":"Art of War"}],"event_choices":[{"damage_healed":0,"gold_gain":0,"player_choice":"Became a Ghost","damage_taken":0,"max_hp_gain":0,"max_hp_loss":53,"event_name":"Ghosts","floor":21,"gold_loss":0,"cards_obtained":["Ghostly","Ghostly","Ghostly","Ghostly","Ghostly"]},{"damage_healed":0,"gold_gain":0,"player_choice":"Joined the Cult","damage_taken":6,"max_hp_gain":0,"max_hp_loss":0,"event_name":"Nest","floor":22,"gold_loss":0,"cards_obtained":["RitualDagger"]}],"is_beta":false,"boss_relics":[{"not_picked":["Replay:Grab Bag","Runic Dome"],"picked":"ChewingGum"},{"not_picked":["Guardian:ModeShifterPlus","SacredBark"],"picked":"expansioncontent:StudyCardRelic"}],"items_purged_floors":[],"is_endless":false,"potions_floor_spawned":[3,5,19,24,28,29,33,37,48],"killed_by":"Gensokyo:Shinki","ascension_level":0}}