{"host":"dlyy4wv9zatha4f7","time":1608648454,"event":{"mods":["BaseMod","Better Third Choice","Colored Map","GifTheSpireLib","Minty Spire (QoL Compilation)","Spicy Shops","StSLib","SuperFastMode","Unceasing Turn Reminder"],"gold_per_floor":[117,217,230,0,19,19,94,126,126,126,144,144,144,156,156,257,257,273,273,298,310,225,225,225,253,253,264,3,3,20,46,46,147,147,165,12,32,46,56,90,108,141,165,165,16,30,30,30,30,30],"floor_reached":51,"playtime":1614,"items_purged":["Strike_B","Strike_B+1"],"score":1275,"play_id":"e22fd751-2f5e-4280-b4db-ed463438487f","local_time":"20201222164734","is_ascension_mode":true,"campfire_choices":[{"data":"Zap","floor":10.0,"key":"SMITH"},{"data":"Defragment","floor":12.0,"key":"SMITH"},{"data":"Go for the Eyes","floor":15.0,"key":"SMITH"},{"data":"Electrodynamics","floor":23.0,"key":"SMITH"},{"data":"Loop","floor":29.0,"key":"SMITH"},{"data":"Storm","floor":32.0,"key":"SMITH"},{"data":"Defragment","floor":44,"key":"SMITH"},{"data":"Amplify","floor":47,"key":"SMITH"},{"data":"Capacitor","floor":49,"key":"SMITH"}],"circlet_count":0,"master_deck":["Strike_B+1","Strike_B+1","Defend_B","Defend_B","Defend_B+1","Defend_B+1","Zap+1","Dualcast","Sweeping Beam","BootSequence+1","Go for the Eyes+1","Reboot","Defragment+1","Ball Lightning","Electrodynamics+1","Ball Lightning","Defragment+1","Defragment+1","Storm+1","Loop+1","Self Repair","Force Field","Amplify+1","Panache","Capacitor+1","Panache"],"relics":["Cracked Core","NeowsBlessing","Membership Card","DataDisk","Whetstone","The Courier","Letter Opener","Nuclear Battery","Anchor","Toy Ornithopter","Unceasing Top","Singing Bowl","Question Card","Mummified Hand","HornCleat","SlaversCollar","PreservedInsect","War Paint","Dream Catcher"],"acts_visited":["Exordium","TheCity","TheBeyond"],"potions_floor_usage":[50,50,50],"damage_taken":[{"damage":0.0,"enemies":"Small Slimes","floor":1.0,"turns":1.0},{"damage":0.0,"enemies":"Cultist","floor":3.0,"turns":1.0},{"damage":0.0,"enemies":"2 Louse","floor":5.0,"turns":1.0},{"damage":7.0,"enemies":"Lagavulin","floor":8.0,"turns":6.0},{"damage":0.0,"enemies":"2 Fungi Beasts","floor":11.0,"turns":2.0},{"damage":8.0,"enemies":"Lots of Slimes","floor":14.0,"turns":3.0},{"damage":6.0,"enemies":"Hexaghost","floor":16.0,"turns":6.0},{"damage":0.0,"enemies":"2 Thieves","floor":18.0,"turns":2.0},{"damage":0.0,"enemies":"Chosen","floor":21.0,"turns":3.0},{"damage":0.0,"enemies":"Slavers","floor":25.0,"turns":2.0},{"damage":0.0,"enemies":"Snake Plant","floor":27.0,"turns":2.0},{"damage":2.0,"enemies":"Snecko","floor":30.0,"turns":3.0},{"damage":0.0,"enemies":"Gremlin Leader","floor":31.0,"turns":2.0},{"damage":0.0,"enemies":"Champ","floor":33.0,"turns":5.0},{"damage":0.0,"enemies":"3 Shapes","floor":35.0,"turns":2.0},{"damage":0.0,"enemies":"Orb Walker","floor":37.0,"turns":1.0},{"damage":0.0,"enemies":"Transient","floor":38.0,"turns":5.0},{"damage":0.0,"enemies":"3 Darklings","floor":39.0,"turns":2.0},{"damage":0.0,"enemies":"Reptomancer","floor":40.0,"turns":3.0},{"damage":8.0,"enemies":"Maw","floor":41.0,"turns":3.0},{"damage":0,"enemies":"Giant Head","floor":42,"turns":3},{"damage":0,"enemies":"Transient","floor":46,"turns":5},{"damage":18,"enemies":"Awakened One","floor":50,"turns":6}],"seed_played":"2263686863896186102","potions_obtained":[{"floor":3.0,"key":"BlessingOfTheForge"},{"floor":5.0,"key":"EssenceOfSteel"},{"floor":11.0,"key":"FocusPotion"},{"floor":16.0,"key":"SkillPotion"},{"floor":18.0,"key":"ColorlessPotion"},{"floor":25.0,"key":"Swift Potion"},{"floor":27.0,"key":"Swift Potion"},{"floor":31.0,"key":"Weak Potion"},{"floor":35.0,"key":"Dexterity Potion"},{"floor":41,"key":"CultistPotion"}],"is_trial":false,"path_per_floor":["M","?","M","$","M","?","?","E","T","R","M","R","T","M","R","B",null,"M","?","T","M","?","R","?","E","T","M","$","R","M","E","R","B",null,"M","$","M","M","M","E","M","E","T","R","$","M","R","?","R","B",null],"character_chosen":"DEFECT","items_purchased":["Membership Card","DataDisk","Question Card","Loop","Mummified Hand","Self Repair","Panache","Capacitor","Panache"],"campfire_rested":0,"item_purchase_floors":[4,4,28,28,28,28,36,45,45],"current_hp_per_floor":[68,68,68,68,68,53,46,39,39,39,39,39,39,31,31,25,63,63,63,63,63,63,63,63,63,63,63,63,63,61,63,63,70,75,77,77,81,83,85,87,88,91,91,91,91,93,93,88,88,77],"gold":30,"neow_bonus":"THREE_ENEMY_KILL","is_daily":false,"chose_seed":false,"campfire_upgraded":9,"win_rate":0.0,"timestamp":1608648454,"path_taken":["M","?","M","$","?","?","?","E","T","R","?","R","?","?","R","BOSS","M","?","?","?","?","R","?","E","T","M","$","R","M","E","R","BOSS","M","$","?","M","M","E","M","E","T","R","$","M","R","?","R","BOSS"],"items_purchased_type":["Relic","Relic","Relic","Card","Relic","Card","Card","Card","Card"],"build_version":"2020-12-13","purchased_purges":2,"victory":true,"max_hp_per_floor":[75,75,75,75,75,75,75,75,75,75,75,75,75,75,75,75,75,75,75,75,75,75,75,75,75,75,75,75,75,75,77,77,77,77,79,79,81,83,85,87,89,91,91,91,91,93,93,88,88,88],"card_choices":[{"not_picked":["Go for the Eyes","Turbo"],"picked":"Sweeping Beam","floor":1.0},{"not_picked":["Sweeping Beam","Hello World"],"picked":"BootSequence","floor":3.0},{"not_picked":["Conserve Battery","Meteor Strike"],"picked":"Go for the Eyes","floor":5.0},{"not_picked":["Blizzard","Meteor Strike"],"picked":"Reboot","floor":8.0},{"not_picked":["Compile Driver","Barrage"],"picked":"Defragment","floor":11.0},{"not_picked":["Storm","Reboot"],"picked":"Ball Lightning","floor":14.0},{"not_picked":["Rainbow","Fission"],"picked":"Electrodynamics","floor":16.0},{"not_picked":["Turbo","Gash"],"picked":"Ball Lightning","floor":18.0},{"not_picked":["Beam Cell","Streamline+1","Sunder+1"],"picked":"SKIP","floor":21.0},{"not_picked":["Stack+1","Redo"],"picked":"Defragment","floor":25.0},{"not_picked":["Ball Lightning+1","Turbo"],"picked":"Storm","floor":27.0},{"not_picked":["Steam","Fusion","Conserve Battery"],"picked":"Force Field","floor":30.0},{"not_picked":["Stack","Thunder Strike","Conserve Battery","Turbo"],"picked":"Singing Bowl","floor":31.0},{"not_picked":["Fission","Rainbow","Thunder Strike"],"picked":"Amplify","floor":33.0},{"not_picked":["Rip and Tear+1","Leap","Turbo+1","Stack"],"picked":"Singing Bowl","floor":35.0},{"not_picked":["Conserve Battery","Fusion","FTL+1","Leap"],"picked":"Singing Bowl","floor":37.0},{"not_picked":["FTL","Reinforced Body+1","Hologram","BootSequence"],"picked":"Singing Bowl","floor":38.0},{"not_picked":["Aggregate","Gash","Steam+1","Go for the Eyes"],"picked":"Singing Bowl","floor":39.0},{"not_picked":["Buffer","Cold Snap","Rebound","Blizzard+1"],"picked":"Singing Bowl","floor":40.0},{"not_picked":["Steam","Cold Snap+1","Chill+1","Conserve Battery+1"],"picked":"Singing Bowl","floor":41},{"not_picked":["Ball Lightning","Core Surge","Thunder Strike","Barrage+1"],"picked":"Singing Bowl","floor":42},{"not_picked":["Tempest","Stack+1","Sweeping Beam+1","Conserve Battery+1"],"picked":"Singing Bowl","floor":46}],"player_experience":2216621,"relics_obtained":[{"floor":8.0,"key":"Whetstone"},{"floor":9.0,"key":"The Courier"},{"floor":13.0,"key":"Letter Opener"},{"floor":20.0,"key":"Anchor"},{"floor":25.0,"key":"Unceasing Top"},{"floor":26.0,"key":"Singing Bowl"},{"floor":31.0,"key":"HornCleat"},{"floor":40.0,"key":"PreservedInsect"},{"floor":42,"key":"War Paint"},{"floor":43,"key":"Dream Catcher"}],"event_choices":[{"damage_healed":0.0,"max_hp_gain":0.0,"max_hp_loss":0.0,"gold_gain":100.0,"event_name":"Wheel of Change","player_choice":"Gold","floor":2.0,"gold_loss":0.0,"damage_taken":0.0},{"damage_healed":68.0,"max_hp_gain":0.0,"max_hp_loss":75.0,"gold_gain":0.0,"event_name":"betterThird:BetterShining","player_choice":"Upgrade","floor":6.0,"gold_loss":0.0,"damage_taken":15.0,"cards_upgraded":["Defend_B","Strike_B"]},{"damage_healed":0.0,"max_hp_gain":0.0,"max_hp_loss":0.0,"gold_gain":75.0,"event_name":"FaceTrader","player_choice":"Touch","floor":7.0,"gold_loss":0.0,"damage_taken":7.0},{"damage_healed":0.0,"max_hp_gain":0.0,"max_hp_loss":0.0,"gold_gain":0.0,"event_name":"betterThird:BetterWriting","player_choice":"Adaptability","floor":19.0,"gold_loss":0.0,"damage_taken":0.0},{"damage_healed":0.0,"max_hp_gain":0.0,"max_hp_loss":0.0,"gold_gain":0.0,"event_name":"Addict","player_choice":"Obtained Relic","floor":22.0,"gold_loss":85.0,"damage_taken":0.0,"relics_obtained":["Toy Ornithopter"]},{"damage_healed":0.0,"max_hp_gain":0.0,"max_hp_loss":0.0,"gold_gain":0.0,"event_name":"Duplicator","player_choice":"Copied","floor":24.0,"gold_loss":0.0,"damage_taken":0.0,"cards_obtained":["Defragment"]},{"damage_healed":0,"gold_gain":0,"player_choice":"Max HP","damage_taken":0,"max_hp_gain":0,"max_hp_loss":5,"event_name":"Winding Halls","floor":48,"gold_loss":0}],"is_beta":false,"boss_relics":[{"not_picked":["Black Star","Runic Pyramid"],"picked":"Nuclear Battery"},{"not_picked":["Snecko Eye","Philosopher\u0027s Stone"],"picked":"SlaversCollar"}],"items_purged_floors":[28,45],"is_endless":false,"potions_floor_spawned":[3,5,11,16,18,25,27,31,35,38,41,42],"ascension_level":9}}