{"host":"l029r2dqxfiqiq5i","time":1608643656,"event":{"mods":["ATMod(°¢èªMod)","Act Like it!","BaseMod","Minty Spire (QoL Compilation)","StSLib","óô»ðÖ¸ÄÏ"],"gold_per_floor":[112,112,126,146,165,165,182,182,182,182,194,221,246,261,261,357,357,357,62,62,62],"floor_reached":20,"playtime":863,"items_purged":["Strike_P"],"score":324,"play_id":"772bacfd-6cca-4785-8750-2719dcbbb9cd","local_time":"20201222212736","is_ascension_mode":false,"campfire_choices":[{"data":"AT_OneInchPunch","floor":6.0,"key":"SMITH"},{"data":"Collect","floor":8.0,"key":"SMITH"},{"data":"Eruption","floor":10.0,"key":"SMITH"},{"data":"Worship","floor":15.0,"key":"SMITH"},{"data":"Establishment","floor":18,"key":"SMITH"}],"circlet_count":0,"master_deck":["Strike_P","Strike_P","Strike_P","Defend_P","Defend_P","Defend_P","Defend_P","Eruption+1","Vigilance","FollowUp","Prostrate","AT_OneInchPunch+1","Collect+1","EmptyBody","Worship+1","Establishment+1","FearNoEvil"],"relics":["PureWater","Oddly Smooth Stone","Bag of Marbles","Tiny Chest"],"acts_visited":["TheEnding"],"potions_floor_usage":[],"damage_taken":[{"damage":1.0,"enemies":"2 Louse","floor":1.0,"turns":3.0},{"damage":0.0,"enemies":"Jaw Worm","floor":3.0,"turns":3.0},{"damage":2.0,"enemies":"Small Slimes","floor":4.0,"turns":4.0},{"damage":0.0,"enemies":"2 Fungi Beasts","floor":5.0,"turns":3.0},{"damage":0.0,"enemies":"Exordium Thugs","floor":7.0,"turns":2.0},{"damage":2.0,"enemies":"Lots of Slimes","floor":11.0,"turns":5.0},{"damage":7.0,"enemies":"3 Sentries","floor":13.0,"turns":5.0},{"damage":0.0,"enemies":"Blue Slaver","floor":14.0,"turns":1.0},{"damage":0,"enemies":"Slime Boss","floor":16,"turns":7},{"damage":73,"enemies":"Shield and Spear","floor":20,"turns":3}],"seed_played":"-8133805591839148795","potions_obtained":[{"floor":11.0,"key":"Ambrosia"},{"floor":13.0,"key":"AttackPotion"},{"floor":14.0,"key":"EssenceOfSteel"}],"is_trial":false,"path_per_floor":["M","?","M","M","M","R","M","R","T","R","M","T","E","M","R","B",null,"R","$","E"],"character_chosen":"WATCHER","items_purchased":["FearNoEvil","Tiny Chest"],"campfire_rested":0,"item_purchase_floors":[19,19],"current_hp_per_floor":[71,71,71,69,69,69,69,69,69,69,67,67,60,60,60,60,72,72,72,0,0],"gold":62,"neow_bonus":"THREE_CARDS","is_daily":false,"chose_seed":false,"campfire_upgraded":5,"win_rate":0.0,"timestamp":1608643656,"path_taken":["M","?","M","M","M","R","M","R","T","R","M","?","E","M","R","BOSS","R","$","E"],"items_purchased_type":["Card","Relic"],"build_version":"2020-12-13","purchased_purges":1,"victory":false,"max_hp_per_floor":[72,72,72,72,72,72,72,72,72,72,72,72,72,72,72,72,72,72,72,72,72],"card_choices":[{"not_picked":["Conclude","FlyingSleeves"],"picked":"DeceiveReality","floor":0.0},{"not_picked":["CutThroughFate","ThirdEye"],"picked":"FollowUp","floor":1.0},{"not_picked":["Halt","Fasting2"],"picked":"Prostrate","floor":3.0},{"not_picked":["Evaluate","SpiritShield","Weave"],"picked":"SKIP","floor":4.0},{"not_picked":["CutThroughFate","SashWhip"],"picked":"AT_OneInchPunch","floor":5.0},{"not_picked":["ClearTheMind","MentalFortress"],"picked":"Collect","floor":7.0},{"not_picked":["ThirdEye","Pray"],"picked":"EmptyBody","floor":11.0},{"not_picked":["DeusExMachina","EmptyMind"],"picked":"Worship","floor":13.0},{"not_picked":["AT_ChampionStep","CarveReality","Halt"],"picked":"SKIP","floor":14.0},{"not_picked":["SpiritShield","Scrawl"],"picked":"Establishment","floor":16}],"player_experience":147136,"relics_obtained":[{"floor":12.0,"key":"Oddly Smooth Stone"},{"floor":13.0,"key":"Bag of Marbles"}],"event_choices":[{"damage_healed":0.0,"max_hp_gain":0.0,"max_hp_loss":0.0,"gold_gain":0.0,"event_name":"Shining Light","player_choice":"Ignored","floor":2.0,"gold_loss":0.0,"damage_taken":0.0}],"is_beta":false,"boss_relics":[{"not_picked":["Cursed Key","Philosopher\u0027s Stone","Fusion Hammer"]}],"items_purged_floors":[19],"is_endless":false,"potions_floor_spawned":[11,13,14],"killed_by":"Shield and Spear","ascension_level":0}}