{"host":"uwh382mre4waz4ff","time":1608620496,"event":{"mods":["AchievementEnabler","BaseMod","Better Note","Better Third Choice","BetterRewards","Highlight Path","Minty Spire (QoL Compilation)","Shop Mod","StSLib"],"gold_per_floor":[116,127,137,153,163,198,210,210,210,210,220,395,408,418,418,521,521,531,531,548,548,567,567,582,582,582,582,602,602,614,631,631,728,728,741,741,741,741,741],"floor_reached":38,"playtime":3048,"items_purged":["Pain"],"score":434,"play_id":"1c22f2a4-1e59-44aa-8d37-bd190cec7bb9","local_time":"20201222150136","is_ascension_mode":false,"campfire_choices":[{"data":"Defragment","floor":15,"key":"SMITH"},{"data":"Rainbow","floor":23,"key":"SMITH"},{"data":"Consume","floor":25,"key":"SMITH"},{"data":"Capacitor","floor":29,"key":"SMITH"},{"data":"White Noise","floor":32,"key":"SMITH"}],"circlet_count":0,"master_deck":["Strike_B","Strike_B","Defend_B","Defend_B","Defend_B","Defend_B","Zap","Dualcast","Beam Cell","Hello World","Self Repair","Glacier","Machine Learning","Defragment+1","Conserve Battery","Hologram","Rainbow+1","Conserve Battery+1","Consume+1","Capacitor+1","Redo+1","White Noise+1","Amplify","Tempest+1","Master of Strategy"],"relics":["Cracked Core","Inserter","Question Card","Darkstone Periapt","Centennial Puzzle","Empty Cage","Eternal Feather","SlaversCollar","Toxic Egg 2"],"acts_visited":["Exordium","TheCity","TheBeyond"],"potions_floor_usage":[11,18,22,30,38],"damage_taken":[{"damage":12.0,"enemies":"Small Slimes","floor":1.0,"turns":3.0},{"damage":3.0,"enemies":"2 Louse","floor":2.0,"turns":3.0},{"damage":1.0,"enemies":"Cultist","floor":3.0,"turns":3.0},{"damage":6.0,"enemies":"Exordium Wildlife","floor":4.0,"turns":4.0},{"damage":2.0,"enemies":"2 Fungi Beasts","floor":5.0,"turns":4.0},{"damage":12.0,"enemies":"Lagavulin","floor":6.0,"turns":10.0},{"damage":12.0,"enemies":"Large Slime","floor":7.0,"turns":7.0},{"damage":3,"enemies":"3 Louse","floor":11,"turns":4},{"damage":15,"enemies":"Exordium Thugs","floor":13,"turns":6},{"damage":16,"enemies":"Exordium Wildlife","floor":14,"turns":8},{"damage":17,"enemies":"Slime Boss","floor":16,"turns":11},{"damage":13,"enemies":"3 Byrds","floor":18,"turns":5},{"damage":10,"enemies":"Shell Parasite","floor":20,"turns":7},{"damage":0,"enemies":"Snake Plant","floor":22,"turns":5},{"damage":7,"enemies":"Cultist and Chosen","floor":24,"turns":6},{"damage":0,"enemies":"Centurion and Healer","floor":28,"turns":11},{"damage":11,"enemies":"Shelled Parasite and Fungi","floor":30,"turns":7},{"damage":0,"enemies":"Sentry and Sphere","floor":31,"turns":7},{"damage":45,"enemies":"Collector","floor":33,"turns":10},{"damage":21,"enemies":"3 Shapes","floor":35,"turns":6},{"damage":80,"enemies":"2 Orb Walkers","floor":38,"turns":4}],"seed_played":"-1430813694131417144","potions_obtained":[{"floor":1.0,"key":"GamblersBrew"},{"floor":2.0,"key":"Swift Potion"},{"floor":4.0,"key":"LiquidBronze"},{"floor":13,"key":"SteroidPotion"},{"floor":16,"key":"Explosive Potion"},{"floor":20,"key":"Block Potion"},{"floor":22,"key":"FearPotion"},{"floor":28,"key":"Weak Potion"},{"floor":30,"key":"CultistPotion"},{"floor":35,"key":"LiquidMemories"}],"is_trial":false,"path_per_floor":["M","M","M","M","M","E","M","?","T","?","M","?","M","M","R","B",null,"M","?","M","?","M","R","M","R","T","?","M","R","M","M","R","B",null,"M","?","T","?"],"character_chosen":"DEFECT","items_purchased":["Question Card"],"campfire_rested":0,"item_purchase_floors":[0],"current_hp_per_floor":[28,25,24,25,30,25,20,26,26,26,30,36,28,19,19,9,87,74,74,71,71,78,78,78,78,78,61,68,80,76,83,92,54,92,78,78,78,0,0],"gold":741,"neow_bonus":"","is_daily":false,"chose_seed":false,"campfire_upgraded":5,"win_rate":0.0,"timestamp":1608620496,"path_taken":["M","M","M","M","M","E","M","?","T","?","M","?","M","M","R","BOSS","M","?","?","?","M","R","M","R","T","?","M","R","M","M","R","BOSS","M","?","?","?"],"items_purchased_type":["Relic"],"build_version":"2020-12-13","purchased_purges":1,"victory":false,"max_hp_per_floor":[75,75,75,75,75,75,75,81,81,81,81,87,87,87,87,87,87,87,87,87,87,87,87,87,87,87,92,92,92,92,92,92,92,92,92,92,92,92,92],"card_choices":[{"not_picked":["Redo","Conserve Battery","Coolheaded","Stack"],"picked":"SKIP","floor":1.0},{"not_picked":["Barrage","Leap","Beam Cell"],"picked":"Hello World","floor":2.0},{"not_picked":["Streamline","Blizzard","Steam Power"],"picked":"Self Repair","floor":3.0},{"not_picked":["Cold Snap","Rebound","Barrage"],"picked":"Glacier","floor":4.0},{"not_picked":["Streamline","Rebound","Barrage"],"picked":"Machine Learning","floor":5.0},{"not_picked":["Leap","Lockon","Force Field"],"picked":"Defragment","floor":6.0},{"not_picked":["Leap","Steam Power","Beam Cell"],"picked":"Conserve Battery","floor":7.0},{"not_picked":["Sweeping Beam","Steam","Force Field","Rip and Tear"],"picked":"SKIP","floor":11},{"not_picked":["Darkness","Coolheaded","Force Field"],"picked":"Hologram","floor":13},{"not_picked":["Scrape","Skim","Steam Power","Sweeping Beam"],"picked":"SKIP","floor":14},{"not_picked":["Buffer","Thunder Strike","Fission"],"picked":"Rainbow","floor":16},{"not_picked":["Steam","Stack","Aggregate"],"picked":"Conserve Battery+1","floor":18},{"not_picked":["Rip and Tear","Force Field+1","Hologram+1"],"picked":"Consume","floor":20},{"not_picked":["Leap","Reprogram","Rebound+1","Barrage+1"],"picked":"SKIP","floor":22},{"not_picked":["Conserve Battery","Static Discharge","Self Repair+1","Hologram"],"picked":"SKIP","floor":24},{"not_picked":["Compile Driver+1","FTL","Redo"],"picked":"Capacitor","floor":28},{"not_picked":["Rip and Tear","Conserve Battery+1","Compile Driver+1"],"picked":"Redo+1","floor":30},{"not_picked":["Ball Lightning","Go for the Eyes","Streamline"],"picked":"White Noise","floor":31},{"not_picked":["Machine Learning","Reboot","Buffer"],"picked":"Amplify","floor":33},{"not_picked":["Stack","Coolheaded","Rebound"],"picked":"Tempest+1","floor":35},{"not_picked":["Trip","Good Instincts","Dramatic Entrance"],"picked":"Master of Strategy","floor":36}],"player_experience":37728,"relics_obtained":[{"floor":6.0,"key":"Darkstone Periapt"},{"floor":26,"key":"Eternal Feather"},{"floor":37,"key":"Toxic Egg 2"}],"event_choices":[{"damage_healed":0.0,"max_hp_gain":0.0,"max_hp_loss":0.0,"gold_gain":0.0,"event_name":"Big Fish","player_choice":"Box","floor":8.0,"gold_loss":0.0,"damage_taken":0.0,"relics_obtained":["Centennial Puzzle"],"cards_obtained":["Regret"]},{"cards_removed":["Regret"],"damage_healed":0,"gold_gain":0,"player_choice":"Forget","damage_taken":0,"max_hp_gain":0,"max_hp_loss":0,"event_name":"Living Wall","floor":10,"gold_loss":0},{"damage_healed":0,"gold_gain":175,"player_choice":"AGREE","damage_taken":220,"max_hp_gain":0,"max_hp_loss":0,"event_name":"betterThird:BetterSerpent","floor":12,"gold_loss":0},{"cards_removed":["Strike_B"],"damage_healed":0,"gold_gain":0,"player_choice":"Give","damage_taken":0,"max_hp_gain":0,"max_hp_loss":0,"event_name":"betterNote:BetterNote","floor":19,"gold_loss":0,"cards_obtained":["None"]},{"damage_healed":0,"gold_gain":0,"player_choice":"Adaptability","damage_taken":0,"max_hp_gain":0,"max_hp_loss":0,"event_name":"betterThird:BetterWriting","floor":21,"gold_loss":0},{"damage_healed":0,"gold_gain":0,"player_choice":"Shed Blood","damage_taken":22,"max_hp_gain":5,"max_hp_loss":0,"event_name":"Forgotten Altar","floor":27,"gold_loss":0},{"damage_healed":0,"gold_gain":0,"player_choice":"Memory 1","damage_taken":0,"max_hp_gain":0,"max_hp_loss":0,"event_name":"SensoryStone","floor":36,"gold_loss":0},{"damage_healed":0,"gold_gain":0,"player_choice":"Fight","damage_taken":0,"max_hp_gain":0,"max_hp_loss":0,"event_name":"Mysterious Sphere","floor":38,"gold_loss":0}],"is_beta":false,"boss_relics":[{"not_picked":["Tiny House","SacredBark"],"picked":"Empty Cage"},{"not_picked":["FrozenCore","Astrolabe"],"picked":"SlaversCollar"}],"items_purged_floors":[0],"is_endless":false,"potions_floor_spawned":[1,2,4,13,14,16,20,22,28,30,35],"killed_by":"2 Orb Walkers","ascension_level":0}}