{"host":"4edbuligkc8x13l4","time":1608644339,"event":{"mods":["BaseMod","Minty Spire (QoL Compilation)","StSLib","SuperFastMode"],"gold_per_floor":[113,113,24,24,43,78,20,20,20,53,64,92,119,119,119,195,195,171,171,187,207,207,207,207,207,262,262,262],"floor_reached":27,"playtime":725,"items_purged":[],"score":466,"play_id":"5875118a-8b89-4495-be0b-1c0a50c275aa","local_time":"20201222213859","is_ascension_mode":true,"campfire_choices":[{"data":"Armaments","floor":8.0,"key":"SMITH"},{"floor":15.0,"key":"REST"},{"data":"Limit Break","floor":23.0,"key":"SMITH"},{"data":"Armaments","floor":25.0,"key":"SMITH"}],"circlet_count":0,"master_deck":["AscendersBane","Strike_R","Strike_R","Strike_R+1","Strike_R+1","Defend_R","Defend_R+1","Defend_R+1","Bash","Armaments+1","Rupture","Battle Trance","Heavy Blade","Armaments+1","True Grit","Limit Break+1","Inflame","Rage","Battle Trance"],"relics":["Burning Blood","NeowsBlessing","Whetstone","Sundial","Vajra","Eternal Feather","Bronze Scales","SacredBark","Strawberry"],"acts_visited":["Exordium","TheCity"],"potions_floor_usage":[],"damage_taken":[{"damage":0.0,"enemies":"2 Louse","floor":1.0,"turns":1.0},{"damage":0.0,"enemies":"Small Slimes","floor":5.0,"turns":1.0},{"damage":0.0,"enemies":"Lagavulin","floor":6.0,"turns":1.0},{"damage":39.0,"enemies":"3 Sentries","floor":10.0,"turns":13.0},{"damage":3.0,"enemies":"Jaw Worm","floor":11.0,"turns":5.0},{"damage":8.0,"enemies":"Gremlin Nob","floor":12.0,"turns":3.0},{"damage":52.0,"enemies":"Hexaghost","floor":16.0,"turns":11.0},{"damage":21.0,"enemies":"2 Thieves","floor":18.0,"turns":4.0},{"damage":11.0,"enemies":"Spheric Guardian","floor":20.0,"turns":5.0},{"damage":30.0,"enemies":"Snake Plant","floor":21.0,"turns":4.0},{"damage":78,"enemies":"Slavers","floor":27,"turns":5}],"seed_played":"798140292499610993","potions_obtained":[{"floor":10.0,"key":"Swift Potion"},{"floor":11.0,"key":"LiquidMemories"},{"floor":21.0,"key":"BloodPotion"}],"is_trial":false,"path_per_floor":["M","?","$","?","M","E","$","R","T","E","M","E","T","$","R","B",null,"M","?","M","M","?","R","?","R","T","E"],"character_chosen":"IRONCLAD","items_purchased":["Rupture","Armaments"],"campfire_rested":1,"item_purchase_floors":[3,7],"current_hp_per_floor":[74,51,51,51,57,63,63,63,63,30,33,31,31,31,62,16,60,45,45,40,16,46,55,55,64,71,0,0],"gold":262,"neow_bonus":"THREE_ENEMY_KILL","is_daily":false,"chose_seed":false,"campfire_upgraded":3,"win_rate":0.0,"timestamp":1608644339,"path_taken":["M","?","$","?","M","E","?","R","T","E","M","E","?","$","R","BOSS","M","?","M","?","?","R","?","R","T","E"],"items_purchased_type":["Card","Card"],"build_version":"2020-12-13","purchased_purges":0,"victory":false,"max_hp_per_floor":[75,75,75,75,75,75,75,75,75,75,75,75,75,75,75,75,75,75,75,75,75,75,75,75,75,82,82,82],"card_choices":[{"not_picked":["Body Slam","Havoc"],"picked":"Armaments","floor":1.0},{"not_picked":["Warcry","Pommel Strike"],"picked":"Battle Trance","floor":5.0},{"not_picked":["Shrug It Off","Iron Wave"],"picked":"Heavy Blade","floor":6.0},{"not_picked":["Clothesline","Havoc"],"picked":"True Grit","floor":10.0},{"not_picked":["Iron Wave","Reaper","Clash"],"picked":"SKIP","floor":11.0},{"not_picked":["Shockwave","Warcry","Wild Strike"],"picked":"SKIP","floor":12.0},{"not_picked":["Demon Form","Corruption"],"picked":"Limit Break","floor":16.0},{"not_picked":["Infernal Blade","Flame Barrier","Armaments"],"picked":"SKIP","floor":18.0},{"not_picked":["Havoc","Feel No Pain"],"picked":"Rage","floor":20.0},{"not_picked":["Whirlwind","Ghostly Armor"],"picked":"Battle Trance","floor":21.0}],"player_experience":906237,"relics_obtained":[{"floor":6.0,"key":"Whetstone"},{"floor":9.0,"key":"Sundial"},{"floor":10.0,"key":"Vajra"},{"floor":12.0,"key":"Eternal Feather"},{"floor":13.0,"key":"Bronze Scales"},{"floor":26.0,"key":"Strawberry"}],"event_choices":[{"damage_healed":0.0,"max_hp_gain":0.0,"max_hp_loss":0.0,"gold_gain":0.0,"event_name":"Shining Light","player_choice":"Entered Light","floor":2.0,"gold_loss":0.0,"damage_taken":23.0,"cards_upgraded":["Defend_R","Defend_R"]},{"damage_healed":0.0,"max_hp_gain":0.0,"max_hp_loss":0.0,"gold_gain":0.0,"event_name":"Liars Game","player_choice":"Ignored","floor":4.0,"gold_loss":0.0,"damage_taken":0.0},{"damage_healed":0.0,"max_hp_gain":0.0,"max_hp_loss":0.0,"gold_gain":0.0,"cards_transformed":["Strike_R"],"event_name":"Transmorgrifier","player_choice":"Transformed","floor":19.0,"gold_loss":0.0,"damage_taken":0.0,"cards_obtained":["Inflame"]},{"cards_removed":["Defend_R"],"damage_healed":0.0,"max_hp_gain":0.0,"max_hp_loss":0.0,"gold_gain":0.0,"event_name":"Back to Basics","player_choice":"Elegance","floor":22.0,"gold_loss":0.0,"damage_taken":0.0},{"damage_healed":0.0,"max_hp_gain":0.0,"max_hp_loss":0.0,"gold_gain":0.0,"event_name":"N\u0027loth","player_choice":"Ignored","floor":24.0,"gold_loss":0.0,"damage_taken":0.0}],"is_beta":false,"boss_relics":[{"not_picked":["Runic Pyramid","Runic Dome"],"picked":"SacredBark"}],"items_purged_floors":[],"is_endless":false,"potions_floor_spawned":[10,11,21],"killed_by":"Slavers","ascension_level":17}}