{"host":"f0gpob8hq9vgebej","time":1608643955,"event":{"mods":["AchievementEnabler","BaseMod","Googly Eyes","Minty Spire (QoL Compilation)","Quick Restart","SuperFastMode"],"gold_per_floor":[115,128,128,138,138,138,154,229,229,179,179,195,68,78,78,154,154,168,168,181,36,36,36],"floor_reached":22,"playtime":457,"items_purged":["Defend_G"],"score":290,"play_id":"a3a4f9d3-3f00-4d78-9322-32e5a112016c","local_time":"20201222223235","is_ascension_mode":true,"campfire_choices":[{"data":"A Thousand Cuts","floor":6.0,"key":"SMITH"},{"data":"Poisoned Stab","floor":11.0,"key":"SMITH"},{"data":"Burst","floor":15.0,"key":"SMITH"}],"circlet_count":0,"master_deck":["AscendersBane","Strike_G","Strike_G","Strike_G","Defend_G","Defend_G","Defend_G","Defend_G","Survivor","Neutralize","A Thousand Cuts+1","Acrobatics","Poisoned Stab+1","Bane","Blade Dance","Burst+1","Phantasmal Killer","Escape Plan","Envenom"],"relics":["Ring of the Snake","Pantograph","TungstenRod","SlaversCollar"],"acts_visited":["Exordium","TheCity"],"potions_floor_usage":[16,16],"damage_taken":[{"damage":7.0,"enemies":"Jaw Worm","floor":1.0,"turns":6.0},{"damage":4.0,"enemies":"Small Slimes","floor":2.0,"turns":6.0},{"damage":2.0,"enemies":"2 Louse","floor":4.0,"turns":4.0},{"damage":12.0,"enemies":"Large Slime","floor":7.0,"turns":6.0},{"damage":0.0,"enemies":"3 Louse","floor":12.0,"turns":4.0},{"damage":11.0,"enemies":"Exordium Thugs","floor":14.0,"turns":5.0},{"damage":33,"enemies":"The Guardian","floor":16,"turns":8},{"damage":16,"enemies":"Spheric Guardian","floor":18,"turns":4},{"damage":33,"enemies":"Chosen","floor":20,"turns":5},{"damage":0,"enemies":"Snake Plant","floor":22,"turns":1}],"seed_played":"-5999110603575805359","potions_obtained":[{"floor":1.0,"key":"LiquidBronze"},{"floor":4.0,"key":"PowerPotion"},{"floor":14.0,"key":"Strength Potion"}],"is_trial":false,"path_per_floor":["M","M","?","M","T","R","M","?","T","?","R","M","$","M","R","B",null,"M","?","M","$","M"],"character_chosen":"THE_SILENT","items_purchased":["Blade Dance","Envenom"],"campfire_rested":0,"item_purchase_floors":[13,21],"current_hp_per_floor":[56,52,52,50,50,50,38,27,27,27,27,27,27,16,16,8,55,39,39,6,6,6,6],"gold":36,"neow_bonus":"ONE_RANDOM_RARE_CARD","is_daily":false,"chose_seed":false,"campfire_upgraded":3,"win_rate":0.0,"timestamp":1608643955,"path_taken":["M","M","?","M","?","R","M","?","T","?","R","M","$","M","R","BOSS","M","?","M","$","M"],"items_purchased_type":["Card","Card"],"build_version":"2020-12-13","purchased_purges":1,"victory":false,"max_hp_per_floor":[70,70,70,70,70,70,70,70,70,70,70,70,70,70,70,70,70,70,70,70,70,70,70],"card_choices":[{"not_picked":["Concentrate","Underhanded Strike"],"picked":"Acrobatics","floor":1.0},{"not_picked":["Expertise","Deflect"],"picked":"Poisoned Stab","floor":2.0},{"not_picked":["Skewer","Dodge and Roll","Slice"],"picked":"SKIP","floor":4.0},{"not_picked":["Acrobatics","Flying Knee","Underhanded Strike"],"picked":"SKIP","floor":7.0},{"not_picked":["Flying Knee","Poisoned Stab"],"picked":"Bane","floor":12.0},{"not_picked":["Riddle With Holes","Outmaneuver"],"picked":"Burst","floor":14.0},{"not_picked":["Envenom","Burst"],"picked":"Phantasmal Killer","floor":16},{"not_picked":["Flying Knee","Quick Slash"],"picked":"Escape Plan","floor":18},{"not_picked":["Endless Agony","Predator","Slice"],"picked":"SKIP","floor":20}],"player_experience":198392,"relics_obtained":[{"floor":5.0,"key":"Pantograph"},{"floor":9.0,"key":"TungstenRod"}],"event_choices":[{"damage_healed":0.0,"max_hp_gain":0.0,"max_hp_loss":0.0,"gold_gain":0.0,"event_name":"Shining Light","player_choice":"Ignored","floor":3.0,"gold_loss":0.0,"damage_taken":0.0},{"damage_healed":0.0,"max_hp_gain":0.0,"max_hp_loss":0.0,"gold_gain":75.0,"event_name":"World of Goop","player_choice":"Gather Gold","floor":8.0,"gold_loss":0.0,"damage_taken":11.0},{"cards_removed":["Strike_G"],"damage_healed":0.0,"max_hp_gain":0.0,"max_hp_loss":0.0,"gold_gain":0.0,"event_name":"The Cleric","player_choice":"Card Removal","floor":10.0,"gold_loss":50.0,"damage_taken":0.0},{"cards_removed":["Strike_G"],"damage_healed":0,"gold_gain":0,"player_choice":"Elegance","damage_taken":0,"max_hp_gain":0,"max_hp_loss":0,"event_name":"Back to Basics","floor":19,"gold_loss":0}],"is_beta":false,"boss_relics":[{"not_picked":["Philosopher\u0027s Stone","SacredBark"],"picked":"SlaversCollar"}],"items_purged_floors":[13],"is_endless":false,"potions_floor_spawned":[1,4,14],"killed_by":"Snake Plant","ascension_level":13}}