{"host":"3jjxuhjpio8e4zkv","time":1608597980,"event":{"mods":["BaseMod","Colored Map","Minty Spire (QoL Compilation)","Permanent Neow","Relic Stats","StSLib"],"gold_per_floor":[11,22,22,22,22,22,40,75,99,99,99,99],"floor_reached":11,"playtime":193,"items_purged":[],"score":146,"play_id":"4eebf030-269e-47a8-a66c-301fec445c22","local_time":"20201221194620","is_ascension_mode":true,"campfire_choices":[{"data":"Dualcast","floor":6.0,"key":"SMITH"}],"circlet_count":0,"master_deck":["AscendersBane","Strike_B","Strike_B+1","Strike_B+1","Strike_B","Defend_B","Defend_B","Defend_B","Defend_B","Zap","Dualcast+1","Barrage+1","Ball Lightning+1","Defragment","Self Repair"],"relics":["Cracked Core","Turnip","Golden Idol","Toy Ornithopter","Whetstone"],"acts_visited":["Exordium"],"potions_floor_usage":[],"damage_taken":[{"damage":2.0,"enemies":"2 Louse","floor":1.0,"turns":2.0},{"damage":14.0,"enemies":"Jaw Worm","floor":2.0,"turns":4.0},{"damage":0.0,"enemies":"Cultist","floor":7.0,"turns":2.0},{"damage":38.0,"enemies":"3 Sentries","floor":8.0,"turns":5.0},{"damage":0.0,"enemies":"Exordium Wildlife","floor":10.0,"turns":1.0},{"damage":35,"enemies":"Lagavulin","floor":11,"turns":3}],"seed_played":"-5500187949143546268","potions_obtained":[{"floor":1.0,"key":"SmokeBomb"}],"is_trial":false,"path_per_floor":["M","M","?","?","?","R","M","E","T","M","E"],"character_chosen":"DEFECT","items_purchased":[],"campfire_rested":0,"item_purchase_floors":[],"current_hp_per_floor":[62,48,48,48,48,48,48,10,10,22,0,0],"gold":99,"neow_bonus":"ONE_RARE_RELIC","is_daily":false,"chose_seed":false,"campfire_upgraded":1,"win_rate":0.0,"timestamp":1608597980,"path_taken":["M","M","?","?","?","R","M","E","T","M","E"],"items_purchased_type":[],"build_version":"2020-12-13","purchased_purges":0,"victory":false,"max_hp_per_floor":[71,71,71,64,64,64,64,64,64,64,64,64],"relic_stats":{"counters":[6,17],"Golden Idol":14,"Turnip":[0],"Whetstone":["Strike_B","Strike_B"],"obtain_stats":[{"Golden Idol":4,"Turnip":0,"Whetstone":9,"Cracked Core":0,"Toy Ornithopter":8},{"Golden Idol":2,"Turnip":0,"Whetstone":4,"Cracked Core":0,"Toy Ornithopter":4},{"Golden Idol":6,"Turnip":0,"Whetstone":13,"Cracked Core":0,"Toy Ornithopter":13}],"Toy Ornithopter":5},"card_choices":[{"not_picked":["Skim","White Noise"],"picked":"Barrage","floor":1.0},{"not_picked":["Rip and Tear","Streamline"],"picked":"Ball Lightning","floor":2.0},{"not_picked":["Ball Lightning","Go for the Eyes"],"picked":"Defragment","floor":7.0},{"not_picked":["Rip and Tear","Redo"],"picked":"Self Repair","floor":8.0}],"player_experience":1087602,"relics_obtained":[{"floor":8.0,"key":"Toy Ornithopter"},{"floor":9.0,"key":"Whetstone"}],"event_choices":[{"damage_healed":0.0,"max_hp_gain":0.0,"max_hp_loss":0.0,"gold_gain":0.0,"event_name":"Living Wall","player_choice":"Grow","floor":3.0,"gold_loss":0.0,"damage_taken":0.0,"cards_upgraded":["Barrage"]},{"damage_healed":0.0,"max_hp_gain":0.0,"max_hp_loss":7.0,"gold_gain":0.0,"event_name":"Golden Idol","player_choice":"Lose Max HP","floor":4.0,"gold_loss":0.0,"damage_taken":0.0,"relics_obtained":["Golden Idol"]},{"damage_healed":0.0,"max_hp_gain":0.0,"max_hp_loss":0.0,"gold_gain":0.0,"event_name":"Upgrade Shrine","player_choice":"Upgraded","floor":5.0,"gold_loss":0.0,"damage_taken":0.0,"cards_upgraded":["Ball Lightning"]}],"is_beta":false,"boss_relics":[],"items_purged_floors":[],"is_endless":false,"potions_floor_spawned":[1,10],"killed_by":"Lagavulin","ascension_level":20}}