{"host":"wg33yb1rgt3nbe17","time":1608601468,"event":{"mods":["AchievementEnabler","BaseMod","Colored Map","Minty Spire (QoL Compilation)","Permanent Neow","Relic Stats","StSLib"],"gold_per_floor":[112,131,143,161,175,175,189,215,215,215,215,140,140,157,157,252,252,265,278,296,296,296,296,351,351,374,374,408,408,441,456,456,551,551,562,562,562,562,575,606,606,48,71,71,89,89,107,121,121,121],"floor_reached":51,"playtime":2535,"items_purged":["Defend_P"],"score":900,"play_id":"d82d7785-6e08-4b31-b777-403cd5a095ba","local_time":"20201221204428","is_ascension_mode":true,"campfire_choices":[{"data":"Eruption","floor":6,"key":"SMITH"},{"data":"LikeWater","floor":10,"key":"SMITH"},{"data":"JustLucky","floor":13,"key":"SMITH"},{"data":"CutThroughFate","floor":15,"key":"SMITH"},{"floor":23,"key":"REST"},{"floor":25,"key":"REST"},{"data":"DevaForm","floor":27,"key":"SMITH"},{"data":"Nirvana","floor":29,"key":"SMITH"},{"floor":32,"key":"REST"},{"floor":41,"key":"REST"},{"floor":44,"key":"REST"},{"data":"Madness","floor":46,"key":"SMITH"},{"data":"Panacea","floor":49,"key":"SMITH"}],"circlet_count":0,"master_deck":["Strike_P","Strike_P","Eruption+1","Vigilance+1","Weave","Conclude+1","Weave","Weave+1","CutThroughFate+1","JustLucky+1","WaveOfTheHand+1","LikeWater+1","Study","LessonLearned","CurseOfTheBell","JustLucky","JustLucky","Nirvana+1","CrushJoints","Wish+1","DevaForm+1","DeusExMachina","LikeWater+1","TalkToTheHand+1","Conclude+1","Adaptation+1","BowlingBash+1","Madness","Madness+1","Secret Weapon","Panacea+1","Prostrate+1","WheelKick+1","Nirvana","CutThroughFate+1","JustLucky+1","CutThroughFate+1"],"relics":["PureWater","Meat on the Bone","Damaru","Calling Bell","PreservedInsect","Yang","TungstenRod","Bottled Lightning","Bag of Marbles","Omamori","Molten Egg 2","Astrolabe","Toy Ornithopter","Vajra","CaptainsWheel","Potion Belt"],"acts_visited":["Exordium","TheCity","TheBeyond"],"potions_floor_usage":[16,18,18,20,31,39,40,40,40,40,40,50,50],"damage_taken":[{"damage":3,"enemies":"Jaw Worm","floor":1,"turns":4},{"damage":1,"enemies":"Cultist","floor":2,"turns":3},{"damage":2,"enemies":"Small Slimes","floor":3,"turns":3},{"damage":0,"enemies":"Looter","floor":4,"turns":4},{"damage":0,"enemies":"2 Fungi Beasts","floor":5,"turns":1},{"damage":11,"enemies":"Large Slime","floor":7,"turns":3},{"damage":0,"enemies":"Lagavulin","floor":8,"turns":3},{"damage":0,"enemies":"Exordium Wildlife","floor":14,"turns":1},{"damage":0,"enemies":"Slime Boss","floor":16,"turns":3},{"damage":0,"enemies":"Chosen","floor":18,"turns":4},{"damage":12,"enemies":"2 Thieves","floor":19,"turns":4},{"damage":37,"enemies":"Shelled Parasite and Fungi","floor":20,"turns":4},{"damage":50,"enemies":"Book of Stabbing","floor":24,"turns":6},{"damage":5,"enemies":"Slavers","floor":28,"turns":3},{"damage":8,"enemies":"Gremlin Leader","floor":30,"turns":2},{"damage":23,"enemies":"Snecko","floor":31,"turns":6},{"damage":4,"enemies":"Champ","floor":33,"turns":10},{"damage":11,"enemies":"3 Shapes","floor":35,"turns":2},{"damage":8,"enemies":"3 Darklings","floor":39,"turns":3},{"damage":51,"enemies":"Nemesis","floor":40,"turns":7},{"damage":4,"enemies":"Maw","floor":45,"turns":7},{"damage":11,"enemies":"Jaw Worm Horde","floor":47,"turns":4},{"damage":0,"enemies":"Sphere and 2 Shapes","floor":48,"turns":4},{"damage":26,"enemies":"Time Eater","floor":50,"turns":8}],"seed_played":"-3156315710106887132","potions_obtained":[{"floor":1,"key":"SkillPotion"},{"floor":5,"key":"Energy Potion"},{"floor":7,"key":"PowerPotion"},{"floor":14,"key":"Fruit Juice"},{"floor":16,"key":"ColorlessPotion"},{"floor":19,"key":"DistilledChaos"},{"floor":20,"key":"SpeedPotion"},{"floor":30,"key":"Weak Potion"},{"floor":33,"key":"ColorlessPotion"},{"floor":39,"key":"EntropicBrew"},{"floor":45,"key":"BottledMiracle"},{"floor":48,"key":"Swift Potion"}],"is_trial":false,"path_per_floor":["M","M","M","M","M","R","M","E","T","R","?","$","R","M","R","B",null,"M","M","M","?","?","R","E","R","T","R","E","R","E","M","R","B",null,"M","?","?","?","M","E","R","$","T","R","M","R","M","M","R","B",null],"character_chosen":"WATCHER","items_purchased":["Nirvana","Vajra","CaptainsWheel","CutThroughFate+1"],"campfire_rested":5,"item_purchase_floors":[42,42,42,42],"current_hp_per_floor":[69,68,66,66,66,66,55,55,55,55,55,55,55,55,55,55,72,72,60,35,35,35,56,18,39,39,39,46,46,38,27,48,44,72,61,53,53,44,48,14,37,37,37,60,56,56,45,45,45,41],"gold":121,"neow_bonus":"THREE_CARDS","is_daily":false,"chose_seed":false,"campfire_upgraded":8,"win_rate":0.0,"timestamp":1608601468,"path_taken":["M","M","M","M","M","R","M","E","T","R","?","$","R","M","R","BOSS","M","M","?","?","?","R","E","R","T","R","E","R","E","M","R","BOSS","M","?","?","?","M","E","R","$","T","R","M","R","M","?","R","BOSS"],"items_purchased_type":["Card","Relic","Relic","Card"],"build_version":"2020-12-13","purchased_purges":1,"victory":true,"max_hp_per_floor":[72,72,72,72,72,72,72,72,72,72,72,72,72,72,72,72,72,72,72,72,72,72,72,72,72,72,72,72,72,72,72,72,72,72,72,72,72,72,72,77,77,77,77,77,77,77,77,77,77,77],"relic_stats":{"counters":[24,99],"Astrolabe":["Conclude","Adaptation","BowlingBash"],"Yang":[259],"PreservedInsect":174,"obtain_stats":[{"Potion Belt":43,"Astrolabe":34,"Damaru":9,"Vajra":42,"Yang":17,"PreservedInsect":17,"Omamori":28,"Calling Bell":17,"CaptainsWheel":42,"Molten Egg 2":30,"Bag of Marbles":26,"Bottled Lightning":24,"PureWater":0,"TungstenRod":17,"Toy Ornithopter":40,"Meat on the Bone":8},{"Potion Belt":20,"Astrolabe":17,"Damaru":7,"Vajra":20,"Yang":9,"PreservedInsect":9,"Omamori":14,"Calling Bell":9,"CaptainsWheel":20,"Molten Egg 2":15,"Bag of Marbles":13,"Bottled Lightning":13,"PureWater":0,"TungstenRod":9,"Toy Ornithopter":20,"Meat on the Bone":7},{"Potion Belt":76,"Astrolabe":64,"Damaru":21,"Vajra":76,"Yang":25,"PreservedInsect":25,"Omamori":46,"Calling Bell":25,"CaptainsWheel":76,"Molten Egg 2":48,"Bag of Marbles":43,"Bottled Lightning":43,"PureWater":0,"TungstenRod":25,"Toy Ornithopter":76,"Meat on the Bone":21}],"TungstenRod":41,"Toy Ornithopter":10,"Meat on the Bone":84},"card_choices":[{"not_picked":["EmptyFist","SignatureMove"],"picked":"Weave","floor":0},{"not_picked":["FollowUp","Consecrate"],"picked":"Conclude","floor":1},{"not_picked":["Wallop","Protect"],"picked":"Weave","floor":2},{"not_picked":["Prostrate","EmptyMind"],"picked":"Weave","floor":3},{"not_picked":["Protect","Consecrate"],"picked":"CutThroughFate","floor":4},{"not_picked":["WindmillStrike","Conclude"],"picked":"JustLucky","floor":5},{"not_picked":["Consecrate","FlurryOfBlows"],"picked":"WaveOfTheHand","floor":7},{"not_picked":["WheelKick","FlyingSleeves"],"picked":"LikeWater","floor":8},{"not_picked":["CrushJoints","Collect"],"picked":"Study","floor":14},{"not_picked":["Establishment","DevaForm"],"picked":"LessonLearned","floor":16},{"not_picked":["Protect","EmptyFist"],"picked":"JustLucky","floor":18},{"not_picked":["CrushJoints","FlurryOfBlows"],"picked":"JustLucky","floor":19},{"not_picked":["BowlingBash","FlyingSleeves"],"picked":"Nirvana","floor":20},{"not_picked":["PathToVictory","WindmillStrike+1"],"picked":"DevaForm","floor":24},{"not_picked":["SashWhip","PathToVictory"],"picked":"DeusExMachina","floor":28},{"not_picked":["DevaForm","CarveReality+1"],"picked":"LikeWater+1","floor":30},{"not_picked":["Sanctity","EmptyBody+1"],"picked":"TalkToTheHand+1","floor":31},{"not_picked":["DevaForm","Alpha"],"picked":"Vault","floor":33},{"not_picked":["BowlingBash+1","Consecrate+1","Evaluate"],"picked":"SKIP","floor":35},{"not_picked":["Jack Of All Trades","Violence"],"picked":"Secret Weapon","floor":38},{"not_picked":["Trip","Mind Blast+1"],"picked":"Panacea","floor":38},{"not_picked":["DeceiveReality+1","PathToVictory"],"picked":"Prostrate+1","floor":39},{"not_picked":["Consecrate+1","FlyingSleeves+1"],"picked":"WheelKick+1","floor":40},{"not_picked":["Protect+1","SashWhip+1"],"picked":"JustLucky+1","floor":45},{"not_picked":["Crescendo","Conclude+1"],"picked":"CutThroughFate+1","floor":47},{"not_picked":["FlurryOfBlows+1","FlyingSleeves+1","Ragnarok+1"],"picked":"SKIP","floor":48}],"player_experience":526573,"relics_obtained":[{"floor":8,"key":"Meat on the Bone"},{"floor":9,"key":"Damaru"},{"floor":17,"key":"PreservedInsect"},{"floor":17,"key":"Yang"},{"floor":17,"key":"TungstenRod"},{"floor":24,"key":"Bottled Lightning"},{"floor":26,"key":"Bag of Marbles"},{"floor":28,"key":"Omamori"},{"floor":30,"key":"Molten Egg 2"},{"floor":40,"key":"Toy Ornithopter"},{"floor":43,"key":"Potion Belt"}],"event_choices":[{"damage_healed":0,"gold_gain":0,"player_choice":"Upgraded","damage_taken":0,"max_hp_gain":0,"max_hp_loss":0,"event_name":"Upgrade Shrine","floor":11,"gold_loss":0,"cards_upgraded":["WaveOfTheHand"]},{"damage_healed":0,"gold_gain":0,"player_choice":"Ignored","damage_taken":0,"max_hp_gain":0,"max_hp_loss":0,"event_name":"Ghosts","floor":21,"gold_loss":0},{"damage_healed":0,"gold_gain":0,"cards_transformed":["Defend_P","Strike_P"],"player_choice":"Became Test Subject","damage_taken":0,"max_hp_gain":0,"max_hp_loss":0,"event_name":"Drug Dealer","floor":22,"gold_loss":0,"cards_obtained":["CrushJoints","Wish"]},{"damage_healed":0,"gold_gain":0,"player_choice":"Embrace Madness","damage_taken":9,"max_hp_gain":0,"max_hp_loss":0,"event_name":"Winding Halls","floor":36,"gold_loss":0,"cards_obtained":["Madness","Madness"]},{"cards_removed":["Vault"],"damage_healed":0,"gold_gain":0,"player_choice":"Removed Skill","damage_taken":0,"max_hp_gain":0,"max_hp_loss":0,"event_name":"Falling","floor":37,"gold_loss":0},{"damage_healed":0,"gold_gain":0,"player_choice":"Memory 3","damage_taken":10,"max_hp_gain":0,"max_hp_loss":0,"event_name":"SensoryStone","floor":38,"gold_loss":0}],"is_beta":false,"boss_relics":[{"not_picked":["Busted Crown","Sozu"],"picked":"Calling Bell"},{"not_picked":["Runic Pyramid","Pandora\u0027s Box"],"picked":"Astrolabe"}],"items_purged_floors":[12],"is_endless":false,"potions_floor_spawned":[1,5,7,14,16,19,20,30,33,35,39,45,48],"ascension_level":1}}