{"host":"dntw6kil9p09eemm","time":1608609744,"event":{"mods":["Alarm Clock","Aspiration","BaseMod","Colored Powertips","Downfall","Hermit","Hubris","Minty Spire (QoL Compilation)","Permanent Neow","Replay The Spire","Reworked Bosses","Shop Mod","Spicy Shops","StSLib","The Runesmith"],"gold_per_floor":[114,114,114,130,151,174,174,191,191,216,216,232,232,32,32,136,136,147,164,176,143,143,143,143,184,235,235,235,258,258,258,258,365,365,377,151,175,175,193,193,214,192,192,219,219,219,256,48,48,48],"floor_reached":51,"playtime":3579,"items_purged":["hexamod:Strike","hexamod:Strike+1","hexamod:SpectralAdrenaline+1","hexamod:NecessarySacrifice+1"],"score":712,"play_id":"9b05ed08-9a98-4632-9797-6430af10bf0d","local_time":"20201222130224","is_ascension_mode":false,"campfire_choices":[{"floor":11.0,"key":"REST"},{"floor":13.0,"key":"REST"},{"data":"hexamod:Float","floor":15.0,"key":"SMITH"},{"data":"hexamod:FastForward","floor":24,"key":"SMITH"},{"floor":30,"key":"REST"},{"data":"Injury","floor":32,"key":"PURGE"},{"floor":40,"key":"REST"},{"floor":45,"key":"RECALL"},{"data":"1","floor":49,"key":"LIFT"}],"circlet_count":0,"master_deck":["hexamod:Strike+1","hexamod:Defend+1","hexamod:Sear+1","hexamod:Float+1","hexamod:BurningTouch+1","hexamod:StepThrough+1","hexamod:FirstSeal","hexamod:Rewind+1","hexamod:FastForward+1","hexamod:SixthSeal","hexamod:SwordOfDarkness+1","hexamod:SecondSeal","hexamod:Again+1","hexamod:TimeWarp+1","hexamod:TimeWarp+1","hexamod:ThermalTransfer+1","hexamod:Firestarter+1","hexamod:FastForward+1","hexamod:RadiantFlame+1","hexamod:ApocalypticArmor+1","hexamod:GhostOfSpireFuture+1","hexamod:PhantomFireball+1","hexamod:ThermalTransfer+1","hexamod:ThermalTransfer+1"],"relics":["hexamod:SpiritBrand","Molten Egg 2","MerchantsRug","hexamod:TheBrokenSeal","hubris:RunicObelisk","hubris:BottledRain","Empty Cage","hexamod:RecyclingMachine","aspiration:HatOfInfinitePower","Girya"],"acts_visited":["Exordium","TheCity","TheBeyond"],"potions_floor_usage":[16,47],"damage_taken":[{"damage":12.0,"enemies":"Jaw Worm","floor":1.0,"turns":5.0},{"damage":3.0,"enemies":"2 Louse","floor":4.0,"turns":4.0},{"damage":9.0,"enemies":"Cultist","floor":5.0,"turns":4.0},{"damage":9.0,"enemies":"Red Slaver","floor":6.0,"turns":3.0},{"damage":0.0,"enemies":"Looter","floor":8.0,"turns":4.0},{"damage":50.0,"enemies":"3 Louse","floor":10.0,"turns":7.0},{"damage":6.0,"enemies":"Gremlin Gang","floor":12.0,"turns":6.0},{"damage":40,"enemies":"Slime Boss","floor":16,"turns":9},{"damage":6,"enemies":"Shell Parasite","floor":18,"turns":3},{"damage":0,"enemies":"Spheric Guardian","floor":19,"turns":2},{"damage":15,"enemies":"3 Cultists","floor":20,"turns":4},{"damage":11,"enemies":"Book of Stabbing","floor":25,"turns":4},{"damage":14,"enemies":"Centurion and Healer","floor":29,"turns":4},{"damage":30,"enemies":"Pondfish","floor":33,"turns":8},{"damage":2,"enemies":"3 Shapes","floor":35,"turns":3},{"damage":24,"enemies":"3 Darklings","floor":37,"turns":6},{"damage":15,"enemies":"Sphere and 2 Shapes","floor":39,"turns":5},{"damage":7,"enemies":"Spire Growth","floor":41,"turns":4},{"damage":2,"enemies":"Maw","floor":44,"turns":6},{"damage":2,"enemies":"Nemesis","floor":47,"turns":4},{"damage":58,"enemies":"hubris:GrandSnecko","floor":50,"turns":18}],"seed_played":"2692523898343739156","potions_obtained":[{"floor":5.0,"key":"Block Potion"},{"floor":6.0,"key":"Block Potion"},{"floor":10.0,"key":"Cursed Concoction"},{"floor":12.0,"key":"Strength Potion"},{"floor":16,"key":"Reflective Coating"},{"floor":18,"key":"Weak Potion"},{"floor":25,"key":"Energy Potion"},{"floor":29,"key":"Elixir"},{"floor":33,"key":"Milkshake"},{"floor":35,"key":"Flashbang"},{"floor":41,"key":"DistilledChaos"}],"is_trial":false,"path_per_floor":["M","?","?","M","M","M","?","M","T","M","R","M","R","$","R","B",null,"M","M","M","$","?","$","R","E","T","?","?","M","R","T","R","B",null,"M","$","M","?","M","R","M","$","T","M","R","?","E","$","R","B",null],"character_chosen":"THE_SPIRIT","items_purchased":["MerchantsRug","hexamod:TimeWarp+1","hexamod:RecyclingMachine","hexamod:ThermalTransfer+1"],"campfire_rested":4,"item_purchase_floors":[14,14,36,48],"current_hp_per_floor":[58,58,63,67,65,56,56,56,56,20,42,43,65,65,65,84,85,85,85,77,77,77,77,77,73,73,73,73,59,84,84,84,61,85,83,83,66,66,58,83,83,83,83,85,85,85,85,85,85,27],"gold":48,"neow_bonus":"ONE_RANDOM_RARE_CARD","is_daily":false,"chose_seed":false,"campfire_upgraded":2,"win_rate":0.0,"timestamp":1608609744,"path_taken":["M","?","?","M","?","M","?","M","T","M","R","M","R","$","R","BOSS","M","M","?","$","?","$","R","E","T","?","?","?","R","?","R","BOSS","M","$","M","?","M","R","M","$","T","M","R","?","E","?","R","BOSS"],"items_purchased_type":["Relic","Card","Relic","Card"],"build_version":"2020-12-13","purchased_purges":4,"victory":true,"max_hp_per_floor":[70,70,75,75,75,75,75,75,75,75,75,75,75,75,75,85,85,85,85,85,85,85,85,85,85,85,85,85,85,85,85,85,85,85,85,85,85,85,85,85,85,85,85,85,85,85,85,85,85,85],"card_choices":[{"not_picked":["hexamod:FourthSeal","hexamod:SecondSeal"],"picked":"hexamod:FirstSeal","floor":1.0},{"not_picked":["hexamod:RainOfEmbers","hexamod:NightmareGuise","hexamod:FlamesFromBeyond"],"picked":"SKIP","floor":1.0},{"not_picked":["hexamod:ThirdSeal","hexamod:FirstSeal"],"picked":"hexamod:SecondSeal","floor":4.0},{"not_picked":["hexamod:ExtraCrispy","hexamod:BacktrackSmack+1"],"picked":"hexamod:BurningTouch","floor":4.0},{"not_picked":["hexamod:GhostOfSpirePast","hexamod:NightmareGuise"],"picked":"hexamod:StepThrough+1","floor":5.0},{"not_picked":["hexamod:FourthSeal","hexamod:SecondSeal"],"picked":"hexamod:ThirdSeal","floor":5.0},{"not_picked":["hexamod:SkipABeat","hexamod:FlamesFromBeyond"],"picked":"hexamod:SpectralAdrenaline","floor":6.0},{"not_picked":["hexamod:SecondSeal","hexamod:ThirdSeal"],"picked":"hexamod:FirstSeal","floor":6.0},{"not_picked":["hexamod:ChargedBarrage","hexamod:Firestarter+1"],"picked":"hexamod:SixthSeal","floor":6.0},{"not_picked":["hexamod:FirstSeal","hexamod:SixthSeal"],"picked":"hexamod:FourthSeal","floor":8.0},{"not_picked":["hexamod:StepThrough+1","hexamod:SpectersWail+1"],"picked":"hexamod:Rewind","floor":8.0},{"not_picked":["hexamod:HeatCrush+1","hexamod:NightmareGuise"],"picked":"hexamod:FastForward","floor":8.0},{"not_picked":["hexamod:ThirdSeal","hexamod:SecondSeal"],"picked":"hexamod:SixthSeal","floor":10.0},{"not_picked":["hexamod:SpectralSpark","hexamod:Firestarter+1"],"picked":"hexamod:SwordOfDarkness+1","floor":10.0},{"not_picked":["hexamod:SixthSeal","hexamod:FourthSeal"],"picked":"hexamod:SecondSeal","floor":12.0},{"not_picked":["hexamod:NightmareGuise","hexamod:NightmareStrike+1"],"picked":"hexamod:Again","floor":12.0},{"not_picked":["hexamod:CrushingStance+1","hexamod:TurnItUp"],"picked":"hexamod:TimeWarp+1","floor":16},{"not_picked":["hexamod:NightmareStrike+1","hexamod:SpectersWail+1"],"picked":"hexamod:ThermalTransfer+1","floor":18},{"not_picked":["hexamod:AdvancingGuard+1","hexamod:SpectersWail+1"],"picked":"hexamod:Firestarter+1","floor":19},{"not_picked":["hexamod:NightmareGuise","hexamod:RainOfEmbers+1","hexamod:GhostShield"],"picked":"SKIP","floor":20},{"not_picked":["hexamod:ThermalTransfer+1","hexamod:RainOfEmbers+1"],"picked":"hexamod:FastForward","floor":25},{"not_picked":["hexamod:AdvancingGuard","hexamod:SwordOfDarkness+1","hexamod:BurningTouch+1"],"picked":"SKIP","floor":29},{"not_picked":["hexamod:UnlimitedPower","hexamod:UnleashSpirits+1"],"picked":"hexamod:ApocalypticArmor","floor":33},{"not_picked":["hexamod:NightmareStrike+1","hexamod:SpectralAdrenaline+1"],"picked":"hexamod:GhostOfSpireFuture+1","floor":35},{"not_picked":["hexamod:NightmareStrike+1","hexamod:FlamesFromBeyond+1"],"picked":"hexamod:PhantomFireball+1","floor":37},{"not_picked":["hexamod:ShieldOfDarkness","hexamod:PowerFromBeyond","hexamod:BurningTouch"],"picked":"SKIP","floor":39},{"not_picked":["hexamod:SpectersWail+1","hexamod:SuperheatedStrike+1","hexamod:Firestarter+1"],"picked":"SKIP","floor":41},{"not_picked":["hexamod:GhostShield+1","hexamod:BacktrackSmack+1","hexamod:SpectersWail+1"],"picked":"SKIP","floor":44},{"not_picked":["hexamod:InspiringFlames+1","hexamod:GhostOfSpirePast+1","hexamod:SpectersWail+1"],"picked":"SKIP","floor":47}],"player_experience":426541,"relics_obtained":[{"floor":9.0,"key":"ReplayTheSpireMod:Lightbulb"},{"floor":25,"key":"hubris:BottledRain"},{"floor":26,"key":"Happy Flower"},{"floor":31,"key":"Blue Doll"},{"floor":43,"key":"aspiration:HatOfInfinitePower"},{"floor":47,"key":"Girya"}],"event_choices":[{"damage_healed":0.0,"max_hp_gain":5.0,"max_hp_loss":0.0,"gold_gain":0.0,"event_name":"Big Fish","player_choice":"Donut","floor":3.0,"gold_loss":0.0,"damage_taken":0.0},{"damage_healed":0.0,"max_hp_gain":0.0,"max_hp_loss":0.0,"gold_gain":0.0,"cards_transformed":["hexamod:Defend"],"event_name":"Transmorgrifier","player_choice":"Transformed","floor":7.0,"gold_loss":0.0,"damage_taken":0.0,"cards_obtained":["hexamod:NecessarySacrifice"]},{"cards_removed":["hexamod:Defend"],"damage_healed":0,"gold_gain":0,"player_choice":"Elegance","damage_taken":0,"max_hp_gain":0,"max_hp_loss":0,"event_name":"Back to Basics","floor":22,"gold_loss":0},{"damage_healed":0,"gold_gain":0,"player_choice":"Read","damage_taken":0,"max_hp_gain":0,"max_hp_loss":0,"event_name":"The Library","floor":27,"gold_loss":0,"cards_obtained":["hexamod:RadiantFlame"]},{"damage_healed":0,"gold_gain":0,"player_choice":"Upgraded","damage_taken":0,"max_hp_gain":0,"max_hp_loss":0,"event_name":"Upgrade Shrine","floor":28,"gold_loss":0,"cards_upgraded":["hexamod:FastForward"]}],"is_beta":false,"boss_relics":[{"not_picked":["Velvet Choker","Runic Dome"],"picked":"hubris:RunicObelisk"},{"not_picked":["hubris:Stopwatch","Tiny House"],"picked":"Empty Cage"}],"items_purged_floors":[21,36,42,48],"is_endless":false,"potions_floor_spawned":[5,6,10,12,18,25,29,33,35,41],"ascension_level":0}}