{"host":"7l2t4psy44vpcd9q","time":1608633712,"event":{"mods":["AchievementEnabler","BaseMod","DeckTracker","Minty Spire (QoL Compilation)","SuperFastMode"],"gold_per_floor":[112,37,37,37,54,54,84,84,84,99,99,99,113,139,139,139,139],"floor_reached":16,"playtime":462,"items_purged":[],"score":266,"play_id":"b5157573-ec0a-41db-85dc-23a132c212a8","local_time":"20201222194151","is_ascension_mode":true,"campfire_choices":[{"data":"Neutralize","floor":6,"key":"SMITH"},{"floor":8,"key":"REST"},{"data":"Slice","floor":11,"key":"SMITH"},{"floor":15,"key":"REST"}],"circlet_count":0,"master_deck":["AscendersBane","Strike_G","Strike_G","Strike_G","Strike_G","Strike_G","Defend_G","Defend_G","Defend_G","Defend_G","Survivor","Neutralize+1","Backflip","Leg Sweep+1","Masterful Stab","Slice+1","Flechettes","Heel Hook"],"relics":["Ring of the Snake","NeowsBlessing","Letter Opener","Frozen Egg 2","Sundial","Ancient Tea Set"],"acts_visited":["Exordium"],"potions_floor_usage":[16,16],"damage_taken":[{"damage":0,"enemies":"2 Louse","floor":1,"turns":1},{"damage":0,"enemies":"Jaw Worm","floor":5,"turns":1},{"damage":0,"enemies":"Lagavulin","floor":7,"turns":1},{"damage":1,"enemies":"Small Slimes","floor":10,"turns":3},{"damage":0,"enemies":"Red Slaver","floor":13,"turns":3},{"damage":33,"enemies":"3 Sentries","floor":14,"turns":14},{"damage":25,"enemies":"Slime Boss","floor":16,"turns":7}],"seed_played":"-3814796712288969433","potions_obtained":[{"floor":5,"key":"Weak Potion"},{"floor":7,"key":"Weak Potion"},{"floor":14,"key":"Swift Potion"}],"is_trial":false,"path_per_floor":["M","?","?","$","M","R","E","R","T","M","R","?","M","E","R","B"],"character_chosen":"THE_SILENT","items_purchased":[],"campfire_rested":2,"item_purchase_floors":[],"current_hp_per_floor":[59,59,24,24,24,24,24,43,43,42,42,42,42,9,28,3,3],"gold":139,"neow_bonus":"THREE_ENEMY_KILL","is_daily":false,"chose_seed":false,"campfire_upgraded":2,"win_rate":0.0,"timestamp":1608633711,"path_taken":["M","?","?","$","M","R","E","R","T","M","R","?","M","E","R","BOSS"],"items_purchased_type":[],"build_version":"2020-12-13","purchased_purges":0,"victory":false,"max_hp_per_floor":[66,66,66,66,66,66,66,66,66,66,66,66,66,66,66,66,66],"card_choices":[{"not_picked":["Poisoned Stab","Slice"],"picked":"Backflip","floor":1},{"not_picked":["Riddle With Holes","All Out Attack"],"picked":"Leg Sweep","floor":5},{"not_picked":["Outmaneuver","Leg Sweep"],"picked":"Masterful Stab","floor":7},{"not_picked":["Prepared","Backflip"],"picked":"Slice","floor":10},{"not_picked":["Leg Sweep","Dagger Throw"],"picked":"Flechettes","floor":13},{"not_picked":["Expertise","Sucker Punch"],"picked":"Heel Hook","floor":14}],"player_experience":1125529,"relics_obtained":[{"floor":7,"key":"Frozen Egg 2"},{"floor":9,"key":"Sundial"},{"floor":14,"key":"Ancient Tea Set"}],"event_choices":[{"cards_removed":["Defend_G"],"damage_healed":0,"gold_gain":0,"player_choice":"Card Removal","damage_taken":0,"max_hp_gain":0,"max_hp_loss":0,"event_name":"The Cleric","floor":2,"gold_loss":75},{"damage_healed":0,"gold_gain":0,"player_choice":"Success","damage_taken":35,"relics_obtained":["Letter Opener"],"max_hp_gain":0,"max_hp_loss":0,"event_name":"Scrap Ooze","floor":3,"gold_loss":0},{"damage_healed":0,"gold_gain":0,"player_choice":"Forge","damage_taken":0,"max_hp_gain":0,"max_hp_loss":0,"event_name":"Accursed Blacksmith","floor":12,"gold_loss":0,"cards_upgraded":["Leg Sweep"]}],"is_beta":false,"boss_relics":[],"items_purged_floors":[],"is_endless":false,"potions_floor_spawned":[5,7,14],"killed_by":"Slime Boss","ascension_level":20}}