{"host":"ocy7z4248lncoz2b","time":1608640927,"event":{"mods":["BaseMod","Beaked The Cultist","Bestiary","Better Match","Better Sensory Stone","Better Third Choice","BetterRewards","Clockwork Mod","Colored Map","Colored Powertips","Conspire","Curses Come First","Downfall","Friendly Minions","Gremlin Mod","Highlight Path","Hubris","Infinite Spire","Jorbs\u0027s Wanderer Trilogy","Marisa????????","Mimic Mod","Minty Spire (QoL Compilation)","READ ME - Guardian Mod","Rare Cards Sparkle","Replay The Spire","Shop Mod","Spicy Shops","Spikes Relics","StSLib","SuperFastMode","The Administrix","The Blue Laboratory","The Construct","The Jungle","The Servant 0.9.4","The Wild Card","WarShipGirlsR/????R mod"],"gold_per_floor":[0,15,15,115,130,158,195,37,54,54,54,67,85,2,15,15,15],"floor_reached":16,"playtime":685,"items_purged":[],"score":102,"play_id":"34970035-9348-4071-ac6a-c909603c72ef","local_time":"20201222214207","is_ascension_mode":false,"campfire_choices":[{"data":"construct:MassProduction","floor":1,"key":"SMITH"},{"floor":10,"key":"REST"}],"circlet_count":0,"master_deck":["construct:Strike_Gold","construct:Strike_Gold","construct:Strike_Gold","construct:Strike_Gold","construct:Strike_Gold","construct:Defend_Gold","construct:Defend_Gold","construct:Defend_Gold","construct:Defend_Gold","construct:Defend_Gold","construct:AttackMode","construct:DefenseMode","construct:MassProduction+1","construct:VentSteam","construct:Hazardproof","construct:NuclearCore","construct:ModeShift","construct:GuardCore","construct:Stasis","construct:Chainstrike","construct:PanicFire","construct:Autoturret","construct:Reinforce","construct:FlammableFog"],"relics":["construct:ClockworkPhoenix","conspire:GiftBox","Ornamental Fan","MiniBlackHole","MerchantsRug"],"acts_visited":["Exordium"],"potions_floor_usage":[6,16,16,16],"damage_taken":[{"damage":8,"enemies":"Jaw Worm","floor":2,"turns":3},{"damage":0,"enemies":"Small Slimes","floor":5,"turns":4},{"damage":40,"enemies":"Lagavulin","floor":6,"turns":6},{"damage":13,"enemies":"Cultist","floor":7,"turns":9},{"damage":3,"enemies":"downfall:FleeingMerchant","floor":8,"turns":4},{"damage":6,"enemies":"Cultist","floor":9,"turns":6},{"damage":4,"enemies":"Exordium Wildlife","floor":12,"turns":4},{"damage":13,"enemies":"Lots of Slimes","floor":13,"turns":6},{"damage":1,"enemies":"downfall:FleeingMerchant","floor":14,"turns":4},{"damage":9,"enemies":"2 Fungi Beasts","floor":15,"turns":5},{"damage":13,"enemies":"downfall:Ironclad","floor":16,"turns":5}],"seed_played":"6454158268003715359","potions_obtained":[{"floor":5,"key":"blueLaboratory:HeartbeatPotion"},{"floor":9,"key":"SkillPotion"},{"floor":11,"key":"DuplicationPotion"},{"floor":11,"key":"BlessingOfTheForge"}],"is_trial":false,"path_per_floor":["R","M","?","?","M","E","MIM","$","M","R","?","M","M","$","M","B"],"character_chosen":"THE_CONSTRUCT_MOD","items_purchased":["MerchantsRug","construct:Autoturret","construct:Reinforce"],"campfire_rested":1,"item_purchase_floors":[8,14,14],"current_hp_per_floor":[85,77,77,77,77,37,24,21,15,40,40,36,23,22,13,0,0],"gold":15,"neow_bonus":"ONE_RARE_RELIC","is_daily":false,"chose_seed":false,"campfire_upgraded":1,"win_rate":0.0,"timestamp":1608640927,"path_taken":["R","M","?","?","?","E","MIM","?","?","R","?","M","M","?","M","BOSS"],"items_purchased_type":["Relic","Card","Card"],"build_version":"2020-12-13","purchased_purges":0,"victory":false,"max_hp_per_floor":[85,85,85,85,85,85,85,85,85,85,85,85,85,85,85,85,85],"card_choices":[{"not_picked":["construct:HyperBeam","construct:LongRangeLance"],"picked":"construct:MassProduction","floor":0},{"not_picked":["ReplayTheSpireMod:Mirror System","construct:HeavyBolt"],"picked":"construct:VentSteam","floor":2},{"not_picked":["construct:Anticipate","construct:Analyze"],"picked":"construct:NuclearCore","floor":5},{"not_picked":["construct:Anticipate","construct:ShiftStrike","construct:Accumulate"],"picked":"SKIP","floor":6},{"not_picked":["construct:Forcefield","construct:Anticipate"],"picked":"construct:ModeShift","floor":7},{"not_picked":["construct:Reinforce","construct:LaserCore"],"picked":"construct:GuardCore","floor":8},{"not_picked":["construct:SweepLaser","construct:UnbalancingBlast","construct:LongRangeLance"],"picked":"SKIP","floor":9},{"not_picked":["construct:ForceCore","construct:FlammableFog"],"picked":"construct:Stasis","floor":12},{"not_picked":["construct:ShiftStrike","construct:Rollout"],"picked":"construct:Chainstrike","floor":13},{"not_picked":["construct:Autoturret","construct:Anticipate"],"picked":"construct:PanicFire","floor":14},{"not_picked":["construct:Forcefield","construct:FierceBash"],"picked":"construct:FlammableFog","floor":15}],"player_experience":295564,"relics_obtained":[{"floor":6,"key":"Ornamental Fan"},{"floor":7,"key":"MiniBlackHole"}],"event_choices":[{"damage_healed":0,"gold_gain":0,"player_choice":"Got Potions","damage_taken":0,"max_hp_gain":0,"max_hp_loss":0,"event_name":"Lab","floor":11,"gold_loss":0}],"is_beta":false,"boss_relics":[],"items_purged_floors":[],"is_endless":false,"potions_floor_spawned":[5,9,15],"killed_by":"downfall:Ironclad","ascension_level":0}}