{"host":"ky7z67tg8zpdk0g7","time":1608654023,"event":{"mods":["BaseMod","Beaked The Cultist","Better Third Choice","CapriCore","Displayed Cursed Tome","Energized Spire","Fireblade Mod","Hubris","Lobotomy","LobotomyExtend","Minty Spire (QoL Compilation)","Replay The Spire","SOS???????","Shop Mod","StSLib","Td1madao Mod","The Dragon Tamer","The Hayseed","The Hierophant","The Immortal","The Marked","The Necromancer","TheBandit","TheWitcher"],"gold_per_floor":[118,139,159,159,139,139,175,196,248,248,276,314,314,116,116,217,217,240,264,264,289,6,6,6,24,24,39,39,69,69,98,98,202,202,221,238,250,269,269,304,304,304,304,332,345,456,456,456,456,456,456,456,456,456,456,67,93,93,93],"floor_reached":58,"playtime":2132,"items_purged":["hubris:Greed","hubris:Greed","Parasite"],"score":816,"play_id":"712b1ec3-170c-4885-a8c9-b5691fe21488","local_time":"20201222232023","is_ascension_mode":true,"campfire_choices":[{"floor":6.0,"key":"DIG"},{"floor":10.0,"key":"REST"},{"floor":13.0,"key":"REST"},{"floor":15.0,"key":"DIG"},{"floor":23.0,"key":"REST"},{"floor":30.0,"key":"REST"},{"floor":32.0,"key":"REST"},{"floor":41.0,"key":"REST"},{"floor":51,"key":"RECALL"},{"floor":55,"key":"DIG"}],"circlet_count":0,"master_deck":["theMarked:Strike+1","theMarked:Strike+1","theMarked:Strike+1","theMarked:Strike+1","theMarked:Defend","theMarked:Defend","theMarked:Defend","theMarked:Defend","theMarked:SoldierOfQuellstein","theMarked:BanishingWave","theMarked:WardOff","theMarked:Generate+1","theMarked:EmpowerWeapon+1","theMarked:StartUp","theMarked:WardOff+1","theMarked:ParalyzingBlade+1","theMarked:SoldierForm","theMarked:EmpowerWeapon+1","theMarked:Improvise+1","theMarked:ParalyzingBlade+1","Apotheosis+1","theMarked:WardOff+1","theMarked:SummonStrength","theMarked:BindingBlade+1","theMarked:ComboAttacks","theMarked:BanishingWave+1","theMarked:SwordAndMagic+1","theMarked:WastefulAttack+1","theMarked:SuspiciousRaven+1","theMarked:HeritageOfTheMarked","theMarked:MysticalArsenal","theMarked:TakeCover+1"],"relics":["theMarked:ArtifactOfAir","Ginger","LetterFromLob","Shovel","hubris:BottledRain","Toxic Egg 2","Happy Flower","Lantern","Gremlin Horn","hubris:VirtuousBlindfold","hubris:Icosahedron","Bottled Lightning","Centennial Puzzle","Oddly Smooth Stone","Replay:Grab Bag","Fusion Hammer","SlaversCollar","beaked:SacredDeck","Bag of Marbles","Shuriken","hubris:Towel","Replay:Bottled Eggs","Toy Ornithopter","hubris:CrystalStatue"],"acts_visited":["Exordium","TheCity","TheBeyond","TheEnding"],"potions_floor_usage":[46,52,52,58,58,58],"damage_taken":[{"damage":6.0,"enemies":"Cultist","floor":1.0,"turns":4.0},{"damage":6.0,"enemies":"2 Louse","floor":2.0,"turns":2.0},{"damage":4.0,"enemies":"Jaw Worm","floor":3.0,"turns":3.0},{"damage":38.0,"enemies":"Lagavulin","floor":7.0,"turns":9.0},{"damage":4.0,"enemies":"Exordium Thugs","floor":8.0,"turns":5.0},{"damage":5.0,"enemies":"Red Slaver","floor":11.0,"turns":5.0},{"damage":14.0,"enemies":"Gremlin Nob","floor":12.0,"turns":4.0},{"damage":13.0,"enemies":"The Guardian","floor":16.0,"turns":8.0},{"damage":21.0,"enemies":"2 Thieves","floor":18.0,"turns":4.0},{"damage":5.0,"enemies":"Spheric Guardian","floor":19.0,"turns":3.0},{"damage":43.0,"enemies":"Shelled Parasite and Fungi","floor":21.0,"turns":5.0},{"damage":13.0,"enemies":"Centurion and Healer","floor":25.0,"turns":6.0},{"damage":0.0,"enemies":"3 Cultists","floor":27.0,"turns":4.0},{"damage":3.0,"enemies":"Gremlin Leader","floor":29.0,"turns":4.0},{"damage":20.0,"enemies":"Slavers","floor":31.0,"turns":2.0},{"damage":46.0,"enemies":"Automaton","floor":33.0,"turns":7.0},{"damage":11.0,"enemies":"3 Shapes","floor":35.0,"turns":2.0},{"damage":17.0,"enemies":"3 Darklings","floor":36.0,"turns":5.0},{"damage":1.0,"enemies":"Transient","floor":37.0,"turns":5.0},{"damage":11.0,"enemies":"Jaw Worm Horde","floor":38.0,"turns":2.0},{"damage":40.0,"enemies":"Nemesis","floor":40.0,"turns":5.0},{"damage":24.0,"enemies":"beaked:SuperParasite","floor":44.0,"turns":4.0},{"damage":0.0,"enemies":"4 Shapes","floor":45.0,"turns":3.0},{"damage":12,"enemies":"Writhing Mass","floor":46,"turns":4},{"damage":14,"enemies":"Awakened One","floor":52,"turns":5},{"damage":38,"enemies":"Shield and Spear","floor":57,"turns":3},{"damage":45,"enemies":"The Heart","floor":58,"turns":3}],"seed_played":"5817342486876603822","potions_obtained":[{"floor":3.0,"key":"Reflective Coating"},{"floor":5.0,"key":"theMarked:ChargePotion"},{"floor":8.0,"key":"Weak Potion"},{"floor":11.0,"key":"AttackPotion"},{"floor":16.0,"key":"SteroidPotion"},{"floor":25.0,"key":"FearPotion"},{"floor":29.0,"key":"LiquidBronze"},{"floor":31.0,"key":"Explosive Potion"},{"floor":36.0,"key":"Fire Potion"},{"floor":38.0,"key":"Dexterity Potion"},{"floor":40.0,"key":"Weak Potion"},{"floor":45.0,"key":"Dexterity Potion"},{"floor":57,"key":"Venom Potion"}],"is_trial":false,"path_per_floor":["M","M","M","T","?","R","E","M","T","R","M","E","R","$","R","B",null,"M","M","?","M","$","R","?","M","T","M","$","E","R","E","R","B",null,"M","M","M","M","?","E","R","?","T","E","M","M","PTL","PTL","?","?","R","B",null,null,"R","$","E","B"],"character_chosen":"THE_DEFAULT","items_purchased":["theMarked:WardOff+1","theMarked:ParalyzingBlade+1","Apotheosis+1","EssenceOfSteel","Strength Potion","Toy Ornithopter"],"campfire_rested":6,"item_purchase_floors":[14,14,22,56,56,56],"current_hp_per_floor":[64,58,54,54,54,54,16,12,12,33,28,14,35,35,35,22,70,49,44,44,1,1,22,22,9,9,9,9,6,27,7,28,24,70,59,42,69,58,58,18,39,39,39,15,15,3,3,3,3,15,15,1,1,70,70,67,29,0,0],"gold":93,"neow_bonus":"ONE_RARE_RELIC","is_daily":false,"chose_seed":false,"campfire_upgraded":0,"win_rate":0.0,"timestamp":1608654023,"path_taken":["M","?","M","?","?","R","E","M","T","R","M","E","R","$","R","BOSS","M","M","?","M","$","R","?","M","T","?","?","E","R","E","R","BOSS","M","M","M","M","?","E","R","?","T","E","M","M","PTL","PTL","?","?","R","BOSS","R","$","E","BOSS"],"items_purchased_type":["Card","Card","Card","Potion","Potion","Relic"],"build_version":"2020-12-13","purchased_purges":3,"victory":false,"max_hp_per_floor":[70,70,70,70,70,70,70,70,70,70,70,70,70,70,70,70,70,70,70,70,70,70,70,70,70,70,70,70,70,70,70,70,70,70,70,70,70,70,70,70,70,70,70,70,70,70,70,70,70,70,70,70,70,70,70,67,67,67,67],"card_choices":[{"not_picked":["theMarked:Frustration","theMarked:Parkour","theMarked:RepellingDischarge"],"picked":"SKIP","floor":1.0},{"not_picked":["theMarked:Reabsorb","theMarked:Electrocute"],"picked":"theMarked:BanishingWave","floor":2.0},{"not_picked":["theMarked:EnhanceMovement","theMarked:ShockingTouch"],"picked":"theMarked:WardOff","floor":3.0},{"not_picked":["theMarked:TwofoldDefense+1","theMarked:Static+1","theMarked:ChainLightning"],"picked":"SKIP","floor":7.0},{"not_picked":["theMarked:SelfDefenseTraining","theMarked:Electrocute"],"picked":"theMarked:Generate+1","floor":8.0},{"not_picked":["theMarked:WardOff+1","theMarked:SoldierForm"],"picked":"theMarked:EmpowerWeapon+1","floor":11.0},{"not_picked":["theMarked:Frustration","theMarked:ChainLightning"],"picked":"theMarked:StartUp","floor":12.0},{"not_picked":["theMarked:DispelDoubt","theMarked:MuscleMemory"],"picked":"theMarked:SoldierForm","floor":16.0},{"not_picked":["theMarked:RepellingDischarge+1","theMarked:PowerFlow+1"],"picked":"theMarked:EmpowerWeapon+1","floor":18.0},{"not_picked":["theMarked:CreepingChasm+1","theMarked:Panic+1"],"picked":"theMarked:Improvise+1","floor":19.0},{"not_picked":["theMarked:Panic+1","theMarked:Aftermath+1"],"picked":"theMarked:ParalyzingBlade+1","floor":21.0},{"not_picked":["theMarked:Reabsorb+1","theMarked:WastefulAttack","theMarked:Frustration+1"],"picked":"SKIP","floor":25.0},{"not_picked":["theMarked:ResourceFulStrike","theMarked:KeepCalmAndFightOn","theMarked:PowerFlow+1"],"picked":"SKIP","floor":27.0},{"not_picked":["theMarked:SelfDefenseTraining","theMarked:MagicAdept"],"picked":"theMarked:SummonStrength","floor":29.0},{"not_picked":["theMarked:Parkour","theMarked:ResourceFulStrike","theMarked:Aftermath+1"],"picked":"SKIP","floor":31.0},{"not_picked":["theMarked:SummonStrength","theMarked:MuscleMemory"],"picked":"theMarked:BindingBlade+1","floor":33.0},{"not_picked":["theMarked:Panic+1","theMarked:KeepCalmAndFightOn+1"],"picked":"theMarked:BanishingWave+1","floor":35.0},{"not_picked":["theMarked:TwofoldDefense+1","theMarked:Frustration"],"picked":"theMarked:SwordAndMagic+1","floor":36.0},{"not_picked":["theMarked:ShockingTouch+1","theMarked:SwordAndMagic"],"picked":"theMarked:WastefulAttack+1","floor":37.0},{"not_picked":["theMarked:WastefulAttack+1","theMarked:ContemptForTheProud+1"],"picked":"theMarked:SuspiciousRaven+1","floor":38.0},{"not_picked":["theMarked:SwordAndMagic","theMarked:Electrocute+1","theMarked:Reabsorb+1"],"picked":"SKIP","floor":40.0},{"not_picked":["theMarked:ResourceFulStrike","theMarked:Frustration+1"],"picked":"theMarked:HeritageOfTheMarked","floor":44.0},{"not_picked":["theMarked:WastefulAttack+1","theMarked:WastefulDefense+1"],"picked":"theMarked:RepellingDischarge+1","floor":45.0},{"not_picked":["theMarked:PowerFlow+1","theMarked:BanishingStrike"],"picked":"theMarked:MysticalArsenal","floor":46},{"not_picked":["theMarked:Panic+1","theMarked:LightningStrikesTwice+1"],"picked":"theMarked:TakeCover+1","floor":57}],"player_experience":293353,"relics_obtained":[{"floor":1.0,"key":"LetterFromLob"},{"floor":4.0,"key":"Shovel"},{"floor":6.0,"key":"hubris:BottledRain"},{"floor":7.0,"key":"Toxic Egg 2"},{"floor":9.0,"key":"Happy Flower"},{"floor":12.0,"key":"Lantern"},{"floor":15.0,"key":"Gremlin Horn"},{"floor":26.0,"key":"Bottled Lightning"},{"floor":29.0,"key":"Centennial Puzzle"},{"floor":31.0,"key":"Oddly Smooth Stone"},{"floor":40.0,"key":"Bag of Marbles"},{"floor":44.0,"key":"Shuriken"},{"floor":55,"key":"Replay:Bottled Eggs"},{"floor":57,"key":"hubris:CrystalStatue"}],"event_choices":[{"damage_healed":0.0,"max_hp_gain":0.0,"max_hp_loss":0.0,"gold_gain":0.0,"event_name":"The Woman in Blue","player_choice":"Bought 1 Potion","floor":5.0,"gold_loss":0.0,"damage_taken":0.0},{"cards_removed":["theMarked:Strike"],"damage_healed":0.0,"max_hp_gain":0.0,"max_hp_loss":0.0,"gold_gain":0.0,"event_name":"Falling","player_choice":"Removed Attack","floor":39.0,"gold_loss":0.0,"damage_taken":0.0},{"damage_healed":0.0,"max_hp_gain":0.0,"max_hp_loss":0.0,"gold_gain":0.0,"event_name":"Tomb of Lord Red Mask","player_choice":"Ignored","floor":42.0,"gold_loss":0.0,"damage_taken":0.0}],"is_beta":false,"boss_relics":[{"not_picked":["Replay:Wanted Poster","hubris:CrackedHourglass"],"picked":"hubris:VirtuousBlindfold"},{"not_picked":["ReplayTheSpireMod:DimensionalGlitch","hubris:Backtick"],"picked":"Replay:Grab Bag"},{"not_picked":["hubris:GrandSneckoEye","hubris:RunicObelisk"],"picked":"Fusion Hammer"},{"not_picked":["Coffee Dripper","beaked:MawFillet"],"picked":"SlaversCollar"},{"not_picked":["Runic Pyramid","ReplayTheSpireMod:Onyx Gauntlets"],"picked":"beaked:SacredDeck"}],"items_purged_floors":[14,22,56],"is_endless":false,"potions_floor_spawned":[3,8,11,16,25,29,31,36,38,40,45,57],"killed_by":"The Heart","ascension_level":2}}