{"host":"03a85bwj0a5skoit","time":1608603462,"event":{"mods":["BaseMod","Block Reminder","Minty Spire (QoL Compilation)","Relic Stats","StSLib"],"gold_per_floor":[117,3,13,13,13,47,47,82,82,110,52,52,69,69,69,146,146,162,173,13,13,37,37,71,83,83,116,136,136,151,151,151,229,229,247,247,247,259,310,310,338,357,357,367,367,85,85,103,103,103,103,103],"floor_reached":51,"playtime":2855,"items_purged":["BowlingBash"],"score":1562,"play_id":"40f8b62f-ccd6-4dac-8b37-7a8908e99a36","local_time":"20201222124742","is_ascension_mode":true,"campfire_choices":[{"data":"Eruption","floor":7,"key":"SMITH"},{"floor":12,"key":"REST"},{"data":"LikeWater","floor":15,"key":"SMITH"},{"data":"MasterReality","floor":23,"key":"SMITH"},{"floor":29,"key":"REST"},{"floor":32,"key":"REST"},{"floor":40,"key":"REST"},{"data":"TalkToTheHand","floor":47,"key":"SMITH"},{"floor":49,"key":"REST"}],"circlet_count":0,"master_deck":["AscendersBane","Eruption+1","Vigilance","CutThroughFate","Nirvana+1","FlyingSleeves","FearNoEvil+1","LikeWater+1","ThirdEye+1","ThirdEye+1","LessonLearned+1","MasterReality+1","FearNoEvil+1","Tantrum+1","Fasting2","Evaluate+1","ClearTheMind+1","BowlingBash+1","LikeWater+1","Evaluate+1","DevaForm","Evaluate+1","Halt+1","Halt+1","MentalFortress+1","DeusExMachina+1","Madness+1","Madness+1","SandsOfTime","Scrawl+1","Evaluate+1","EmptyFist+1","Worship+1","DeusExMachina+1","Evaluate+1","TalkToTheHand+1","MentalFortress","Vengeance+1","Prostrate+1"],"relics":["PureWater","NeowsBlessing","Bottled Flame","Toy Ornithopter","Matryoshka","White Beast Statue","Tiny Chest","Blue Candle","Toxic Egg 2","Pandora\u0027s Box","Lee\u0027s Waffle","WarpedTongs","Blood Vial","Bag of Preparation","Gambling Chip","Yang","Whetstone","NlothsMask","Empty Cage","Happy Flower","Letter Opener"],"acts_visited":["Exordium","TheCity","TheBeyond"],"potions_floor_usage":[16,24,27,27,30,33,33,41,41,50,50],"damage_taken":[{"damage":0,"enemies":"Cultist","floor":1,"turns":1},{"damage":0,"enemies":"Small Slimes","floor":3,"turns":1},{"damage":0,"enemies":"3 Sentries","floor":6,"turns":1},{"damage":33,"enemies":"Gremlin Nob","floor":8,"turns":4},{"damage":23,"enemies":"3 Sentries","floor":10,"turns":9},{"damage":0,"enemies":"Jaw Worm","floor":13,"turns":1},{"damage":5,"enemies":"The Guardian","floor":16,"turns":14},{"damage":9,"enemies":"Shell Parasite","floor":18,"turns":6},{"damage":23,"enemies":"3 Byrds","floor":19,"turns":5},{"damage":30,"enemies":"Gremlin Leader","floor":24,"turns":3},{"damage":13,"enemies":"Centurion and Healer","floor":25,"turns":5},{"damage":15,"enemies":"Book of Stabbing","floor":27,"turns":6},{"damage":21,"enemies":"Shelled Parasite and Fungi","floor":28,"turns":5},{"damage":13,"enemies":"3 Cultists","floor":30,"turns":4},{"damage":9,"enemies":"Collector","floor":33,"turns":9},{"damage":21,"enemies":"3 Darklings","floor":35,"turns":9},{"damage":5,"enemies":"Orb Walker","floor":38,"turns":4},{"damage":0,"enemies":"Giant Head","floor":41,"turns":5},{"damage":7,"enemies":"Transient","floor":42,"turns":6},{"damage":0,"enemies":"Maw","floor":44,"turns":7},{"damage":15,"enemies":"Sphere and 2 Shapes","floor":48,"turns":5},{"damage":55,"enemies":"Donu and Deca","floor":50,"turns":7},{"damage":35,"enemies":"Time Eater","floor":51,"turns":3}],"seed_played":"7841950882632005860","potions_obtained":[{"floor":3,"key":"BottledMiracle"},{"floor":10,"key":"DistilledChaos"},{"floor":13,"key":"DuplicationPotion"},{"floor":16,"key":"Fire Potion"},{"floor":24,"key":"BlessingOfTheForge"},{"floor":27,"key":"PowerPotion"},{"floor":28,"key":"GamblersBrew"},{"floor":30,"key":"Swift Potion"},{"floor":33,"key":"PowerPotion"},{"floor":35,"key":"StancePotion"},{"floor":41,"key":"Ancient Potion"},{"floor":42,"key":"Strength Potion"},{"floor":44,"key":"Fire Potion"}],"is_trial":false,"path_per_floor":["M","$","M","T","?","E","R","E","T","E","$","R","M","?","R","B",null,"M","M","$","?","T","R","E","M","T","E","M","R","M","?","R","B",null,"M","?","?","M","T","R","E","M","T","M","?","$","R","M","R","B","B"],"character_chosen":"WATCHER","items_purchased":["Nirvana","FlyingSleeves","ThirdEye+1","Lee\u0027s Waffle","TalkToTheHand","MentalFortress","Vengeance+1"],"campfire_rested":5,"item_purchase_floors":[2,2,11,20,46,46,46],"current_hp_per_floor":[61,61,61,61,61,61,61,28,28,5,5,25,25,25,25,25,57,48,25,75,75,75,75,50,39,39,36,17,39,33,33,55,58,71,52,38,38,35,35,57,69,64,64,66,66,66,66,53,75,30,0,0],"gold":103,"neow_bonus":"THREE_ENEMY_KILL","is_daily":false,"chose_seed":false,"campfire_upgraded":4,"win_rate":0.0,"timestamp":1608603462,"path_taken":["M","$","?","?","?","E","R","E","T","E","?","R","M","?","R","BOSS","M","M","$","?","?","R","E","M","T","E","M","R","M","?","R","BOSS","M","?","?","M","?","R","E","M","T","?","?","$","R","?","R","BOSS","BOSS"],"items_purchased_type":["Card","Card","Card","Relic","Card","Card","Card"],"build_version":"2020-12-13","purchased_purges":1,"victory":false,"max_hp_per_floor":[68,68,68,68,68,68,68,68,68,68,68,68,68,68,68,68,68,68,68,75,75,75,75,75,75,75,75,75,75,75,75,75,75,75,75,75,75,75,75,75,75,75,75,75,75,75,75,75,75,75,75,75],"relic_stats":{"Lee\u0027s Waffle":50,"Happy Flower":[9],"counters":[23,120],"Blue Candle":[14],"Yang":[154],"Bag of Preparation":[28],"Whetstone":["Tantrum","BowlingBash"],"Letter Opener":[75],"WarpedTongs":[72],"Blood Vial":24,"Gambling Chip":[47],"Tiny Chest":2,"Pandora\u0027s Box":["MasterReality","FearNoEvil","Tantrum","Fasting2","Evaluate","ClearTheMind","BowlingBash"],"obtain_stats":[{"Lee\u0027s Waffle":20,"NeowsBlessing":0,"Happy Flower":41,"Blue Candle":9,"Yang":26,"Bag of Preparation":22,"Whetstone":27,"Letter Opener":43,"Empty Cage":34,"White Beast Statue":8,"WarpedTongs":21,"Blood Vial":22,"Bottled Flame":4,"Matryoshka":6,"Gambling Chip":24,"Tiny Chest":9,"Pandora\u0027s Box":17,"PureWater":0,"Toxic Egg 2":10,"Toy Ornithopter":5,"NlothsMask":31},{"Lee\u0027s Waffle":9,"NeowsBlessing":0,"Happy Flower":18,"Blue Candle":4,"Yang":11,"Bag of Preparation":9,"Whetstone":12,"Letter Opener":19,"Empty Cage":15,"White Beast Statue":4,"WarpedTongs":9,"Blood Vial":9,"Bottled Flame":2,"Matryoshka":3,"Gambling Chip":10,"Tiny Chest":4,"Pandora\u0027s Box":7,"PureWater":0,"Toxic Egg 2":5,"Toy Ornithopter":2,"NlothsMask":14},{"Lee\u0027s Waffle":42,"NeowsBlessing":0,"Happy Flower":92,"Blue Candle":7,"Yang":50,"Bag of Preparation":42,"Whetstone":56,"Letter Opener":98,"Empty Cage":74,"White Beast Statue":7,"WarpedTongs":42,"Blood Vial":42,"Bottled Flame":2,"Matryoshka":3,"Gambling Chip":45,"Tiny Chest":7,"Pandora\u0027s Box":31,"PureWater":0,"Toxic Egg 2":16,"Toy Ornithopter":2,"NlothsMask":65}],"Toy Ornithopter":55},"card_choices":[{"not_picked":["Evaluate","EmptyFist"],"picked":"CutThroughFate","floor":1},{"not_picked":["ClearTheMind","CutThroughFate"],"picked":"FearNoEvil","floor":3},{"not_picked":["Study","Pray"],"picked":"LikeWater","floor":6},{"not_picked":["PathToVictory","Worship"],"picked":"BowlingBash","floor":8},{"not_picked":["Brilliance","JustLucky"],"picked":"FearNoEvil","floor":10},{"not_picked":["FearNoEvil","FlyingSleeves"],"picked":"ThirdEye+1","floor":13},{"not_picked":["DevaForm","Brilliance"],"picked":"LessonLearned","floor":16},{"not_picked":["Wireheading","Weave"],"picked":"LikeWater+1","floor":18},{"not_picked":["CutThroughFate","CarveReality"],"picked":"Evaluate+1","floor":19},{"not_picked":["Collect+1","FollowUp"],"picked":"DevaForm","floor":24},{"not_picked":["ThirdEye+1","SignatureMove"],"picked":"Evaluate+1","floor":25},{"not_picked":["SpiritShield+1","ForeignInfluence+1"],"picked":"Halt+1","floor":27},{"not_picked":["ReachHeaven+1","Worship+1"],"picked":"Halt+1","floor":28},{"not_picked":["FearNoEvil","Protect+1"],"picked":"MentalFortress","floor":30},{"not_picked":["Devotion","Alpha+1"],"picked":"DeusExMachina+1","floor":33},{"not_picked":["ClearTheMind+1","CarveReality","BowlingBash"],"picked":"SKIP","floor":35},{"not_picked":["ReachHeaven","Crescendo+1"],"picked":"Evaluate+1","floor":38},{"not_picked":["Conclude","BowlingBash"],"picked":"EmptyFist+1","floor":41},{"not_picked":["SandsOfTime","EmptyFist"],"picked":"Worship+1","floor":42},{"not_picked":["BattleHymn+1","Indignation+1"],"picked":"DeusExMachina+1","floor":44},{"not_picked":["SashWhip","CrushJoints"],"picked":"Prostrate+1","floor":48}],"player_experience":2280689,"relics_obtained":[{"floor":4,"key":"Bottled Flame"},{"floor":6,"key":"Matryoshka"},{"floor":8,"key":"White Beast Statue"},{"floor":9,"key":"Tiny Chest"},{"floor":9,"key":"Blue Candle"},{"floor":10,"key":"Toxic Egg 2"},{"floor":22,"key":"Blood Vial"},{"floor":22,"key":"Bag of Preparation"},{"floor":24,"key":"Gambling Chip"},{"floor":26,"key":"Yang"},{"floor":27,"key":"Whetstone"},{"floor":41,"key":"Happy Flower"},{"floor":43,"key":"Letter Opener"}],"event_choices":[{"damage_healed":0,"gold_gain":0,"player_choice":"Box","damage_taken":0,"relics_obtained":["Toy Ornithopter"],"max_hp_gain":0,"max_hp_loss":0,"event_name":"Big Fish","floor":5,"gold_loss":0,"cards_obtained":["Regret"]},{"cards_removed":["Strike_P"],"damage_healed":0,"gold_gain":0,"player_choice":"Forget","damage_taken":0,"max_hp_gain":0,"max_hp_loss":0,"event_name":"Living Wall","floor":14,"gold_loss":0},{"damage_healed":0,"gold_gain":0,"player_choice":"Rummage","damage_taken":0,"relics_obtained":["WarpedTongs"],"max_hp_gain":0,"max_hp_loss":0,"event_name":"Accursed Blacksmith","floor":21,"gold_loss":0,"cards_obtained":["Pain"]},{"damage_healed":0,"gold_gain":0,"player_choice":"Trade","damage_taken":0,"relics_obtained":["NlothsMask"],"max_hp_gain":0,"max_hp_loss":0,"event_name":"FaceTrader","floor":31,"gold_loss":0},{"damage_healed":0,"gold_gain":0,"player_choice":"Embrace Madness","damage_taken":14,"max_hp_gain":0,"max_hp_loss":0,"event_name":"Winding Halls","floor":36,"gold_loss":0,"cards_obtained":["Madness","Madness"]},{"damage_healed":0,"gold_gain":0,"player_choice":"2 cards matched","damage_taken":0,"max_hp_gain":0,"max_hp_loss":0,"event_name":"Match and Keep!","floor":37,"gold_loss":0,"cards_obtained":["SandsOfTime","Scrawl"]},{"damage_healed":0,"gold_gain":0,"cards_transformed":["FearNoEvil"],"player_choice":"Transformed","damage_taken":0,"max_hp_gain":0,"max_hp_loss":0,"event_name":"Transmorgrifier","floor":45,"gold_loss":0,"cards_obtained":["Evaluate"]}],"is_beta":false,"boss_relics":[{"not_picked":["Ectoplasm","Tiny House"],"picked":"Pandora\u0027s Box"},{"not_picked":["Snecko Eye","Astrolabe"],"picked":"Empty Cage"}],"items_purged_floors":[46],"is_endless":false,"potions_floor_spawned":[3,10,13,16,18,19,24,25,27,28,30,33,35,38,41,42,44,48],"killed_by":"Time Eater","ascension_level":20}}