{"host":"8fjsnt81u6xsmhji","time":1608634748,"event":{"mods":["BaseMod","Colored Powertips","Downfall","Glutton Mod","Hermit","Minty Spire (QoL Compilation)","Quick Restart","Somnambulant","StSLib","The Blackbeard","The Bug Knight","The Construct","The Forsaken","The Hierophant","The Mystic"],"gold_per_floor":[119,119,119,79,89,89,54,69,92,111,129,129,129,164,164,259,259,269,269,269,281,136,166,166,200,200,200,200,220,180,180,180,180,180],"floor_reached":33,"playtime":1864,"items_purged":[],"score":283,"play_id":"7261a29c-6702-47aa-810d-daf922a16e0e","local_time":"20201222045908","is_ascension_mode":false,"campfire_choices":[{"floor":6.0,"key":"REST"},{"floor":13.0,"key":"REST"},{"data":"hermit:Maintenance","floor":15.0,"key":"SMITH"},{"floor":24,"key":"REST"},{"floor":32,"key":"REST"}],"circlet_count":0,"master_deck":["hermit:Strike_Hermit+1","hermit:Strike_Hermit+1","hermit:Strike_Hermit","hermit:Strike_Hermit+1","hermit:Defend_Hermit","hermit:Defend_Hermit","hermit:Defend_Hermit","hermit:Defend_Hermit","hermit:Snapshot+1","hermit:Covet","hermit:BigShot","hermit:Snipe+1","hermit:Determination","hermit:WideOpen","hermit:PistolWhip","hermit:Manifest","hermit:Maintenance+1","hermit:RoundhouseKick","hermit:Quickdraw","hermit:GoldenBullet","hermit:GhostlyPresence+1","hermit:GhostlyPresence","hermit:Horror"],"relics":["hermit:ClaspedLocket","Matryoshka","hermit:Horseshoe","MutagenicStrength","Oddly Smooth Stone","Meat on the Bone","HollowMod:StagPassRelic","White Beast Statue","Sundial"],"acts_visited":["Exordium","TheCity"],"potions_floor_usage":[21,25,31],"damage_taken":[{"damage":1.0,"enemies":"Cultist","floor":1.0,"turns":3.0},{"damage":8.0,"enemies":"Small Slimes","floor":5.0,"turns":4.0},{"damage":6.0,"enemies":"Jaw Worm","floor":8.0,"turns":4.0},{"damage":13.0,"enemies":"Exordium Thugs","floor":10.0,"turns":6.0},{"damage":3.0,"enemies":"Red Slaver","floor":11.0,"turns":2.0},{"damage":18.0,"enemies":"Lagavulin","floor":14.0,"turns":6.0},{"damage":54.0,"enemies":"Slime Boss","floor":16.0,"turns":10.0},{"damage":32,"enemies":"2 Thieves","floor":18,"turns":5},{"damage":6,"enemies":"Snake Plant","floor":21,"turns":5},{"damage":27,"enemies":"HollowMod:Nosk","floor":23,"turns":11},{"damage":33,"enemies":"Slavers","floor":25,"turns":10},{"damage":32,"enemies":"Sentry and Sphere","floor":29,"turns":10},{"damage":0,"enemies":"Shelled Parasite and Fungi","floor":31,"turns":1},{"damage":71,"enemies":"Automaton","floor":33,"turns":14}],"seed_played":"3914375509266414109","potions_obtained":[{"floor":1.0,"key":"Regen Potion"},{"floor":5.0,"key":"Guardian:BlockOnCardUsePotion"},{"floor":8.0,"key":"SkillPotion"},{"floor":16.0,"key":"LiquidBronze"},{"floor":21,"key":"Ancient Potion"},{"floor":25,"key":"construct:ShiftPotion"},{"floor":29,"key":"SmokeBomb"}],"is_trial":false,"path_per_floor":["M","?","?","?","M","R","$","M","T","M","M","T","R","E","R","B",null,"M","?","?","M","$","E","R","E","T","?","?","M","?","M","R","B"],"character_chosen":"HERMIT","items_purchased":["hermit:Determination","Oddly Smooth Stone"],"campfire_rested":4,"item_purchase_floors":[7,22],"current_hp_per_floor":[81,81,65,65,57,81,81,75,75,62,59,59,82,64,64,25,82,50,77,77,71,71,44,68,47,47,47,47,27,27,39,63,0,0],"gold":180,"neow_bonus":"TEN_PERCENT_HP_BONUS","is_daily":false,"chose_seed":false,"campfire_upgraded":1,"win_rate":0.0,"timestamp":1608634748,"path_taken":["M","?","?","?","M","R","?","M","T","?","M","?","R","E","R","BOSS","M","?","?","M","$","E","R","E","T","?","?","?","?","M","R","BOSS"],"items_purchased_type":["Card","Relic"],"build_version":"2020-12-13","purchased_purges":0,"victory":false,"max_hp_per_floor":[82,82,82,82,82,82,82,82,82,82,82,82,82,82,82,82,82,82,82,82,82,82,82,82,82,82,82,82,82,82,82,82,82,82],"card_choices":[{"not_picked":["hermit:DeadMansHand","hermit:SprayPray"],"picked":"hermit:BigShot","floor":1.0},{"not_picked":["hermit:Desperado","hermit:Combo"],"picked":"hermit:Snipe","floor":5.0},{"not_picked":["hermit:HoleUp","hermit:Desperado"],"picked":"hermit:WideOpen","floor":8.0},{"not_picked":["hermit:Combo","hermit:Ricochet"],"picked":"hermit:PistolWhip","floor":10.0},{"not_picked":["hermit:FullyLoaded","hermit:Roulette"],"picked":"hermit:Manifest","floor":11.0},{"not_picked":["hermit:Headshot","hermit:CalledShot"],"picked":"hermit:Maintenance","floor":14.0},{"not_picked":["hermit:OverwhelmingPower","hermit:Roughhouse"],"picked":"hermit:RoundhouseKick","floor":16.0},{"not_picked":["hermit:Headshot","hermit:BigShot"],"picked":"hermit:Quickdraw","floor":18},{"not_picked":["hermit:Snipe","hermit:ItchyTrigger"],"picked":"hermit:GoldenBullet","floor":21},{"not_picked":["hermit:Deadeye","hermit:LuckOfTheDraw"],"picked":"hermit:GhostlyPresence+1","floor":23},{"not_picked":["hermit:Shortfuse","hermit:Spite"],"picked":"hermit:GhostlyPresence","floor":25},{"not_picked":["hermit:EternalForm","hermit:CalledShot+1"],"picked":"hermit:Horror","floor":29}],"player_experience":652478,"relics_obtained":[{"floor":12.0,"key":"Matryoshka"},{"floor":14.0,"key":"hermit:Horseshoe"},{"floor":23,"key":"Meat on the Bone"},{"floor":25,"key":"HollowMod:StagPassRelic"},{"floor":26,"key":"White Beast Statue"},{"floor":26,"key":"Sundial"}],"event_choices":[{"damage_healed":0.0,"max_hp_gain":0.0,"max_hp_loss":0.0,"gold_gain":0.0,"event_name":"Living Wall","player_choice":"Grow","floor":2.0,"gold_loss":0.0,"damage_taken":0.0,"cards_upgraded":["hermit:Snapshot"]},{"damage_healed":0.0,"max_hp_gain":0.0,"max_hp_loss":0.0,"gold_gain":0.0,"event_name":"Shining Light","player_choice":"Entered Light","floor":3.0,"gold_loss":0.0,"damage_taken":16.0,"cards_upgraded":["hermit:Strike_Hermit","hermit:Strike_Hermit"]},{"damage_healed":0.0,"max_hp_gain":0.0,"max_hp_loss":0.0,"gold_gain":0.0,"event_name":"World of Goop","player_choice":"Left Gold","floor":4.0,"gold_loss":40.0,"damage_taken":0.0},{"damage_healed":27,"gold_gain":0,"player_choice":"Heal","damage_taken":0,"max_hp_gain":0,"max_hp_loss":0,"event_name":"The Library","floor":19,"gold_loss":0},{"damage_healed":0,"gold_gain":0,"player_choice":"Inject Mutagens","damage_taken":0,"relics_obtained":["MutagenicStrength"],"max_hp_gain":0,"max_hp_loss":0,"event_name":"Drug Dealer","floor":20,"gold_loss":0},{"damage_healed":0,"gold_gain":0,"player_choice":"Ignored","damage_taken":0,"max_hp_gain":0,"max_hp_loss":0,"event_name":"Ghosts","floor":27,"gold_loss":0},{"damage_healed":0,"gold_gain":0,"player_choice":"Ignored","damage_taken":0,"max_hp_gain":0,"max_hp_loss":0,"event_name":"NoteForYourself","floor":28,"gold_loss":0},{"damage_healed":0,"gold_gain":0,"player_choice":"Upgraded Two","damage_taken":0,"max_hp_gain":0,"max_hp_loss":0,"event_name":"Designer","floor":30,"gold_loss":40,"cards_upgraded":["hermit:Snipe","hermit:Strike_Hermit"]}],"is_beta":false,"boss_relics":[{"not_picked":["SacredBark","construct:WeddingRing"],"picked":"hermit:ClaspedLocket"}],"items_purged_floors":[],"is_endless":false,"potions_floor_spawned":[1,5,8,16,21,25,29,31],"killed_by":"Automaton","ascension_level":0}}