{"host":"zhypnm5xlgq8j242","time":1608641666,"event":{"mods":["AchievementEnabler","BaseMod","BetterRewards","Colored Powertips","Hermit","Keyboard Shortcuts","Minty Spire (QoL Compilation)","Quick Restart","Replay The Spire","Shop Mod","StSLib","The Cursed","The Hierophant","The Runesmith"],"gold_per_floor":[114,164,174,188,205,205,205],"floor_reached":6,"playtime":191,"items_purged":[],"score":51,"play_id":"527a3bcb-1ac7-455d-ad89-295578dd06a1","local_time":"20201222215426","is_ascension_mode":true,"campfire_choices":[],"circlet_count":0,"master_deck":["Strike_R","Strike_R","Strike_R","Strike_R","Strike_R","Defend_R","Defend_R","Defend_R","Defend_R","Bash","Perfected Strike","ReplayTheSpireMod:Splinters","Evolve","Havoc","Second Wind","Uppercut"],"relics":["Burning Blood","King of Hearts","Potion Belt"],"acts_visited":["Exordium"],"potions_floor_usage":[6],"damage_taken":[{"damage":11,"enemies":"Cultist","floor":1,"turns":4},{"damage":7,"enemies":"Small Slimes","floor":3,"turns":4},{"damage":7,"enemies":"Jaw Worm","floor":4,"turns":3},{"damage":8,"enemies":"Exordium Wildlife","floor":5,"turns":5},{"damage":0,"enemies":"3 Sentries","floor":6,"turns":1}],"seed_played":"7760980143624224462","potions_obtained":[{"floor":2,"key":"GamblersBrew"},{"floor":2,"key":"ColorlessPotion"},{"floor":3,"key":"SneckoOil"},{"floor":4,"key":"Elixir"}],"is_trial":false,"path_per_floor":["M","?","M","M","M","E"],"character_chosen":"IRONCLAD","items_purchased":[],"campfire_rested":0,"item_purchase_floors":[],"current_hp_per_floor":[67,67,66,65,63,63,63],"gold":205,"neow_bonus":"RANDOM_COMMON_RELIC","is_daily":false,"chose_seed":false,"campfire_upgraded":0,"win_rate":0.0,"timestamp":1608641666,"path_taken":["M","?","M","M","M","E"],"items_purchased_type":[],"build_version":"2020-12-13","purchased_purges":0,"victory":false,"max_hp_per_floor":[80,80,80,80,80,80,80],"card_choices":[{"not_picked":["Body Slam","Iron Wave"],"picked":"Perfected Strike","floor":1},{"not_picked":["Sever Soul","Reckless Charge"],"picked":"Evolve","floor":2},{"not_picked":["Shockwave","Clash"],"picked":"Havoc","floor":3},{"not_picked":["Run Through","Evolve"],"picked":"Second Wind","floor":4},{"not_picked":["ReplayReversal","Pommel Strike"],"picked":"Uppercut","floor":5}],"player_experience":605815,"relics_obtained":[{"floor":2,"key":"Potion Belt"}],"event_choices":[],"is_beta":false,"boss_relics":[],"items_purged_floors":[],"is_endless":false,"potions_floor_spawned":[3,4],"killed_by":"3 Sentries","ascension_level":7}}