{"host":"5gc11emcm5chfr5t","time":1608624870,"event":{"mods":["2.2 Compatiblity","AchievementEnabler","BaseMod","Bestiary","Better Note","Colored Map","Colored Powertips","Downfall","Googly Eyes","Minty Spire (QoL Compilation)","Rare Cards Sparkle","StSLib"],"gold_per_floor":[99,374,394,408,428,462,486,336,347,347,357,357,357,1,13,87,87,87,105,105,117,102,128,128,128,142,67,87,100,100,85,105,105,105],"floor_reached":33,"playtime":1422,"items_purged":[],"score":563,"play_id":"3ec43f04-7f78-4ddc-bccb-99277d7654e6","local_time":"20201222031430","is_ascension_mode":true,"campfire_choices":[{"floor":1,"key":"RECALL"},{"floor":8,"key":"REST"},{"floor":10,"key":"REST"},{"data":"expansioncontent:CaCaw","floor":18,"key":"SMITH"},{"floor":27,"key":"REST"},{"floor":30,"key":"REST"}],"circlet_count":0,"master_deck":["AscendersBane","sneckomod:Defend","sneckomod:TailWhip","sneckomod:SnekBite","sneckomod:Unknown","sneckomod:Unknown","sneckomod:CheapStock+1","sneckomod:UnknownClassTHE_CHAMP_GRAY+1","sneckomod:UnknownClassTHE_CHAMP_GRAY+1","sneckomod:QuickBite","sneckomod:UnknownEthereal","sneckomod:ImprovisedAttack","sneckomod:Unknown3Cost","sneckomod:ImprovisedAttack","sneckomod:SnakeSap","sneckomod:UnknownCommonSkill","sneckomod:MorePower+1","expansioncontent:CaCaw+1","sneckomod:SlitherStrike","sneckomod:UnknownColorless+1","sneckomod:Unknown1Cost","sneckomod:UnknownColorless+1","sneckomod:Unknown3Cost","sneckomod:UnknownUncommonAttack+1","sneckomod:QuickMove+1","sneckomod:Bewildered","sneckomod:UnknownStrength+1","sneckomod:WideSting","sneckomod:UnknownColorless+1","sneckomod:UnknownClassGREEN","sneckomod:UnknownUncommonPower+1","sneckomod:Rotation","Slimebound:Tackle+1","Slimebound:Tackle+1","Slimebound:Tackle+1","sneckomod:SnekBeam","sneckomod:SerpentIdol","sneckomod:UnknownClassPURPLE","sneckomod:Unknown0Cost","sneckomod:IronFang+1"],"relics":["Astrolabe","Orichalcum","Happy Flower","downfall:HeartBlessingRed","downfall:HeartBlessingGreen","Bronze Scales","Black Star","sneckomod:BabySnecko","Pear","Juzu Bracelet","downfall:HeartBlessingBlue"],"acts_visited":["Exordium","TheCity"],"potions_floor_usage":[6,6,14,19,26,28,29,33],"damage_taken":[{"damage":28,"enemies":"Small Slimes","floor":3,"turns":4},{"damage":1,"enemies":"Cultist","floor":4,"turns":3},{"damage":8,"enemies":"Jaw Worm","floor":5,"turns":2},{"damage":37,"enemies":"Lagavulin","floor":6,"turns":4},{"damage":5,"enemies":"Large Slime","floor":9,"turns":3},{"damage":0,"enemies":"3 Louse","floor":11,"turns":2},{"damage":4,"enemies":"downfall:FleeingMerchant","floor":14,"turns":4},{"damage":8,"enemies":"Exordium Wildlife","floor":15,"turns":3},{"damage":20,"enemies":"downfall:Silent","floor":16,"turns":6},{"damage":0,"enemies":"Chosen","floor":19,"turns":5},{"damage":11,"enemies":"3 Cultists","floor":21,"turns":4},{"damage":13,"enemies":"downfall:FleeingMerchant","floor":22,"turns":4},{"damage":39,"enemies":"Gremlin Leader","floor":23,"turns":6},{"damage":18,"enemies":"Snake Plant","floor":26,"turns":2},{"damage":20,"enemies":"Cultist and Chosen","floor":28,"turns":6},{"damage":12,"enemies":"Centurion and Healer","floor":29,"turns":5},{"damage":6,"enemies":"downfall:FleeingMerchant","floor":31,"turns":4},{"damage":32,"enemies":"Shelled Parasite and Fungi","floor":32,"turns":5},{"damage":12,"enemies":"downfall:Defect","floor":33,"turns":3}],"seed_played":"1369451334849613752","potions_obtained":[{"floor":4,"key":"Block Potion"},{"floor":5,"key":"SteroidPotion"},{"floor":11,"key":"LiquidBronze"},{"floor":16,"key":"ColorlessPotion"},{"floor":23,"key":"SneckoOil"},{"floor":26,"key":"Guardian:BlockOnCardUsePotion"},{"floor":28,"key":"EssenceOfSteel"},{"floor":32,"key":"CultistPotion"}],"is_trial":false,"path_per_floor":["R","?","M","M","M","E","T","R","M","R","M","?","?","$","M","B",null,"R","M","?","M","$","E","T","?","M","R","M","M","R","$","M","B"],"character_chosen":"THE_SNECKO","items_purchased":["expansioncontent:CaCaw","Bronze Scales","sneckomod:SlitherStrike"],"campfire_rested":4,"item_purchase_floors":[14,14,14],"current_hp_per_floor":[75,75,47,46,46,9,9,33,28,52,52,52,52,48,52,32,70,70,76,76,65,54,25,25,25,7,47,27,17,47,41,9,0,0],"gold":105,"neow_bonus":"BOSS_RELIC","is_daily":false,"chose_seed":false,"campfire_upgraded":1,"win_rate":0.0,"timestamp":1608624870,"path_taken":["R","?","M","M","M","E","T","R","?","R","M","?","?","$","M","BOSS","R","M","?","M","$","E","T","?","M","R","M","M","R","?","M","BOSS"],"items_purchased_type":["Card","Relic","Card"],"build_version":"2020-12-13","purchased_purges":0,"victory":false,"max_hp_per_floor":[83,83,83,83,83,83,83,83,83,83,83,83,83,83,83,83,83,83,83,83,83,83,93,93,93,93,103,103,103,103,103,103,103,103],"card_choices":[{"not_picked":["sneckomod:SnekBeam","sneckomod:Unknown1Cost"],"picked":"sneckomod:QuickBite","floor":3},{"not_picked":["sneckomod:UnknownVulnerable","sneckomod:UnknownClassPURPLE"],"picked":"sneckomod:UnknownEthereal","floor":4},{"not_picked":["sneckomod:Nope","sneckomod:UnknownClassSLIMEBOUND"],"picked":"sneckomod:ImprovisedAttack","floor":5},{"not_picked":["sneckomod:Nope","sneckomod:WideSting"],"picked":"sneckomod:Unknown3Cost","floor":6},{"not_picked":["sneckomod:IronFang","sneckomod:UnknownCommonSkill"],"picked":"sneckomod:ImprovisedAttack","floor":9},{"not_picked":["sneckomod:UnknownStrike","sneckomod:IronFang"],"picked":"sneckomod:SnakeSap","floor":11},{"not_picked":["sneckomod:IronFang","sneckomod:UnknownCommonAttack"],"picked":"sneckomod:MorePower","floor":14},{"not_picked":["sneckomod:UnknownEthereal+1","sneckomod:UnknownRareAttack+1"],"picked":"sneckomod:UnknownColorless+1","floor":15},{"not_picked":["sneckomod:RainOfDice","sneckomod:SoulDraw"],"picked":"sneckomod:Unknown1Cost","floor":15},{"not_picked":["sneckomod:UnknownClassBLUE+1","sneckomod:Unknown3Cost+1"],"picked":"sneckomod:UnknownColorless+1","floor":16},{"not_picked":["sneckomod:UnknownRareSkill","sneckomod:Mudshield"],"picked":"sneckomod:Unknown3Cost","floor":16},{"not_picked":["sneckomod:UnknownUncommonSkill+1","sneckomod:UnknownClassHEXA_GHOST_PURPLE+1"],"picked":"sneckomod:UnknownUncommonAttack+1","floor":19},{"not_picked":["sneckomod:MasterEye","sneckomod:UnknownClassTHE_CHAMP_GRAY+1"],"picked":"sneckomod:QuickMove","floor":19},{"not_picked":["sneckomod:Unknown1Cost+1","sneckomod:UnknownWeak+1"],"picked":"sneckomod:UnknownStrength+1","floor":21},{"not_picked":["sneckomod:SerpentMind","sneckomod:UnknownX"],"picked":"sneckomod:WideSting","floor":21},{"not_picked":["sneckomod:UnknownStrike+1","sneckomod:UnknownCommonSkill+1"],"picked":"sneckomod:UnknownColorless+1","floor":22},{"not_picked":["sneckomod:UnknownVulnerable","sneckomod:UnknownStrike"],"picked":"sneckomod:UnknownClassGREEN","floor":22},{"not_picked":["sneckomod:Unknown1Cost+1","sneckomod:UnknownClassSLIMEBOUND+1"],"picked":"sneckomod:UnknownUncommonPower+1","floor":23},{"not_picked":["sneckomod:DiceBlock+1","sneckomod:DiceCrush+1"],"picked":"sneckomod:Rotation","floor":23},{"not_picked":["sneckomod:IronFang+1","sneckomod:UnknownClassGUARDIAN"],"picked":"sneckomod:SnekBeam","floor":26},{"not_picked":["sneckomod:WideSting","sneckomod:UnknownStrike"],"picked":"sneckomod:SerpentIdol","floor":28},{"not_picked":["sneckomod:UnknownExhaust","sneckomod:ImprovisedGuard"],"picked":"sneckomod:UnknownClassPURPLE","floor":29},{"not_picked":["sneckomod:UnknownClassBLUE","sneckomod:UnknownClassGREEN"],"picked":"sneckomod:Unknown0Cost","floor":31},{"not_picked":["sneckomod:Rotation+1","sneckomod:UnknownClassGUARDIAN"],"picked":"sneckomod:IronFang+1","floor":32}],"player_experience":472745,"relics_obtained":[{"floor":6,"key":"Orichalcum"},{"floor":7,"key":"Happy Flower"},{"floor":23,"key":"Pear"},{"floor":23,"key":"Juzu Bracelet"}],"event_choices":[{"cards_removed":["Regret"],"damage_healed":0,"gold_gain":0,"player_choice":"Card Removal","damage_taken":0,"max_hp_gain":0,"max_hp_loss":0,"event_name":"The Cleric","floor":12,"gold_loss":0},{"damage_healed":0,"gold_gain":0,"cards_transformed":["sneckomod:Defend"],"player_choice":"Change","damage_taken":0,"max_hp_gain":0,"max_hp_loss":0,"event_name":"Living Wall","floor":13,"gold_loss":0,"cards_obtained":["sneckomod:UnknownCommonSkill"]}],"is_beta":false,"boss_relics":[{"not_picked":["Tiny House","Runic Dome"],"picked":"Black Star"}],"items_purged_floors":[],"is_endless":false,"potions_floor_spawned":[4,5,11,16,26,28,32],"killed_by":"downfall:Defect","ascension_level":20}}