{"host":"8g24zuco0epbjwbo","time":1608676747,"event":{"mods":["BaseMod","Downfall","Minty Spire (QoL Compilation)","Relic Stats","StSLib"],"gold_per_floor":[99,99,99,99,159,194,194,50,50,61,73,99,24,24,42,42,42,42],"floor_reached":16,"playtime":539,"items_purged":["Regret"],"score":138,"play_id":"37298d77-acde-49ad-857f-4ab2d3330769","local_time":"20201222173907","is_ascension_mode":true,"campfire_choices":[{"floor":1,"key":"RECALL"},{"data":"champ:HeavySlash","floor":9,"key":"SMITH"},{"data":"champ:RecklessLeap","floor":13,"key":"SMITH"}],"circlet_count":0,"master_deck":["champ:Strike","champ:Strike+1","champ:Strike","champ:Strike","champ:Defend","champ:Defend+1","champ:Defend","champ:Defend","champ:Execute","champ:Taunt","champ:FanOfKnives","champ:TornadoPunch","champ:HeavySlash+1","champ:SkillfulDodge","champ:GladiatorsShout+1","champ:ShieldSigil","champ:CrookedStrike","champ:BladeFlurry","champ:RecklessLeap+1","Regret","champ:MurderStrike"],"relics":["champ:ChampionCrown","downfall:HeartsMalice","Matryoshka","champ:FightingForDummies","Nunchaku","Pear","StrikeDummy","Oddly Smooth Stone","downfall:HeartBlessingRed"],"acts_visited":["Exordium"],"potions_floor_usage":[],"damage_taken":[{"damage":0,"enemies":"2 Louse","floor":2,"turns":1},{"damage":0,"enemies":"Jaw Worm","floor":4,"turns":1},{"damage":0,"enemies":"Gremlin Nob","floor":5,"turns":1},{"damage":53,"enemies":"Lagavulin","floor":6,"turns":7},{"damage":9,"enemies":"downfall:FleeingMerchant","floor":8,"turns":4},{"damage":5,"enemies":"Small Slimes","floor":10,"turns":3},{"damage":21,"enemies":"Large Slime","floor":11,"turns":7},{"damage":10,"enemies":"3 Sentries","floor":12,"turns":6},{"damage":9,"enemies":"3 Louse","floor":15,"turns":2},{"damage":37,"enemies":"downfall:Defect","floor":16,"turns":4}],"seed_played":"2612480563015654471","potions_obtained":[{"floor":5,"key":"SmokeBomb"},{"floor":10,"key":"SpeedPotion"},{"floor":12,"key":"Weak Potion"},{"floor":15,"key":"DuplicationPotion"}],"is_trial":false,"path_per_floor":["R","M","?","M","?","E","T","$","R","M","M","E","R","?","M","B"],"character_chosen":"THE_CHAMP","items_purchased":["champ:ShieldSigil"],"campfire_rested":0,"item_purchase_floors":[8],"current_hp_per_floor":[90,90,90,90,90,47,57,53,53,53,46,46,46,46,37,0,0,0],"gold":42,"neow_bonus":"THREE_ENEMY_KILL","is_daily":false,"chose_seed":false,"campfire_upgraded":2,"win_rate":0.0,"timestamp":1608676747,"path_taken":["R","M","?","M","?","E","T","?","R","M","?","E","R","?","M","BOSS"],"items_purchased_type":["Card"],"build_version":"2020-12-13","purchased_purges":1,"victory":false,"max_hp_per_floor":[90,90,90,90,90,90,100,100,100,100,100,100,100,100,100,100,100,100],"relic_stats":{"Nunchaku":[3],"counters":[10,33],"obtain_stats":[{"Nunchaku":6,"Matryoshka":3,"Pear":7,"downfall:HeartBlessingRed":13,"Oddly Smooth Stone":12,"champ:ChampionCrown":0,"downfall:HeartsMalice":0,"champ:FightingForDummies":5,"StrikeDummy":7},{"Nunchaku":4,"Matryoshka":1,"Pear":4,"downfall:HeartBlessingRed":8,"Oddly Smooth Stone":8,"champ:ChampionCrown":0,"downfall:HeartsMalice":0,"champ:FightingForDummies":3,"StrikeDummy":4},{"Nunchaku":7,"Matryoshka":0,"Pear":7,"downfall:HeartBlessingRed":27,"Oddly Smooth Stone":27,"champ:ChampionCrown":0,"downfall:HeartsMalice":0,"champ:FightingForDummies":0,"StrikeDummy":7}]},"card_choices":[{"not_picked":["champ:BerserkersShout","champ:StanceDance"],"picked":"champ:FanOfKnives","floor":2},{"not_picked":["champ:EnragedBash","champ:HeartStrike"],"picked":"champ:TornadoPunch","floor":4},{"not_picked":["champ:BringItOn","champ:Backstep"],"picked":"champ:HeavySlash","floor":5},{"not_picked":["champ:BerserkersShout","champ:Backstep"],"picked":"champ:SkillfulDodge","floor":6},{"not_picked":["champ:StanceDance","champ:DefensiveShout"],"picked":"champ:GladiatorsShout","floor":8},{"not_picked":["champ:GladiatorsShout","champ:EnGarde"],"picked":"champ:CrookedStrike","floor":10},{"not_picked":["champ:Circumvent","champ:Haymaker"],"picked":"champ:BladeFlurry","floor":11},{"not_picked":["champ:EndlessRage","champ:DefensiveShout"],"picked":"champ:RecklessLeap","floor":12},{"not_picked":["champ:DefensiveShout","champ:AdrenalArmor"],"picked":"champ:MurderStrike","floor":15}],"player_experience":432719,"relics_obtained":[{"floor":5,"key":"champ:FightingForDummies"},{"floor":6,"key":"Nunchaku"},{"floor":7,"key":"Pear"},{"floor":7,"key":"StrikeDummy"},{"floor":12,"key":"Oddly Smooth Stone"}],"event_choices":[{"damage_healed":0,"gold_gain":0,"player_choice":"Box","damage_taken":0,"relics_obtained":["Matryoshka"],"max_hp_gain":0,"max_hp_loss":0,"event_name":"Big Fish","floor":3,"gold_loss":0,"cards_obtained":["Regret"]}],"is_beta":false,"boss_relics":[],"items_purged_floors":[8],"is_endless":false,"potions_floor_spawned":[5,10,12,15],"killed_by":"downfall:Defect","ascension_level":1}}