{"host":"njruw0b0uprlitpx","time":1608604945,"event":{"mods":["2.2 Compatiblity","Astrologer","Bartender","BaseMod","Better Altar","Better Match","Better Note","Better Sensory Stone","Better Skull","Better Third Choice","BetterRewards","Block Reminder","Colored Map","Colored Powertips","Jedi Mod","Keyboard Shortcuts","Magitek Elite","Minty Spire (QoL Compilation)","Quick Restart","Relic Stats","Replay The Spire","SacredBarkPlus","Spicy Shops","StSLib","SuperFastMode","The Bug Knight","The Mystic"],"gold_per_floor":[114,114,348,348,273,273,273,273,273,273,273,23,23,0,0,0,0,0,0,0,0,0,7,26,64,139,158,196,196,234,253,253,378,378,397,397,416,416,454,454,454],"floor_reached":40,"playtime":3317,"items_purged":["Replay:Hysterical Blindness","jedi:RedIncense"],"score":594,"play_id":"a11cf401-b785-47bc-bf7d-3bb09b868ed4","local_time":"20201221204225","daily_mods":["Allstar","Purple Cards","DeadlyEvents"],"is_ascension_mode":false,"campfire_choices":[{"floor":13.0,"key":"REST"},{"floor":15.0,"key":"REST"},{"floor":29.0,"key":"REST"},{"floor":32.0,"key":"REST"}],"circlet_count":0,"master_deck":["astrologer:Strike","astrologer:Strike","astrologer:Strike","astrologer:Defend","astrologer:Defend","astrologer:Defend","astrologer:NorthStar","astrologer:TheFool","Replay:BasicMightCard","Dark Shackles","jedi:cleanse","Apotheosis","astrologer:MeteorShower","astrologer:CosmicExpanse","astrologer:Radiance","astrologer:Radiance","astrologer:TheTower","astrologer:Fate+1","astrologer:Strength","astrologer:StarOfRegret","astrologer:Stardust","astrologer:Radiance","astrologer:DarkMatter","astrologer:Starfield","astrologer:Temperance","astrologer:TheEmpress","astrologer:Radiance","astrologer:Judgement","astrologer:TheHermit","astrologer:Premeditation","astrologer:Nova","astrologer:Shine+1","astrologer:Shine","astrologer:TheMoon","astrologer:HeatDeath","Madness","Madness","astrologer:FadingStar+1","astrologer:SolarFlare+1"],"relics":["astrologer:SkyMirror","Golden Idol","jedi:ominousloannote","ReplayTheSpireMod:CursedCoin","Thread and Needle","jedi:archwizardhat","Art of War","HollowMod:JonisBlessing","Philosopher\u0027s Stone","Gremlin Horn","Mythril_Glove","Pen Nib","Kunai","Bag of Marbles","Replay:Arrowhead","Busted Crown","Nunchaku"],"acts_visited":["Exordium","TheCity","TheBeyond"],"potions_floor_usage":[39,40],"damage_taken":[{"damage":0.0,"enemies":"Jaw Worm","floor":1.0,"turns":4.0},{"damage":0.0,"enemies":"2 Louse","floor":4.0,"turns":2.0},{"damage":29.0,"enemies":"Lagavulin","floor":6.0,"turns":6.0},{"damage":0.0,"enemies":"Cultist","floor":7.0,"turns":4.0},{"damage":0.0,"enemies":"2 Fungi Beasts","floor":10.0,"turns":3.0},{"damage":0.0,"enemies":"3 Louse","floor":11.0,"turns":2.0},{"damage":0.0,"enemies":"Looter","floor":14.0,"turns":3.0},{"damage":0.0,"enemies":"Hexaghost","floor":16.0,"turns":8.0},{"damage":0.0,"enemies":"Shell Parasite","floor":18.0,"turns":4.0},{"damage":23.0,"enemies":"Slavers","floor":23.0,"turns":5.0},{"damage":0.0,"enemies":"3 Byrds","floor":24.0,"turns":6.0},{"damage":11.0,"enemies":"Gremlin Leader","floor":25.0,"turns":6.0},{"damage":0.0,"enemies":"Centurion and Healer","floor":27.0,"turns":6.0},{"damage":30.0,"enemies":"Slavers","floor":28.0,"turns":6.0},{"damage":1.0,"enemies":"Book of Stabbing","floor":30.0,"turns":4.0},{"damage":13.0,"enemies":"Snake Plant","floor":31.0,"turns":7.0},{"damage":2,"enemies":"Champ","floor":33,"turns":12},{"damage":0,"enemies":"Orb Walker","floor":35,"turns":4},{"damage":0,"enemies":"3 Shapes","floor":37,"turns":5},{"damage":7,"enemies":"Reptomancer","floor":39,"turns":4},{"damage":56,"enemies":"Nemesis","floor":40,"turns":4}],"seed_played":"-7682526130134428503","potions_obtained":[{"floor":10.0,"key":"Block Potion"},{"floor":14.0,"key":"Weak Potion"},{"floor":16.0,"key":"Energy Potion"},{"floor":23.0,"key":"SkillPotion"},{"floor":27.0,"key":"jedi:tentaclejuice"},{"floor":28.0,"key":"Elixir"},{"floor":33,"key":"DistilledChaos"},{"floor":35,"key":"Venom Potion"}],"is_trial":false,"path_per_floor":["M","?","$","M","?","E","M","T","T","M","M","$","R","M","R","B",null,"M","$","?","?","T","E","M","E","T","M","E","R","E","M","R","B",null,"M","?","M","?","E","E"],"character_chosen":"ASTROLOGER","items_purchased":["jedi:ominousloannote","astrologer:CosmicExpanse","astrologer:Radiance","ReplayTheSpireMod:CursedCoin","HollowMod:JonisBlessing"],"campfire_rested":4,"item_purchase_floors":[3,3,3,3,12],"current_hp_per_floor":[70,53,53,53,53,24,24,24,24,24,24,24,45,45,66,66,70,70,70,70,70,70,47,47,36,36,36,6,27,26,13,34,32,70,70,61,61,61,54,0,0],"gold":454,"neow_bonus":"","is_daily":true,"chose_seed":false,"campfire_upgraded":0,"win_rate":0.0,"timestamp":1608604945,"path_taken":["M","?","$","M","?","E","M","?","T","M","M","$","R","M","R","BOSS","M","$","?","?","?","E","M","?","T","M","E","R","?","M","R","BOSS","M","?","?","?","?","E"],"items_purchased_type":["Relic","Card","Card","Relic","Relic"],"build_version":"2020-12-13","purchased_purges":2,"victory":false,"max_hp_per_floor":[70,70,70,70,70,70,70,70,70,70,70,70,70,70,70,70,70,70,70,70,70,70,70,70,70,70,70,70,70,70,70,70,70,70,70,70,70,70,70,70,70],"relic_stats":{"Nunchaku":[1],"Busted Crown":6,"Gremlin Horn":[18,18],"counters":[21,105],"Golden Idol":142,"Pen Nib":[9],"Art of War":[7],"Kunai":[17],"obtain_stats":[{"Gremlin Horn":22,"Golden Idol":2,"ReplayTheSpireMod:CursedCoin":3,"HollowMod:JonisBlessing":12,"Thread and Needle":6,"Pen Nib":25,"Mythril_Glove":23,"jedi:archwizardhat":8,"Replay:Arrowhead":30,"Nunchaku":39,"Busted Crown":34,"jedi:ominousloannote":3,"Philosopher\u0027s Stone":17,"astrologer:SkyMirror":0,"Art of War":9,"Bag of Marbles":28,"Kunai":26},{"Gremlin Horn":9,"Golden Idol":1,"ReplayTheSpireMod:CursedCoin":1,"HollowMod:JonisBlessing":6,"Thread and Needle":3,"Pen Nib":12,"Mythril_Glove":10,"jedi:archwizardhat":4,"Replay:Arrowhead":15,"Nunchaku":20,"Busted Crown":17,"jedi:ominousloannote":1,"Philosopher\u0027s Stone":8,"astrologer:SkyMirror":0,"Art of War":4,"Bag of Marbles":14,"Kunai":12},{"Gremlin Horn":36,"Golden Idol":4,"ReplayTheSpireMod:CursedCoin":4,"HollowMod:JonisBlessing":21,"Thread and Needle":12,"Pen Nib":53,"Mythril_Glove":41,"jedi:archwizardhat":16,"Replay:Arrowhead":69,"Nunchaku":101,"Busted Crown":88,"jedi:ominousloannote":4,"Philosopher\u0027s Stone":32,"astrologer:SkyMirror":0,"Art of War":16,"Bag of Marbles":65,"Kunai":53}]},"card_choices":[{"not_picked":["astrologer:Justice","astrologer:TheTower"],"picked":"astrologer:MeteorShower","floor":1.0},{"not_picked":["astrologer:SpaceDust","astrologer:TheMoon"],"picked":"astrologer:TheTower","floor":4.0},{"not_picked":["astrologer:TheSun+1","astrologer:Premonition+1"],"picked":"astrologer:Fate+1","floor":5.0},{"not_picked":["astrologer:Prismatic","astrologer:Moonlight"],"picked":"astrologer:Strength","floor":6.0},{"not_picked":["astrologer:Stardust","astrologer:SpaceDust"],"picked":"astrologer:StarOfRegret","floor":7.0},{"not_picked":["astrologer:SpaceDust","astrologer:FrozenStar"],"picked":"astrologer:Stardust","floor":10.0},{"not_picked":["astrologer:SpaceDust","astrologer:Stardust"],"picked":"astrologer:Radiance","floor":11.0},{"not_picked":["astrologer:Temperance","astrologer:Still"],"picked":"astrologer:DarkMatter","floor":14.0},{"not_picked":["astrologer:DarkMatter","astrologer:Alignment"],"picked":"astrologer:Starfield","floor":16.0},{"not_picked":["astrologer:Conjunction","astrologer:Stardust+1"],"picked":"astrologer:Temperance","floor":18.0},{"not_picked":["astrologer:StarOfCourage","astrologer:MeteorShower"],"picked":"astrologer:TheHermit","floor":23.0},{"not_picked":["astrologer:MeteorShower+1","astrologer:ReadTheStars"],"picked":"astrologer:Premeditation","floor":24.0},{"not_picked":["astrologer:StarOfCourage+1","astrologer:CometStrike"],"picked":"astrologer:Nova","floor":25.0},{"not_picked":["astrologer:Novile+1","astrologer:TheTower"],"picked":"astrologer:Shine+1","floor":27.0},{"not_picked":["astrologer:Opposition","astrologer:MeteorShower"],"picked":"astrologer:Shine","floor":28.0},{"not_picked":["astrologer:SpaceDust","astrologer:FrozenStar","astrologer:Radiance"],"picked":"SKIP","floor":30.0},{"not_picked":["astrologer:TheTower","astrologer:Judgement"],"picked":"astrologer:TheMoon","floor":31.0},{"not_picked":["astrologer:BlackHole","astrologer:RejectReality"],"picked":"astrologer:HeatDeath","floor":33},{"not_picked":["astrologer:FrozenStar+1"],"picked":"SKIP","floor":35},{"not_picked":[],"picked":"astrologer:FadingStar+1","floor":37},{"not_picked":[],"picked":"astrologer:SolarFlare+1","floor":39}],"player_experience":1427803,"relics_obtained":[{"floor":6.0,"key":"Thread and Needle"},{"floor":8.0,"key":"jedi:archwizardhat"},{"floor":9.0,"key":"Art of War"},{"floor":22.0,"key":"Gremlin Horn"},{"floor":23.0,"key":"Mythril_Glove"},{"floor":25.0,"key":"Pen Nib"},{"floor":26.0,"key":"Kunai"},{"floor":28.0,"key":"Bag of Marbles"},{"floor":30.0,"key":"Replay:Arrowhead"},{"floor":39,"key":"Nunchaku"}],"event_choices":[{"damage_healed":0.0,"max_hp_gain":0.0,"max_hp_loss":0.0,"gold_gain":0.0,"event_name":"Golden Idol","player_choice":"Take Damage","floor":2.0,"gold_loss":0.0,"damage_taken":17.0,"relics_obtained":["Golden Idol"]},{"damage_healed":0.0,"max_hp_gain":0.0,"max_hp_loss":0.0,"gold_gain":0.0,"event_name":"betterMatch:BetterMatch","player_choice":"2","floor":5.0,"gold_loss":0.0,"damage_taken":0.0,"cards_obtained":["betterMatch:RareCard"]},{"damage_healed":0.0,"max_hp_gain":0.0,"max_hp_loss":0.0,"gold_gain":0.0,"cards_transformed":["astrologer:Strike","astrologer:Defend"],"event_name":"Drug Dealer","player_choice":"Became Test Subject","floor":20.0,"gold_loss":0.0,"damage_taken":0.0,"cards_obtained":["astrologer:TheEmpress","astrologer:Radiance"]},{"damage_healed":0.0,"max_hp_gain":0.0,"max_hp_loss":0.0,"gold_gain":0.0,"event_name":"The Library","player_choice":"Read","floor":21.0,"gold_loss":0.0,"damage_taken":0.0,"cards_obtained":["astrologer:Judgement"]},{"damage_healed":0,"gold_gain":0,"player_choice":"Embrace Madness","damage_taken":9,"max_hp_gain":0,"max_hp_loss":0,"event_name":"Winding Halls","floor":36,"gold_loss":0,"cards_obtained":["Madness","Madness"]},{"damage_healed":0,"gold_gain":0,"player_choice":"Cursed","damage_taken":0,"max_hp_gain":0,"max_hp_loss":0,"event_name":"Wheel of Change","floor":38,"gold_loss":0,"cards_obtained":["Decay"]}],"is_beta":false,"boss_relics":[{"not_picked":["Replay:Wanted Poster","Kintsugi"],"picked":"Philosopher\u0027s Stone"},{"not_picked":["Calling Bell","Silver_Glasses"],"picked":"Busted Crown"}],"items_purged_floors":[3,12],"is_endless":false,"potions_floor_spawned":[10,14,16,23,27,28,33,35],"killed_by":"Nemesis","ascension_level":0}}