{"host":"fdzt26oh6i4vaxrk","time":1608648882,"event":{"mods":["BaseMod","Colored Map","Minty Spire (QoL Compilation)"],"gold_per_floor":[113,123,139,155,181,216,216,84,84,84,110,110,121,136,136,136,136],"floor_reached":16,"playtime":1145,"items_purged":["Strike_B"],"score":213,"play_id":"6ef96f12-0bae-496d-9e91-ad358a0b4d51","local_time":"20201222155442","is_ascension_mode":true,"campfire_choices":[{"floor":7,"key":"REST"},{"floor":10,"key":"REST"},{"floor":12,"key":"REST"},{"floor":15,"key":"REST"}],"circlet_count":0,"master_deck":["AscendersBane","Strike_B","Strike_B","Strike_B","Defend_B","Defend_B","Defend_B","Defend_B","Zap","Dualcast","Sweeping Beam","Hologram","Lockon","Steam","Hologram","White Noise","Stack","Hello World"],"relics":["Cracked Core","Art of War","Tiny Chest","Shuriken"],"acts_visited":["Exordium"],"potions_floor_usage":[11,14,16],"damage_taken":[{"damage":1.0,"enemies":"Cultist","floor":1.0,"turns":3.0},{"damage":4.0,"enemies":"Jaw Worm","floor":2.0,"turns":5.0},{"damage":5,"enemies":"Small Slimes","floor":3,"turns":3},{"damage":6,"enemies":"3 Louse","floor":4,"turns":3},{"damage":31,"enemies":"3 Sentries","floor":6,"turns":8},{"damage":30,"enemies":"Lagavulin","floor":11,"turns":6},{"damage":7,"enemies":"Large Slime","floor":13,"turns":2},{"damage":5,"enemies":"Blue Slaver","floor":14,"turns":3},{"damage":59,"enemies":"Hexaghost","floor":16,"turns":11}],"seed_played":"387509277890836430","potions_obtained":[{"floor":6,"key":"Energy Potion"},{"floor":11,"key":"Explosive Potion"},{"floor":13,"key":"ColorlessPotion"}],"is_trial":false,"path_per_floor":["M","M","M","M","T","E","R","$","T","R","E","R","M","M","R","B"],"character_chosen":"DEFECT","items_purchased":["AttackPotion"],"campfire_rested":4,"item_purchase_floors":[8],"current_hp_per_floor":[63,59,54,48,48,17,38,38,38,59,29,50,43,38,59,0,0],"gold":136,"neow_bonus":"THREE_CARDS","is_daily":false,"chose_seed":false,"campfire_upgraded":0,"win_rate":0.0,"timestamp":1608648882,"path_taken":["M","M","M","M","?","E","R","$","T","R","E","R","?","M","R","BOSS"],"items_purchased_type":["Potion"],"build_version":"2020-12-13","purchased_purges":1,"victory":false,"max_hp_per_floor":[71,71,71,71,71,71,71,71,71,71,71,71,71,71,71,71,71],"card_choices":[{"not_picked":["Gash","Aggregate"],"picked":"Sweeping Beam","floor":0.0},{"not_picked":["Coolheaded","Barrage"],"picked":"Hologram","floor":1.0},{"not_picked":["Gash","Redo"],"picked":"Lockon","floor":2.0},{"not_picked":["Recycle","Ball Lightning"],"picked":"Steam","floor":3},{"not_picked":["Recycle","Beam Cell"],"picked":"Hologram","floor":4},{"not_picked":["Steam Power","Turbo"],"picked":"White Noise","floor":6},{"not_picked":["Storm","Steam"],"picked":"Stack","floor":11},{"not_picked":["Compile Driver","Defragment"],"picked":"Hello World","floor":13},{"not_picked":["Fusion","Thunder Strike","Beam Cell"],"picked":"SKIP","floor":14}],"player_experience":546574,"relics_obtained":[{"floor":5,"key":"Art of War"},{"floor":6,"key":"Tiny Chest"},{"floor":11,"key":"Shuriken"}],"event_choices":[],"is_beta":false,"boss_relics":[],"items_purged_floors":[8],"is_endless":false,"potions_floor_spawned":[6,11,13],"killed_by":"Hexaghost","ascension_level":18}}