{"host":"fqbvzz8m91xtcrjw","time":1608629169,"event":{"mods":["BaseMod","Better Third Choice","BetterRewards","Displayed Cursed Tome","Downfall","Hermit","Highlight Path","JesterMod","Marisa????????","Minty Spire (QoL Compilation)","READ ME - Snecko Mod","Replay The Spire","Shade Mod","Spicy Shops","StSLib","The Construct","The Cursed","The Hierophant","The Runesmith","The Servant 0.9.4"],"gold_per_floor":[115,290,69,83,158,158,193,193,193,204,204,204,239,258,258,389,389,407,426,426,426,26,26,57,128,155,155,174,217,217,129,129,258,258,276,297,297,50,75,75,75,75,75,2,63,76,76,76,76,205,205,205,205],"floor_reached":52,"playtime":1340,"items_purged":["Doubt","Clumsy"],"score":917,"play_id":"12968191-579b-4153-8664-b68e57bbb22a","local_time":"20201222012609","daily_mods":["SealedDeck"],"is_ascension_mode":false,"campfire_choices":[{"data":"Storm","floor":6,"key":"SMITH"},{"data":"White Noise","floor":8,"key":"SMITH"},{"data":"Fission","floor":11,"key":"SMITH"},{"data":"Loop","floor":15,"key":"SMITH"},{"data":"Self Repair","floor":23,"key":"SMITH"},{"data":"Static Discharge","floor":27,"key":"SMITH"},{"data":"ReplayTheSpireMod:Fabricate Wheel","floor":32,"key":"SMITH"},{"data":"Amplify","floor":40,"key":"SMITH"},{"data":"Redo","floor":42,"key":"SMITH"},{"floor":49,"key":"DIG"}],"circlet_count":0,"master_deck":["Redo+1","Steam","Hologram","Steam","Force Field+1","Heatsinks","White Noise+1","Static Discharge+1","Loop+1","Ball Lightning+1","Storm+1","Ball Lightning","Fission+1","Injury","Ball Lightning","Ball Lightning+1","Core Surge+1","Self Repair+1","Pot Of Greed","Amplify+1","Steam","Seek","Ball Lightning","Pot Of Greed","Self Repair+1","Capacitor+1","Consume","Buffer"],"relics":["Cracked Core","DataDisk","sneckomod:BlankCard","Iron Hammer","Golden Idol","Replay:Antivirus Software","expansioncontent:StudyCardRelic","Enchiridion","Guardian:PocketSentry","Guide Book","Whetstone","Blue Candle","Grinning Jar","Bag of Preparation","Juzu Bracelet","Prayer Wheel","sneckomod:SneckoTalon","Orrery","Ornamental Fan","Orichalcum","Dream Catcher"],"acts_visited":["Exordium","TheCity","TheBeyond","Exordium"],"potions_floor_usage":[16,16,16,29],"damage_taken":[{"damage":0,"enemies":"Small Slimes","floor":1,"turns":3},{"damage":0,"enemies":"Jaw Worm","floor":4,"turns":3},{"damage":0,"enemies":"Lagavulin","floor":7,"turns":4},{"damage":0,"enemies":"2 Louse","floor":10,"turns":2},{"damage":0,"enemies":"Gremlin Nob","floor":13,"turns":2},{"damage":0,"enemies":"Blue Slaver","floor":14,"turns":1},{"damage":0,"enemies":"Hexaghost","floor":16,"turns":3},{"damage":4,"enemies":"Chosen","floor":18,"turns":2},{"damage":0,"enemies":"Spheric Guardian","floor":19,"turns":2},{"damage":0,"enemies":"Replay:Snechameleon","floor":24,"turns":3},{"damage":10,"enemies":"Centurion and Healer","floor":28,"turns":3},{"damage":1,"enemies":"Gremlin Leader","floor":29,"turns":3},{"damage":2,"enemies":"Automaton","floor":33,"turns":5},{"damage":0,"enemies":"Orb Walker","floor":35,"turns":2},{"damage":0,"enemies":"3 Darklings","floor":36,"turns":2},{"damage":5,"enemies":"Transient","floor":39,"turns":5},{"damage":0,"enemies":"Jaw Worm Horde","floor":46,"turns":3},{"damage":21,"enemies":"Replay:Hell Engine","floor":50,"turns":6},{"damage":0,"enemies":"Jaw Worm","floor":52,"turns":1}],"seed_played":"-3532207489111194780","potions_obtained":[{"floor":4,"key":"Energy Potion"},{"floor":7,"key":"Toxic Potion"},{"floor":13,"key":"Strength Potion"},{"floor":14,"key":"Fruit Juice"},{"floor":18,"key":"SpeedPotion"},{"floor":28,"key":"Explosive Potion"},{"floor":29,"key":"LifebloodPotion"},{"floor":50,"key":"Toxic Potion"}],"is_trial":true,"path_per_floor":["M","?","$","M","?","R","E","R","T","M","R","?","E","M","R","B",null,"M","M","?","?","$","R","E","T","T","R","M","E","?","$","R","B",null,"M","M","?","$","M","R","?","R","T","$","?","M","?","?","R","B",null,"M"],"character_chosen":"DEFECT","items_purchased":["DataDisk","Guardian:PocketSentry","Self Repair","Guide Book","ReplayTheSpireMod:Fabricate Wheel","Orrery","Consume"],"campfire_rested":0,"item_purchase_floors":[3,22,22,22,31,38,44],"current_hp_per_floor":[75,75,75,75,64,64,64,64,64,64,64,64,64,64,64,69,80,76,76,60,60,60,60,70,70,70,70,70,79,79,79,79,80,80,80,80,80,80,80,80,80,80,80,80,80,80,80,80,80,79,80,80,80],"gold":205,"neow_bonus":"","is_daily":false,"chose_seed":false,"campfire_upgraded":9,"win_rate":0.0,"timestamp":1608629169,"path_taken":["M","?","$","M","?","R","E","R","T","M","R","?","E","?","R","BOSS","M","M","?","?","$","R","E","?","T","R","M","E","?","?","R","BOSS","M","M","?","$","M","R","?","R","T","?","?","M","?","?","R","BOSS","M"],"items_purchased_type":["Relic","Relic","Card","Relic","Card","Relic","Card"],"build_version":"2020-12-13","purchased_purges":2,"victory":false,"max_hp_per_floor":[75,75,75,75,75,75,75,75,75,75,75,75,75,75,75,80,80,80,80,80,80,80,80,80,80,80,80,80,80,80,80,80,80,80,80,80,80,80,80,80,80,80,80,80,80,80,80,80,80,80,80,80,80],"card_choices":[{"not_picked":["Steam","Hologram"],"picked":"Storm","floor":1},{"not_picked":["Coolheaded","Compile Driver"],"picked":"Ball Lightning","floor":4},{"not_picked":["Steam","Chill","Go for the Eyes"],"picked":"SKIP","floor":7},{"not_picked":["ReplayTheSpireMod:Reroute Power","Redo"],"picked":"Fission","floor":10},{"not_picked":["Stack","Compile Driver"],"picked":"Ball Lightning","floor":13},{"not_picked":["Doom and Gloom","Reprogram"],"picked":"Ball Lightning","floor":14},{"not_picked":["ReplayRNGCard","Hyperbeam"],"picked":"Core Surge","floor":16},{"not_picked":["Barrage+1","Rebound","Skim"],"picked":"SKIP","floor":18},{"not_picked":["Beam Cell","Panic Button","Compile Driver"],"picked":"SKIP","floor":19},{"not_picked":["Rebound","Scrape","Glacier"],"picked":"SKIP","floor":24},{"not_picked":["Time Bomb","BasicCrystalCard","Doom and Gloom"],"picked":"SKIP","floor":28},{"not_picked":["Turbo","Darkness","Rip and Tear"],"picked":"SKIP","floor":29},{"not_picked":["ReplayTheSpireMod:Reroute Power+1","Barrage+1","Rebound+1"],"picked":"SKIP","floor":35},{"not_picked":["Beam Cell+1","Compile Driver+1","Gash"],"picked":"SKIP","floor":35},{"not_picked":["Gash","Time Bomb"],"picked":"Steam","floor":36},{"not_picked":["Go for the Eyes","BasicCrystalCard","Hologram"],"picked":"SKIP","floor":36},{"not_picked":["Stack+1","Chaos+1"],"picked":"Seek","floor":38},{"not_picked":["Panic Button","Undo+1"],"picked":"Ball Lightning","floor":38},{"not_picked":["Compile Driver","Recycle+1"],"picked":"Self Repair+1","floor":38},{"not_picked":["Rebound","Glacier+1"],"picked":"Capacitor+1","floor":39},{"not_picked":["Compile Driver+1","FTL","Gash+1"],"picked":"SKIP","floor":39},{"not_picked":["Hello World","Aggregate+1"],"picked":"Buffer","floor":46},{"not_picked":["Leap","Gash","Auto Shields"],"picked":"SKIP","floor":46}],"player_experience":457912,"relics_obtained":[{"floor":7,"key":"sneckomod:BlankCard"},{"floor":9,"key":"Iron Hammer"},{"floor":13,"key":"Replay:Antivirus Software"},{"floor":24,"key":"Whetstone"},{"floor":25,"key":"Blue Candle"},{"floor":26,"key":"Grinning Jar"},{"floor":29,"key":"Bag of Preparation"},{"floor":43,"key":"Ornamental Fan"},{"floor":45,"key":"Orichalcum"},{"floor":49,"key":"Dream Catcher"}],"event_choices":[{"damage_healed":0,"gold_gain":175,"player_choice":"AGREE","damage_taken":115,"max_hp_gain":0,"max_hp_loss":0,"event_name":"betterThird:BetterSerpent","floor":2,"gold_loss":0},{"damage_healed":0,"gold_gain":75,"player_choice":"Gold","damage_taken":11,"max_hp_gain":0,"max_hp_loss":0,"event_name":"betterThird:BetterGoop","floor":5,"gold_loss":0},{"damage_healed":0,"gold_gain":0,"player_choice":"Take Wound","damage_taken":0,"relics_obtained":["Golden Idol"],"max_hp_gain":0,"max_hp_loss":0,"event_name":"Golden Idol","floor":12,"gold_loss":0,"cards_obtained":["Injury"]},{"damage_healed":0,"gold_gain":0,"player_choice":"Obtained Book","damage_taken":16,"max_hp_gain":0,"max_hp_loss":0,"event_name":"Cursed Tome","floor":20,"gold_loss":0},{"damage_healed":0,"gold_gain":0,"player_choice":"Ignored","damage_taken":0,"max_hp_gain":0,"max_hp_loss":0,"event_name":"Ghosts","floor":21,"gold_loss":0},{"damage_healed":0,"gold_gain":0,"player_choice":"Memory 1","damage_taken":0,"max_hp_gain":0,"max_hp_loss":0,"event_name":"SensoryStone","floor":37,"gold_loss":0},{"damage_healed":0,"gold_gain":0,"player_choice":"Got Potions","damage_taken":0,"max_hp_gain":0,"max_hp_loss":0,"event_name":"Lab","floor":41,"gold_loss":0},{"cards_removed":["Pot Of Greed"],"damage_healed":0,"gold_gain":0,"player_choice":"Removed Skill","damage_taken":0,"max_hp_gain":0,"max_hp_loss":0,"event_name":"Falling","floor":48,"gold_loss":0}],"is_beta":false,"boss_relics":[{"not_picked":["Ring of Chaos","Black Star"],"picked":"expansioncontent:StudyCardRelic"},{"not_picked":["Runic Pyramid","SlaversCollar"],"picked":"sneckomod:SneckoTalon"},{"not_picked":["Astrolabe","Runic Dome","Runesmith:UraniumAnvil"]}],"items_purged_floors":[3,38],"is_endless":true,"potions_floor_spawned":[4,7,13,14,18,28,29,50],"killed_by":"Jaw Worm","ascension_level":0}}