{"host":"0cgp910o8339lr91","time":1608658917,"event":{"mods":["BaseMod","Colored Map","Filter the Spire","Minty Spire (QoL Compilation)","Relic Stats","Slay-I","ojb\u0027s Better Paths Mod","ojb\u0027s Info Mod"],"gold_per_floor":[114,114,126,141,156,184,184,109,109,138,151,178,25,51,51,147,147,163,163,163,176,176,188,200,246,340,385,422,434,479,416,428,536,548,575,381,435,452,463,790,840,840,840,840,854,886,535,445,445,445,445,445,49,74,74],"floor_reached":56,"playtime":4324,"items_purged":["Strike_B","Defend_B","Dualcast"],"score":1745,"play_id":"03a5c3f5-c67f-404c-9797-1713bc65e51f","local_time":"20201222184157","is_ascension_mode":true,"campfire_choices":[{"data":"Genetic Algorithm","floor":7.0,"key":"SMITH"},{"data":"Defragment","floor":15.0,"key":"SMITH"},{"data":"Biased Cognition","floor":23.0,"key":"SMITH"},{"data":"Electrodynamics","floor":29.0,"key":"SMITH"},{"data":"Rainbow","floor":32.0,"key":"SMITH"},{"data":"Strike_B","floor":42.0,"key":"PURGE"},{"data":"Defend_B","floor":44.0,"key":"PURGE"},{"floor":49.0,"key":"RECALL"},{"data":"Loop","floor":52,"key":"SMITH"}],"circlet_count":0,"master_deck":["Zap","Steam Power","Chill","Genetic Algorithm+1","Doom and Gloom+1","Chill","Defragment+1","Compile Driver","Hologram","Self Repair","FTL","Biased Cognition+1","Barrage+1","Turbo+1","Double Energy+1","Coolheaded+1","Cold Snap+1","Rainbow+1","Electrodynamics+1","Echo Form","Hologram+1","Compile Driver","Conserve Battery","Hologram+1","Sweeping Beam+1","Echo Form","Heatsinks","Coolheaded+1","Undo","Loop+1"],"relics":["Coffee Dripper","Mercury Hourglass","Cables","Kunai","Potion Belt","ClockworkSouvenir","Odd Mushroom","Astrolabe","Toy Ornithopter","MawBank","Blue Candle","Bottled Lightning","Darkstone Periapt","Red Mask","Smiling Mask","Inserter","Juzu Bracelet","Prayer Wheel","Old Coin","Peace Pipe","Regal Pillow","Membership Card","Singing Bowl","HornCleat","Toolbox","Sundial","Ornamental Fan"],"acts_visited":["Exordium","TheCity","TheBeyond","TheEnding"],"potions_floor_usage":[50,55,55,55,55],"damage_taken":[{"damage":8.0,"enemies":"2 Louse","floor":1.0,"turns":3.0},{"damage":0.0,"enemies":"Cultist","floor":3.0,"turns":4.0},{"damage":0.0,"enemies":"Small Slimes","floor":4.0,"turns":4.0},{"damage":3.0,"enemies":"Looter","floor":5.0,"turns":4.0},{"damage":27.0,"enemies":"Gremlin Nob","floor":6.0,"turns":5.0},{"damage":0.0,"enemies":"3 Sentries","floor":10.0,"turns":5.0},{"damage":0.0,"enemies":"3 Louse","floor":11.0,"turns":2.0},{"damage":0.0,"enemies":"Lagavulin","floor":12.0,"turns":5.0},{"damage":0.0,"enemies":"The Mushroom Lair","floor":14.0,"turns":4.0},{"damage":22.0,"enemies":"The Guardian","floor":16.0,"turns":9.0},{"damage":0.0,"enemies":"Spheric Guardian","floor":18.0,"turns":5.0},{"damage":0.0,"enemies":"2 Thieves","floor":21.0,"turns":3.0},{"damage":15.0,"enemies":"Book of Stabbing","floor":25.0,"turns":6.0},{"damage":1.0,"enemies":"Gremlin Leader","floor":27.0,"turns":5.0},{"damage":4.0,"enemies":"Masked Bandits","floor":28.0,"turns":4.0},{"damage":15.0,"enemies":"Book of Stabbing","floor":30.0,"turns":4.0},{"damage":9.0,"enemies":"Champ","floor":33.0,"turns":9.0},{"damage":0.0,"enemies":"3 Shapes","floor":35.0,"turns":4.0},{"damage":0.0,"enemies":"2 Orb Walkers","floor":37.0,"turns":4.0},{"damage":0.0,"enemies":"Orb Walker","floor":38.0,"turns":5.0},{"damage":0.0,"enemies":"Jaw Worm Horde","floor":39.0,"turns":3.0},{"damage":21.0,"enemies":"Reptomancer","floor":40.0,"turns":6.0},{"damage":16.0,"enemies":"Mind Bloom Boss Battle","floor":41.0,"turns":6.0},{"damage":15.0,"enemies":"4 Shapes","floor":45.0,"turns":3.0},{"damage":6.0,"enemies":"Nemesis","floor":46.0,"turns":7.0},{"damage":12,"enemies":"Time Eater","floor":50,"turns":10},{"damage":12,"enemies":"Shield and Spear","floor":54,"turns":5},{"damage":37,"enemies":"The Heart","floor":55,"turns":10}],"seed_played":"864893181785374350","potions_obtained":[{"floor":2.0,"key":"DuplicationPotion"},{"floor":2.0,"key":"CultistPotion"},{"floor":2.0,"key":"Energy Potion"},{"floor":5.0,"key":"Block Potion"},{"floor":6.0,"key":"Regen Potion"},{"floor":12.0,"key":"Dexterity Potion"},{"floor":16.0,"key":"SpeedPotion"},{"floor":27.0,"key":"BlessingOfTheForge"},{"floor":28.0,"key":"Ancient Potion"},{"floor":40.0,"key":"FocusPotion"},{"floor":41.0,"key":"Swift Potion"}],"is_trial":false,"path_per_floor":["M","?","M","M","M","E","R","$","T","E","M","E","$","?","R","B",null,"M","?","?","M","?","R","$","E","T","E","?","R","E","?","R","B",null,"M","$","?","M","M","E","?","R","T","R","M","E","$","?","R","B",null,"R","$","E","B",null],"character_chosen":"DEFECT","items_purchased":["Defragment","ClockworkSouvenir","Juzu Bracelet","Membership Card","Singing Bowl","Loop","HornCleat","Toolbox","Sundial","AttackPotion"],"campfire_rested":0,"item_purchase_floors":[8,13,36,47,47,47,53,53,53,53],"current_hp_per_floor":[60,60,60,60,57,30,30,30,30,30,30,30,30,37,37,22,62,69,69,55,67,67,67,67,59,59,65,73,73,58,58,58,56,74,74,74,74,80,80,59,50,50,50,50,42,43,43,43,43,50,73,73,73,70,60],"gold":74,"neow_bonus":"BOSS_RELIC","is_daily":false,"chose_seed":false,"campfire_upgraded":6,"win_rate":0.0,"timestamp":1608658917,"path_taken":["M","?","M","?","M","E","R","$","T","E","M","E","$","?","R","BOSS","M","?","?","M","?","R","$","E","T","E","?","R","E","?","R","BOSS","M","$","?","M","M","E","?","R","T","R","M","E","$","?","R","BOSS","R","$","E","BOSS"],"items_purchased_type":["Card","Relic","Relic","Relic","Relic","Card","Relic","Relic","Relic","Potion"],"build_version":"2020-12-13","purchased_purges":3,"victory":true,"max_hp_per_floor":[75,75,75,75,75,75,75,75,75,75,75,75,75,75,75,75,75,75,75,80,80,80,80,80,80,80,80,80,80,80,80,80,80,80,80,80,80,80,80,80,80,80,80,80,80,80,80,80,80,80,80,80,80,82,82],"relic_stats":{"Darkstone Periapt":0,"Regal Pillow":0,"Inserter":[31],"Singing Bowl":2,"counters":[28,143],"Astrolabe":["Barrage","Turbo","Double Energy"],"Blue Candle":[1],"Juzu Bracelet":0,"MawBank":168,"Smiling Mask":38,"Mercury Hourglass":[471],"Cables":[99,28,52,19,0],"Peace Pipe":2,"Sundial":[0],"Ornamental Fan":[4],"Prayer Wheel":3,"Kunai":[24],"obtain_stats":[{"Darkstone Periapt":27,"Regal Pillow":46,"Singing Bowl":47,"Juzu Bracelet":36,"Smiling Mask":30,"ClockworkSouvenir":13,"Old Coin":40,"HornCleat":53,"Sundial":53,"Toolbox":53,"Prayer Wheel":37,"Red Mask":28,"Kunai":10,"Cracked Core":0,"Potion Belt":12,"Inserter":34,"Astrolabe":17,"Blue Candle":25,"Odd Mushroom":14,"MawBank":22,"Mercury Hourglass":6,"Cables":9,"Peace Pipe":41,"Ornamental Fan":54,"Coffee Dripper":0,"Bottled Lightning":26,"Membership Card":47,"Toy Ornithopter":19},{"Darkstone Periapt":14,"Regal Pillow":25,"Singing Bowl":25,"Juzu Bracelet":18,"Smiling Mask":16,"ClockworkSouvenir":8,"Old Coin":22,"HornCleat":26,"Sundial":26,"Toolbox":26,"Prayer Wheel":19,"Red Mask":15,"Kunai":6,"Cracked Core":0,"Potion Belt":8,"Inserter":17,"Astrolabe":10,"Blue Candle":13,"Odd Mushroom":9,"MawBank":12,"Mercury Hourglass":5,"Cables":5,"Peace Pipe":23,"Ornamental Fan":27,"Coffee Dripper":0,"Bottled Lightning":13,"Membership Card":25,"Toy Ornithopter":11},{"Darkstone Periapt":64,"Regal Pillow":119,"Singing Bowl":119,"Juzu Bracelet":85,"Smiling Mask":72,"ClockworkSouvenir":32,"Old Coin":103,"HornCleat":129,"Sundial":129,"Toolbox":129,"Prayer Wheel":89,"Red Mask":68,"Kunai":25,"Cracked Core":0,"Potion Belt":32,"Inserter":81,"Astrolabe":45,"Blue Candle":59,"Odd Mushroom":36,"MawBank":53,"Mercury Hourglass":20,"Cables":20,"Peace Pipe":109,"Ornamental Fan":133,"Coffee Dripper":0,"Bottled Lightning":59,"Membership Card":119,"Toy Ornithopter":50}],"Toy Ornithopter":35},"card_choices":[{"not_picked":["Go for the Eyes","Turbo"],"picked":"Steam Power","floor":1.0},{"not_picked":["Turbo","Ball Lightning"],"picked":"Chill","floor":3.0},{"not_picked":["Barrage","Go for the Eyes"],"picked":"Genetic Algorithm","floor":4.0},{"not_picked":["Barrage","Coolheaded"],"picked":"Doom and Gloom","floor":5.0},{"not_picked":["Hello World","Melter"],"picked":"Chill","floor":6.0},{"not_picked":["Sweeping Beam","Gash"],"picked":"Compile Driver","floor":10.0},{"not_picked":["Streamline","Ball Lightning"],"picked":"Hologram","floor":11.0},{"not_picked":["Hello World","Steam Power"],"picked":"Self Repair","floor":12.0},{"not_picked":["Storm","Turbo"],"picked":"FTL","floor":14.0},{"not_picked":["Electrodynamics","Amplify"],"picked":"Biased Cognition","floor":16.0},{"not_picked":["Hologram","Barrage"],"picked":"Coolheaded+1","floor":18.0},{"not_picked":["Ball Lightning","Reprogram"],"picked":"Cold Snap+1","floor":21.0},{"not_picked":["Melter","Heatsinks"],"picked":"Rainbow","floor":25.0},{"not_picked":["Biased Cognition","Genetic Algorithm+1"],"picked":"Electrodynamics","floor":27.0},{"not_picked":["Doom and Gloom+1","Heatsinks","Barrage"],"picked":"SKIP","floor":30.0},{"not_picked":["Creative AI","Amplify"],"picked":"Echo Form","floor":33.0},{"not_picked":["Gash","Turbo","Go for the Eyes"],"picked":"SKIP","floor":35.0},{"not_picked":["Leap","Steam"],"picked":"Hologram+1","floor":37.0},{"not_picked":["Streamline+1","Auto Shields"],"picked":"Compile Driver","floor":38.0},{"not_picked":["Conserve Battery","Scrape","Sweeping Beam"],"picked":"SKIP","floor":38.0},{"not_picked":["Scrape","Sweeping Beam"],"picked":"Conserve Battery","floor":38.0},{"not_picked":["Stack+1","Chaos+1"],"picked":"Hologram+1","floor":39.0},{"not_picked":["Beam Cell","Gash"],"picked":"Sweeping Beam+1","floor":39.0},{"not_picked":["Leap+1","Redo"],"picked":"Echo Form","floor":40.0},{"not_picked":["Compile Driver+1","Rebound"],"picked":"Heatsinks","floor":41.0},{"not_picked":["Conserve Battery+1","Barrage+1"],"picked":"Coolheaded+1","floor":45.0},{"not_picked":["Cold Snap+1","Sweeping Beam+1"],"picked":"Undo","floor":45.0},{"not_picked":["Ball Lightning+1","Amplify","Leap+1"],"picked":"SKIP","floor":46.0},{"not_picked":["Cold Snap","Lockon+1","Blizzard"],"picked":"Singing Bowl","floor":54}],"player_experience":961347,"relics_obtained":[{"floor":6.0,"key":"Mercury Hourglass"},{"floor":9.0,"key":"Cables"},{"floor":10.0,"key":"Kunai"},{"floor":12.0,"key":"Potion Belt"},{"floor":14.0,"key":"Odd Mushroom"},{"floor":25.0,"key":"Blue Candle"},{"floor":26.0,"key":"Bottled Lightning"},{"floor":27.0,"key":"Darkstone Periapt"},{"floor":28.0,"key":"Red Mask"},{"floor":30.0,"key":"Smiling Mask"},{"floor":37.0,"key":"Prayer Wheel"},{"floor":40.0,"key":"Old Coin"},{"floor":41.0,"key":"Peace Pipe"},{"floor":46.0,"key":"Regal Pillow"},{"floor":54,"key":"Ornamental Fan"}],"event_choices":[{"damage_healed":0.0,"max_hp_gain":0.0,"max_hp_loss":0.0,"gold_gain":0.0,"event_name":"Lab","player_choice":"Got Potions","floor":2.0,"gold_loss":0.0,"damage_taken":0.0},{"damage_healed":0.0,"max_hp_gain":0.0,"max_hp_loss":0.0,"gold_gain":0.0,"event_name":"Mushrooms","player_choice":"Fought Mushrooms","floor":14.0,"gold_loss":0.0,"damage_taken":0.0},{"damage_healed":0.0,"max_hp_gain":0.0,"max_hp_loss":0.0,"gold_gain":0.0,"event_name":"The Mausoleum","player_choice":"Opened","floor":19.0,"gold_loss":0.0,"damage_taken":0.0,"relics_obtained":["Toy Ornithopter"]},{"damage_healed":0.0,"max_hp_gain":5.0,"max_hp_loss":0.0,"gold_gain":0.0,"event_name":"Forgotten Altar","player_choice":"Shed Blood","floor":20.0,"gold_loss":0.0,"damage_taken":19.0},{"damage_healed":0.0,"max_hp_gain":0.0,"max_hp_loss":0.0,"gold_gain":0.0,"event_name":"Addict","player_choice":"Stole Relic","floor":22.0,"gold_loss":0.0,"damage_taken":0.0,"relics_obtained":["MawBank"],"cards_obtained":["Shame"]},{"damage_healed":0.0,"max_hp_gain":0.0,"max_hp_loss":0.0,"gold_gain":0.0,"event_name":"Masked Bandits","player_choice":"Fought Bandits","floor":28.0,"gold_loss":0.0,"damage_taken":0.0},{"cards_removed":["Shame"],"damage_healed":0.0,"max_hp_gain":0.0,"max_hp_loss":0.0,"gold_gain":0.0,"event_name":"Beggar","player_choice":"Gave Gold","floor":31.0,"gold_loss":75.0,"damage_taken":0.0},{"damage_healed":0.0,"max_hp_gain":0.0,"max_hp_loss":0.0,"gold_gain":0.0,"event_name":"Mysterious Sphere","player_choice":"Fight","floor":37.0,"gold_loss":0.0,"damage_taken":0.0},{"damage_healed":0.0,"max_hp_gain":0.0,"max_hp_loss":0.0,"gold_gain":0.0,"event_name":"MindBloom","player_choice":"Fight","floor":41.0,"gold_loss":0.0,"damage_taken":0.0},{"cards_removed":["Defend_B"],"damage_healed":0.0,"max_hp_gain":0.0,"max_hp_loss":0.0,"gold_gain":0.0,"event_name":"Designer","player_choice":"Upgrade and Remove","floor":48.0,"gold_loss":90.0,"damage_taken":0.0,"cards_upgraded":["Doom and Gloom"]}],"is_beta":false,"boss_relics":[{"not_picked":["Velvet Choker","Tiny House"],"picked":"Astrolabe"},{"not_picked":["Fusion Hammer","Empty Cage"],"picked":"Inserter"}],"items_purged_floors":[36,47,53],"is_endless":false,"potions_floor_spawned":[5,6,12,16,27,28,38,40,41],"ascension_level":7}}