{"host":"yd9r7zy2pq4z3cad","time":1608639971,"event":{"mods":["AchievementEnabler","Act Like it!","Astrologer","BaseMod","Beaked The Cultist","Better Third Choice","BetterRewards","Colored Map","Colored Powertips","Conspire","Curses Come First","Displayed Cursed Tome","Downfall","Elementarium","GifTheSpireLib","Halation","Hallownest","Hermit","Highlight Path","Hubris","Infinite Spire","Jorbs\u0027s Wanderer Trilogy","Menagerie","Minty Spire (QoL Compilation)","Pale of the Ancients","Permanent Neow","Rare Cards Sparkle","Relic Sorter","Relic Stats","Replay The Spire","Shade Mod","StSLib","Stuff the Spire","The Alterego","The Blackbeard","The Bladedancer","The Bug Knight","The Cursed","The Dragon Tamer","The Exalted","The Factory","The Forsaken","The Gatherer","The Hierophant","The Jungle","The Mystic","The Necromancer","The Problem Sleuth","The Runesmith","The Servant 0.9.4","The Spell Scribe","vexMod"],"gold_per_floor":[113,113,113,38,38,38,57,57,139,139,158,181,197,241,241,362,362,387,387,387,405,420,458,479,479,479],"floor_reached":25,"playtime":1417,"items_purged":["alterego_mod:BigMeatyClaws","alterego_mod:Strike"],"score":248,"play_id":"b60aeb2e-77ca-4481-bc60-428e65a7f564","local_time":"20201222172611","is_ascension_mode":false,"campfire_choices":[{"data":"alterego_mod:BrynhildrsRune","floor":6,"key":"SMITH"},{"floor":10,"key":"REST"}],"circlet_count":0,"master_deck":["alterego_mod:Strike","alterego_mod:Strike","alterego_mod:Strike","alterego_mod:Defend","alterego_mod:Defend","alterego_mod:Defend","alterego_mod:Defend","alterego_mod:Impale","alterego_mod:BrynhildrsRune+1","alterego_mod:SakuraFive","alterego_mod:BiFurious","alterego_mod:Maid","Pot Of Greed","Pot Of Greed+1","alterego_mod:Weigh","alterego_mod:GoddessCore+1","alterego_mod:RidiculouslyBig"],"relics":["alterego_mod:MasochisticConstitution","halation:PinkSoulGem","Golden Idol","Chameleon Ring","Grinning Jar","Menagerie:ShiftingBlessing","conspire:SpecialSausage","Bromod:ArcaneAwakening","vexMod:MysteryBossChallenge","Bromod:ArcaneGrace","vexMod:Dragonfruit"],"acts_visited":["Menagerie:Menagerie","TheCity"],"potions_floor_usage":[14,14,18,24],"damage_taken":[{"damage":1,"enemies":"Menagerie:StygianBoar","floor":1,"turns":7},{"damage":0,"enemies":"Menagerie:2_RABBITS","floor":7,"turns":6},{"damage":15,"enemies":"Menagerie:MonstrousExperiment","floor":11,"turns":6},{"damage":6,"enemies":"Menagerie:3_RABBITS","floor":12,"turns":6},{"damage":5,"enemies":"Menagerie:RedMage","floor":13,"turns":4},{"damage":8,"enemies":"Menagerie:VoidReaper","floor":14,"turns":6},{"damage":30,"enemies":"Menagerie:Suneater","floor":16,"turns":7},{"damage":25,"enemies":"3 Byrds","floor":18,"turns":5},{"damage":24,"enemies":"2 Thieves","floor":21,"turns":3},{"damage":24,"enemies":"Cultist and Chosen","floor":22,"turns":6},{"damage":51,"enemies":"Slavers","floor":23,"turns":5},{"damage":16,"enemies":"Snecko","floor":24,"turns":5},{"damage":12,"enemies":"Gremlin Leader","floor":25,"turns":1}],"seed_played":"4660981527684551645","potions_obtained":[{"floor":7,"key":"SteroidPotion"},{"floor":11,"key":"FearPotion"},{"floor":13,"key":"SkillPotion"},{"floor":23,"key":"SpeedPotion"}],"is_trial":false,"path_per_floor":["M","?","?","$","?","R","M","?","T","R","M","M","M","E","R_BF","B",null,"M","?","AVR","M","M","E","M","E"],"character_chosen":"The_Alterego","items_purchased":[],"campfire_rested":1,"item_purchase_floors":[],"current_hp_per_floor":[74,69,69,69,69,69,69,74,74,74,67,76,72,72,63,41,79,69,69,69,47,41,22,8,0,0],"gold":479,"neow_bonus":"RANDOM_EVENT","is_daily":false,"chose_seed":false,"campfire_upgraded":1,"win_rate":0.0,"timestamp":1608639971,"path_taken":["M","?","?","$","?","R","M","?","T","R","M","M","M","E","R_BF","BOSS","M","?","AVR","M","M","E","?","E"],"items_purchased_type":[],"build_version":"2020-12-13","purchased_purges":2,"victory":false,"max_hp_per_floor":[74,69,69,69,69,69,69,74,74,74,75,76,77,78,78,79,79,80,80,80,81,82,88,89,89,89],"relic_stats":{"counters":[23,121],"Golden Idol":73,"obtain_stats":[{"ReplayTheSpireMod:Ring of Exchange":8,"alterego_mod:MasochisticConstitution":0,"Bromod:ArcaneGrace":20,"downfall:HeartBlessingRed":5,"Bromod:ArcaneNullifier":16,"Menagerie:ShiftingBlessing":15,"Golden Idol":2,"Runesmith:Locket":11,"vexMod:MysteryBossChallenge":20,"conspire:SpecialSausage":17,"hubris:Towel":4,"Bromod:ArcaneAwakening":20,"vexMod:Dragonfruit":23,"Chameleon Ring":9,"downfall:HeartBlessingBlue":10,"Ring of Misfortune":8,"Grinning Jar":14,"halation:PinkSoulGem":5},{"ReplayTheSpireMod:Ring of Exchange":2,"alterego_mod:MasochisticConstitution":0,"Bromod:ArcaneGrace":18,"downfall:HeartBlessingRed":2,"Bromod:ArcaneNullifier":5,"Menagerie:ShiftingBlessing":16,"Golden Idol":11,"Runesmith:Locket":3,"vexMod:MysteryBossChallenge":18,"conspire:SpecialSausage":17,"hubris:Towel":2,"Bromod:ArcaneAwakening":18,"vexMod:Dragonfruit":21,"Chameleon Ring":12,"downfall:HeartBlessingBlue":2,"Ring of Misfortune":2,"Grinning Jar":16,"halation:PinkSoulGem":11},{"ReplayTheSpireMod:Ring of Exchange":10,"alterego_mod:MasochisticConstitution":0,"Bromod:ArcaneGrace":101,"downfall:HeartBlessingRed":10,"Bromod:ArcaneNullifier":25,"Menagerie:ShiftingBlessing":89,"Golden Idol":61,"Runesmith:Locket":17,"vexMod:MysteryBossChallenge":101,"conspire:SpecialSausage":96,"hubris:Towel":10,"Bromod:ArcaneAwakening":101,"vexMod:Dragonfruit":115,"Chameleon Ring":67,"downfall:HeartBlessingBlue":10,"Ring of Misfortune":10,"Grinning Jar":89,"halation:PinkSoulGem":61}]},"card_choices":[{"not_picked":["alterego_mod:Cycle","alterego_mod:Smother"],"picked":"alterego_mod:SakuraFive","floor":1},{"not_picked":["alterego_mod:Exercise","alterego_mod:1TonWallop"],"picked":"alterego_mod:BiFurious","floor":7},{"not_picked":["alterego_mod:Rip","alterego_mod:MagicResistance"],"picked":"alterego_mod:Maid","floor":11},{"not_picked":["alterego_mod:SakuraPetals","alterego_mod:TrashNCrash","alterego_mod:1TonWallop"],"picked":"SKIP","floor":12},{"not_picked":["alterego_mod:STier","alterego_mod:DiscoLights","alterego_mod:DestructionOfProperty"],"picked":"SKIP","floor":13},{"not_picked":["alterego_mod:Smother","alterego_mod:PerceptionDisorder","alterego_mod:DeftHands"],"picked":"SKIP","floor":14},{"not_picked":["alterego_mod:VirginLaserPalladion","alterego_mod:STier"],"picked":"alterego_mod:Weigh","floor":16},{"not_picked":["alterego_mod:SakuraPetals","alterego_mod:Cycle","alterego_mod:Valentines"],"picked":"SKIP","floor":18},{"not_picked":["alterego_mod:HighServant","alterego_mod:SuperDuperMasochism"],"picked":"alterego_mod:GoddessCore+1","floor":21},{"not_picked":["alterego_mod:Pet","alterego_mod:Jiggle+1"],"picked":"alterego_mod:RidiculouslyBig","floor":22},{"not_picked":["alterego_mod:1TonWallop","alterego_mod:Nekomimi","alterego_mod:GachaTicket+1"],"picked":"SKIP","floor":23},{"not_picked":["alterego_mod:BreastValley+1","alterego_mod:Complex","alterego_mod:DustData"],"picked":"SKIP","floor":24}],"player_experience":130074,"relics_obtained":[{"floor":9,"key":"Chameleon Ring"},{"floor":14,"key":"Grinning Jar"},{"floor":23,"key":"vexMod:Dragonfruit"}],"event_choices":[{"damage_healed":0,"gold_gain":0,"player_choice":"Lose Max HP","damage_taken":0,"relics_obtained":["Golden Idol"],"max_hp_gain":0,"max_hp_loss":5,"event_name":"Golden Idol","floor":2,"gold_loss":0},{"damage_healed":0,"gold_gain":0,"player_choice":"Leave","damage_taken":0,"max_hp_gain":0,"max_hp_loss":0,"event_name":"conspire:Investor","floor":3,"gold_loss":0},{"damage_healed":0,"gold_gain":0,"player_choice":"Shield","damage_taken":0,"max_hp_gain":5,"max_hp_loss":0,"event_name":"Menagerie:HarrowingRitual","floor":8,"gold_loss":0},{"damage_healed":0,"gold_gain":0,"player_choice":"Touch","damage_taken":9,"relics_obtained":["Menagerie:ShiftingBlessing"],"max_hp_gain":0,"max_hp_loss":0,"event_name":"Menagerie:LunarGift","floor":15,"gold_loss":0},{"damage_healed":0,"gold_gain":0,"player_choice":"Upgraded","damage_taken":0,"max_hp_gain":0,"max_hp_loss":0,"event_name":"Upgrade Shrine","floor":19,"gold_loss":0,"cards_upgraded":["Pot Of Greed"]}],"is_beta":false,"boss_relics":[{"not_picked":["vexMod:CursedCompass","Fusion Hammer"],"picked":"conspire:SpecialSausage"}],"items_purged_floors":[4,20],"is_endless":false,"potions_floor_spawned":[7,11,13,23],"killed_by":"Gremlin Leader","ascension_level":0}}